1942 3204
712 219 1023 259 coRoLLAmv
1027 219 1065 258 Μ
1559 219 1653 257 LXV

243 332 443 398 Ceterum
487 332 717 376 confictum
761 348 787 376 a
830 332 1000 376 rhetore
1038 331 1292 375 versiculum
1337 330 1496 374 habere
1533 347 1659 375 nemo

123 406 268 464 potuit
302 406 387 450 nisi
425 405 498 462 qui
536 420 614 448 nec
652 404 706 448 ad
743 405 883 461 ipsam
921 404 1275 460 disputationem,
1320 404 1373 445 ad
1417 419 1546 460 quam
1590 404 1660 446 ille

122 478 328 535 pertinet,
365 492 443 520 nec
481 477 658 520 omnino
697 476 750 519 ad
788 475 1005 519 Cornificii
1050 478 1186 518 artem
1224 490 1429 532 umquam
1468 476 1659 518 animum

123 549 388 593 attendisset.
452 549 533 599 Qui
566 549 738 604 ineptus
769 548 938 604 fuisset,
976 548 1013 590 si
1045 547 1098 590 ad
1131 547 1222 591 eius
1253 548 1528 603 potissimum
1561 548 1659 589 arti-

121 622 340 678 ficii,*quo
372 621 504 663 verba
534 621 580 663 in
605 619 814 663 memoria
843 619 982 662 teneri
1014 619 1359 662 demonstratum
1390 619 1490 675 iret,
1522 632 1659 660 exem-

120 693 241 750 plum
266 693 411 736 nescio
444 706 571 748 quem
597 691 831 747 senarium,
863 691 1116 734 mendosum
1146 691 1339 748 insuper,
1371 691 1509 734 invita
1534 689 1661 732 Musa

121 765 290 808 edolare
322 779 452 822 quam
478 779 501 806 e
528 777 707 807 scaenae
738 764 1036 819 promptuario
1065 766 1214 819 aptum
1240 766 1478 820 notumque
1504 762 1661 819 eligere

122 837 354 879 maluisset.
416 835 531 878 Nam
562 835 921 879 eur-elocutionis
952 838 1182 891 praecepta
1215 836 1321 891 suis,
1359 849 1449 877 non
1480 834 1662 876 aliorum

120 908 325 964 exemplis
357 907 667 964 inlustraverit,
705 910 773 950 sat
803 907 975 963 copiose
1012 907 1104 963 ipse
1145 908 1190 950 in
1221 906 1488 963 praefatione
1521 905 1662 961 quarti

123 980 222 1023 libri
253 980 497 1022 declaravit.

242 1050 295 1095 V.
325 1052 395 1094 27.
452 1051 603 1094 Lucilii
641 1066 811 1094 versum
849 1050 894 1094 C.
926 1050 984 1093 M.
1014 1050 1241 1104 Francken
1279 1051 1323 1093 in
1363 1049 1662 1093 Coniectaneis

121 1122 282 1165 criticis
320 1138 359 1178 p.
392 1123 450 1165 20
481 1122 597 1165 Ulixi
635 1123 788 1166 tribuit
828 1123 1003 1166 Graecis
1041 1122 1337 1178 exprobranti,
1375 1122 1488 1177 quod
1527 1121 1662 1163 invito

122 1194 451 1251 Agamemnone
488 1209 624 1250 paene
667 1206 799 1238 naves
843 1194 1211 1250 conscendissent,
1250 1196 1297 1236 ut
1335 1196 1401 1236 est
1436 1195 1482 1236 in
1515 1193 1662 1235 Iliadis

124 1266 235 1309 libro
252 1257 464 1317 secundo.

240 1337 293 1380 V.
318 1338 377 1380 45
406 1353 466 1394 sq.
512 1328 629 1388 Quae
650 1338 936 1382 Buechelerus
968 1338 1194 1394 proposuit
1226 1338 1493 1380 senariorum
1527 1339 1663 1379 frusta

764 1426 853 1454 non
884 1411 1022 1453 multa
1052 1425 1221 1465 peccas,
1254 1411 1320 1452 set
1350 1412 1496 1452 tamen

550 1483 701 1538 peccas
729 1498 738 1525 :
765 1485 808 1524 te
840 1495 987 1538 regere
1019 1483 1196 1538 possum

124 1553 230 1596 mihi
261 1568 350 1596 non
382 1554 487 1596 satis
518 1555 694 1597 faciunt.
743 1553 858 1597 Nam
889 1557 934 1596 et
964 1552 1182 1596 Ciceronis
1215 1554 1344 1596 verba
1375 1554 1567 1609 proxime
1600 1569 1662 1596 se-

125 1626 302 1680 quentia
333 1628 401 1667 ‘at
431 1640 512 1682 ego
539 1626 759 1668 verissime
791 1626 970 1668 dixerim
1002 1640 1176 1680 peecare
1208 1628 1251 1667 te
1278 1625 1386 1668 nihil
1412 1641 1550 1682 neque
1575 1626 1663 1668 ulla

124 1698 169 1739 in
206 1712 251 1739 rc
289 1703 382 1738 esse
426 1697 690 1752 huiusmodi,
732 1699 782 1739 ut
823 1697 1102 1753 corrigendus
1147 1698 1290 1752 potius
1335 1712 1466 1752 quam
1509 1697 1663 1738 leniter

125 1768 405 1811 inflectendus
437 1782 530 1810 esse
563 1768 751 1810 videare'
785 1768 981 1824 flagitare
1016 1769 1061 1810 in
1093 1771 1244 1823 poetae
1278 1768 1418 1811 verbis
1449 1769 1487 1811 si
1518 1768 1660 1810 viden-

124 1842 213 1895 tur,
256 1842 300 1882 et
341 1840 454 1894 perit
498 1854 592 1882 meo
638 1855 766 1882 sensu
811 1840 929 1895 lepos
972 1842 1016 1882 et
1059 1854 1238 1882 acumen
1277 1840 1534 1894 sententiae,
1578 1839 1662 1880 nisi

126 1911 275 1954 eodem
313 1925 436 1953 versu
466 1925 611 1966 peccas
647 1911 753 1953 illud
789 1911 1008 1966 repetitur.
1077 1910 1377 1967 Septenarium
1419 1910 1662 1965 iambicum,

125 1983 244 2026 cuius
282 1983 329 2025 in
366 1983 644 2025 adnotatione
682 1983 925 2038 exemplum
964 1983 1185 2038 proposui,
1223 1983 1352 2025 etiam
1391 1982 1451 2024 sic
1492 1982 1661 2037 explere

127 2058 341 2110 poteram,
373 2057 422 2096 ut
452 2054 593 2096 media
623 2055 690 2097 sin
723 2058 858 2097 tamen
889 2054 1132 2096 insererem.

244 2126 296 2169 V.
329 2126 383 2168 67
420 2140 480 2182 sq.
543 2125 596 2167 In
628 2125 860 2168 octonariis
892 2114 1088 2168 iambicis
1120 2125 1370 2168 Buecheleri

960 2197 1224 2252 ignominiae
1256 2211 1394 2239 nouae

285 2270 429 2330 dolore
461 2269 598 2312 uictor
628 2268 820 2311 insolens
853 2283 897 2310 se
929 2267 1094 2311 uictum
1125 2284 1213 2310 non
1245 2267 1388 2323 potuit
1419 2268 1509 2323 pati

129 2339 284 2383 idonea
315 2341 669 2397 interpretatione
695 2342 812 2382 caret
841 2340 1029 2383 insolens.
1074 2339 1221 2382 Potuit
1249 2340 1363 2382 enim
1390 2339 1663 2394 ignominiae,

125 2428 212 2455 non
244 2412 386 2468 potuit
416 2427 551 2455 novae
583 2412 845 2468 ignominiae
883 2412 1073 2454 insolens
1106 2412 1240 2454 victor
1277 2406 1424 2453 dolore
1458 2415 1657 2466 acceptae

131 2483 322 2526 adfectus
354 2483 448 2527 dici.

246 2553 309 2596 De
341 2555 534 2598 versibus
565 2555 634 2598 42.
667 2554 736 2598 54.
768 2555 822 2597 81
856 2569 896 2609 p.
927 2553 1048 2609 XXI,
1081 2553 1131 2595 de
1166 2554 1220 2595 73
1253 2569 1291 2608 p.
1324 2553 1404 2595 XX
1437 2554 1534 2595 dixi.

245 2626 297 2669 V.
329 2627 387 2669 90
426 2627 645 2669 interuasit
681 2626 940 2682 optimorum
978 2626 1186 2668 librorum
1225 2625 1478 2679 scripturam
1517 2628 1660 2666 tuetur

134 2697 416 2741 Buechelerus
448 2697 706 2752 comparatis
738 2697 995 2740 intervenire
1033 2696 1294 2739 intercedere
1327 2696 1502 2737 interire
1534 2696 1661 2737 iuter-

130 2770 263 2812 bitere
295 2770 571 2812 intervertere
603 2769 861 2824 interpolare
887 2769 1045 2823 verbis,
1078 2783 1258 2823 quorum
1291 2770 1434 2808 tamen
1463 2766 1663 2822 analogia

130 2856 218 2883 non
262 2842 367 2883 satis
404 2842 543 2883 facere
587 2841 752 2883 videtur
785 2857 794 2882 z
828 2840 1056 2894 sufficeret,
1101 2840 1137 2880 si
1177 2839 1414 2880 interemtsit
1457 2837 1663 2879 traditum

131 2915 246 2954 esset
276 2915 319 2954 et
350 2927 426 2967 per
456 2928 656 2955 numeros
687 2912 790 2954 ferri
821 2914 977 2966 posset.

199 2999 354 3026 Rtmmcx,
375 3000 480 3026 scaen.
501 3001 609 3033 fragm.
1359 3002 1377 3023 ’ὲ
