1942 3204
780 211 828 246 Μ.
852 210 1094 247 PAcvvrvs
1625 211 1705 254 125

278 314 407 374 [Quia
438 330 524 372 quo
555 315 598 358 id
630 331 781 359 saxum
812 316 1020 373 inpulerit
1048 316 1159 374 fors,
1194 331 1244 359 eo
1277 317 1428 359 caeidere
1460 316 1699 359 Fortunam

1139 393 1396 452 autumant]

276 470 495 515 'Insanam
533 474 677 515 autem
715 486 807 515 esse
843 473 987 528 stiunt,
1025 473 1127 529 quia
1164 475 1289 515 atrox
1327 470 1493 515 incerta
1525 473 1702 515 instabi-

1139 548 1279 606 lisque
1312 550 1384 592 sit:

157 626 247 670 370
278 624 460 670 Caecum
498 627 554 670 ob
585 642 681 671 eam
712 642 803 670 rem
835 643 927 671 esse
973 627 1153 684 sterant,
1191 628 1294 684 quia
1331 628 1393 670 nil
1432 629 1581 671 cernat
1617 643 1702 684 quo

1135 720 1227 748 sese
1260 705 1469 762 adplicet:

277 781 477 839 Brutam,
520 783 621 839 quia
664 783 844 840 dignum
888 785 1016 840 fitque
1066 784 1300 841 indignum
1343 785 1531 840 nequeat
1573 784 1703 826 inter-

1141 876 1331 904 noscere.

279 937 392 982 Sunt
423 941 568 982 autem
600 939 673 983 alii
699 938 971 996 philosophi,
1003 940 1076 996 qui
1108 942 1263 983 eontra
1281 939 1522 982 Fortunam
1540 942 1705 996 negant

158 1040 203 1074 id
233 1051 316 1074 non
347 1040 469 1075 forte
500 1044 578 1074 aut
608 1040 796 1074 fortuna
821 1041 992 1085 optigit
1017 1042 1146 1076 Bamb.
1173 1041 1195 1074 b
1220 1041 1336 1084 Fris„
1370 1041 1443 1074 nisi
1468 1039 1563 1084 qnod
1592 1051 1700 1075 nau·

155 1085 307 1130 fragis
337 1090 376 1121 et
406 1087 576 1130 obtigit
607 1087 700 1121 Fris.
726 1097 825 1120 nam
854 1087 1101 1131 naufragio
1133 1097 1199 1120 res
1224 1087 1290 1120 ita
1321 1087 1535 1130 contigit.
1589 1097 1697 1130 ergo

154 1130 200 1166 id
223 1141 259 1166 n.
284 1131 309 1168 f.
334 1142 367 1167 a.
393 1133 420 1168 f.
445 1142 479 1167 0.
503 1133 627 1165 Troes.
653 1132 919 1176 naufragus.
967 1143 1121 1177 nempe
1154 1142 1226 1166 res
1251 1132 1463 1175 contigit.
1517 1143 1624 1176 ergo
1656 1133 1700 1165 id

155 1187 191 1211 n.
219 1177 244 1211 f.
270 1188 305 1213 a.
331 1177 358 1211 f.
385 1189 416 1214 0.
441 1178 611 1213 Bamb.a
635 1178 896 1222 naufragus.
946 1189 1099 1222 nempe
1126 1189 1204 1212 rex
1228 1179 1487 1221 naufragio.
1541 1188 1700 1221 nempe

155 1233 226 1257 res
254 1223 348 1256 ista.
380 1223 623 1267 contingit.
673 1234 777 1267 ergo
809 1223 854 1257 id
885 1234 919 1256 n.
954 1224 979 1256 f.
1006 1235 1040 1258 a.
1074 1225 1100 1257 f.
1133 1235 1166 1257 o.
1192 1225 1279 1258 Tur.
1333 1225 1438 1266 Quae
1470 1223 1698 1256 scholiastae

155 1267 377 1311 doctrinam,
403 1279 477 1303 non
502 1269 655 1302 Pacuuii
679 1270 807 1313 poesin
833 1272 1026 1313 praestare
1051 1269 1146 1303 uidit
1171 1270 1407 1303 Hermannus
1424 1269 1578 1312 Ephem.
1595 1269 1697 1312 Lips.

157 1313 244 1348 1828
275 1325 312 1350 ιι.
338 1317 402 1349 113
426 1325 442 1348 s
472 1325 507 1358 q.
558 1315 718 1348 Pacuuii
741 1325 891 1349 uersum
916 1317 980 1358 qui
1004 1316 1202 1349 restituere
1228 1315 1426 1349 uoluerunt
1450 1317 1558 1347 uaria
1582 1318 1696 1358 temp-

154 1363 348 1393 tauerunt:
380 1361 627 1403 naufragio
658 1371 731 1394 res
762 1362 980 1404 contigit;
1021 1372 1177 1404 nempe
1209 1372 1316 1402 ergo
1348 1360 1462 1393 haud
1496 1360 1702 1393 Fortuna·

155 1405 523 1448 obtigitOrellius;
549 1404 795 1449 naufragio
821 1417 996 1449 nempe=
1023 1418 1129 1450 ergo
1156 1407 1199 1439 id
1218 1407 1392 1439 factum
1413 1406 1553 1445 forte,
1579 1406 1697 1438 haud

154 1450 345 1484 fortuna
378 1452 547 1494 obtigit
578 1451 784 1485 Salmasius
815 1462 931 1486 exere.
962 1452 1057 1486 Plin.
1089 1463 1123 1495 p.
1147 1453 1232 1492 8733
1264 1451 1509 1494 naufragio
1542 1462 1697 1494 nempe

154 1506 260 1540 ergo
284 1497 325 1529 id
350 1500 590 1540 structum,
624 1497 731 1530 haut
756 1497 874 1531 forte
909 1497 1092 1531 fortuna
1122 1498 1312 1541 obtigit,
1346 1501 1554 1540 praeeunte
1588 1497 1698 1530 haut.

154 1542 272 1576 forte
305 1542 488 1577 fortuna
520 1542 778 1586 Oudendorpio
816 1546 854 1576 et
890 1546 1117 1576 structum
1147 1544 1446 1586 Bezzenbergero
1480 1542 1696 1576 Fleckeise—

153 1637 305 1675 uolubili
335 1640 422 1676 add.
453 1651 501 1675 m.
535 1636 617 1687 alt.)
653 1639 782 1676 Tross.
816 1650 998 1688 saxeoque
1037 1640 1173 1676 instare
1209 1638 1320 1688 globo
1351 1639 1559 1688 praedicant
1591 1639 1695 1676 uolu-

153 1694 214 1732 bili
245 1694 381 1733 Bamb.
422 1696 444 1732 b
475 1695 578 1732 Fris.
618 1706 638 1731 e
669 1707 773 1733 corr.
806 1707 887 1733 rec.
926 1697 1075 1745 saxique
1113 1697 1228 1733 instar
1268 1695 1412 1745 globosi
1451 1707 1532 1733 esse
1571 1698 1696 1734 dicunt

154 1750 351 1789 uolubilem
387 1753 478 1790 Tur.
510 1753 658 1803 qaxique
688 1753 806 1790 instar
836 1752 980 1802 globosi
1018 1764 1098 1790 esse
1135 1752 1335 1790 uolubilem
1366 1754 1503 1790 Bamb.
1537 1766 1561 1790 a
1591 1754 1693 1791 Fris.

147 1820 214 1856 pr.
246 1821 292 1846 m.
346 1810 450 1847 Vnde
480 1810 570 1846 alii.-
606 1820 767 1858 saxoque
804 1809 901 1846 illam
932 1811 1066 1847 instare
1097 1809 1253 1859 globoso
1285 1822 1319 1859 p.
1353 1809 1570 1857 uolubilem,
1609 1811 1695 1847 alii.-

151 1866 300 1915 saxique
330 1877 411 1903 esse
441 1867 555 1903 instar
585 1865 730 1915 globosi
759 1878 796 1916 p.
827 1866 1045 1915 uolubssem,
1076 1868 1179 1915 qnod
1203 1867 1424 1914 probarunt
1445 1867 1696 1904 Her-mannus

151 1924 190 1959 in
222 1923 382 1970 Ephem.
415 1924 525 1971 Lips.
551 1922 659 1961 1828
691 1935 729 1960 n.
756 1923 835 1960 113
857 1934 940 1972 sqq.
971 1929 1008 1961 et
1039 1924 1268 1973 Spenyelius
1300 1924 1415 1961 Nunc.
1446 1925 1502 1961 lit.
1537 1923 1692 1962 Monac.

155 1978 263 2017 1846
285 1991 330 2027 p.
359 1980 444 2019 910
562 1979 738 2030 globosso
767 1983 806 2018 in
838 1980 969 2030 globos
1000 1992 1108 2030 posse
1139 1983 1266 2018 latere
1296 1981 1393 2018 uidit
1424 1981 1694 2019 Buechelerus

277 2037 435 2074 Versum
465 2037 547 2075 368
579 2039 753 2084 spurium
784 2048 922 2075 censeo
1025 2039 1107 2087 quia
1138 2049 1211 2087 quo
1244 2034 1297 2088 id]
1331 2038 1413 2086 quia
1448 2049 1522 2086 quo
1554 2037 1691 2075 Bamb.

152 2105 176 2129 α
208 2093 311 2131 Fris.
347 2094 460 2141 Turn,
496 2095 680 2142 probauit
710 2099 804 2143 post
843 2094 1025 2132 Orellium
1061 2095 1291 2145 Spenyelius
1326 2096 1352 2132 Ι.
1385 2096 1411 2131 l.
1452 2094 1486 2131 id
1526 2106 1570 2131 eo
1610 2096 1692 2144 quia

152 2160 225 2199 quo
256 2150 393 2188 Bamb.
426 2152 448 2188 b
483 2150 517 2188 id
556 2162 629 2200 quo
660 2152 755 2189 Par.
782 2163 846 2200 pr.
878 2164 946 2200 m.,
981 2153 1124 2200 probat
1158 2156 1245 2200 post
1285 2151 1517 2189 salmasium
1548 2153 1690 2189 Fleck-

152 2209 315 2245 eisenus.
346 2208 381 2244 id
421 2207 519 2257 quod
553 2208 732 2246 Wuerzb.
760 2208 847 2257 Erf.
883 2208 1038 2258 ideoque
1072 2210 1166 2246 Par.
1203 2220 1307 2247 corr.
1345 2210 1479 2246 eadem
1519 2221 1566 2246 m.
1610 2209 1690 2245 ideo

152 2263 348 2302 uolubilem
388 2266 471 2314 quia
506 2265 633 2302 Tross.
658 2277 726 2312 pr.
758 2278 806 2303 m.
846 2265 928 2302 ideo
962 2266 1159 2303 uolubiiem
1199 2277 1273 2315 quo
1309 2265 1436 2303 Tross.
1469 2277 1573 2303 corr.
1611 2267 1692 2314 quia

152 2331 225 2368 quo
257 2326 299 2357 ut
330 2321 494 2359 Bolhius
579 2322 753 2371 inpulerit
794 2323 972 2360 Wuerzb.
1004 2323 1190 2372 impulerit
1220 2324 1311 2360 libri
1332 2324 1513 2371 plerique
1542 2322 1692 2371 impule-

152 2382 207 2414 rat
239 2377 330 2426 Erf.
437 2377 582 2415 ron-tuna
614 2384 801 2416 autumant
832 2379 1062 2429 Spenyelius
1097 2381 1307 2417 secundum
1339 2381 1422 2417 cod.
1454 2380 1690 2417 Emermmm

154 2434 300 2471 fortuna
331 2439 395 2472 aut
424 2435 570 2472 humani
610 2436 789 2473 Wuerzb.
916 2436 1013 2475 369.
1045 2437 1129 2475 370
1157 2441 1315 2474 inuersa
1346 2438 1481 2474 ordine
1509 2438 1692 2485 lequnlur

266 2491 346 2530 369
378 2503 459 2529 esse
489 2491 761 2540 Her-mannus,
800 2505 871 2530 om.
901 2495 1011 2542 libri,
1049 2505 1145 2543 quos
1183 2497 1250 2543 qui
1285 2499 1472 2531 secuntur
1510 2494 1692 2531 uocabula·

150 2553 253 2586 atrox
281 2550 503 2597 prosodiam
533 2552 735 2598 iynorant:
774 2554 944 2588 ceterum
981 2552 1081 2588 aiunt
1120 2552 1421 2599 monosyllabum
1460 2561 1545 2588 esse
1582 2562 1688 2586 mem·

150 2614 265 2653 quam
295 2608 403 2644 uolui
431 2603 499 2655 (cf.
529 2607 810 2644 Fleckeisenus
840 2610 951 2656 epist.
984 2609 1036 2645 ad
1064 2608 1115 2645 M.
1140 2608 1342 2645 Herlzimn
1377 2609 1423 2644 de
1457 2607 1691 2655 fragmentis

150 2667 325 2701 ueterum
354 2669 558 2711 poetarum
591 2665 699 2712 apud
727 2664 886 2702 Gellium
917 2667 1089 2702 seruatis
1119 2678 1156 2701 a.
1190 2665 1297 2702 1854
1328 2666 1420 2701 dala
1446 2676 1489 2711 p.
1522 2662 1586 2709 10)

1522 2728 1532 2748 Ι

151 2751 326 2791 instabitis
358 2754 427 2791 siet
458 2755 709 2793 Her-mannus
844 2755 927 2793 370
962 2766 1042 2792 esse
1074 2768 1144 2793 om.
1178 2755 1312 2792 Bamb.
1346 2755 1367 2789 b
1483 2764 1552 2802 qua
1583 2753 1652 2789 secl
1680 2763 1690 2789 ι

150 2821 198 2847 m.
231 2812 299 2848 alt.
320 2821 444 2859 supra
473 2814 638 2860 inposito
659 2812 750 2861 Ers.
782 2823 851 2861 qua
885 2812 987 2849 Fris.
1082 2812 1237 2861 adplicet
1268 2811 1445 2847 Wuerzb.
1472 2810 1561 2857 Ers.
1593 2809 1688 2858 appi.

152 2868 274 2903 ceteri
358 2867 440 2906 372
471 2874 591 2906 autem
622 2881 694 2907 om.
730 2870 823 2909 Tur.
913 2868 1057 2906 fortuna
1083 2870 1216 2905 Bamb.
1238 2869 1280 2914 b,
1313 2868 1469 2904 Grotius
1556 2871 1690 2915 negant

151 2924 245 2961 Par.
278 2924 457 2963 Wuerzb.
485 2925 588 2974 Erf.,
612 2926 865 2963 Her-mannus
895 2930 1032 2974 negent
1065 2928 1187 2962 ceteri
1214 2925 1305 2961 libri
