1942 3204
0 0 131 135 r·

825 206 868 240 L.
893 205 1067 241 A'r'nvs
1636 200 1716 246 153

861 309 926 354 TV
958 308 1027 368 (3)

296 388 387 432 Aut
418 388 627 431 infandod
659 388 853 444 homine,
884 390 1019 445 gnato
1052 387 1228 444 Laerta,
1259 387 1478 431 Ithacensi
1510 389 1672 445 exsule,

296 465 383 519 Qul'
418 481 557 523 neque
595 466 732 511 amico
777 464 941 510 ann'cue
986 480 1191 522 umquam
1235 465 1381 523 grauis
1420 481 1558 523 neque
1598 467 1713 510 hosti

1248 542 1389 588 hostis
1421 543 1516 587 fuit.

874 604 915 648 V
949 602 1016 662 (4)

295 675 378 719 Vel
402 675 480 719 hic
511 674 589 732 qul'
618 691 686 719 me
718 678 864 733 aperte
897 676 1106 719 effrenata
1136 675 1391 732 inpudentia

295 753 572 798 Praesentem
603 769 808 812 praesens
840 752 967 797 dietis
999 755 1184 797 mertare
1217 751 1388 796 institit.

788 866 1099 912 ANTIGONA

889 945 911 989 Ι
943 943 1012 1004 (4)

181 1023 264 1068 135
295 1023 408 1076 Quid
441 1021 567 1082 agl's‘?
598 1024 827 1081 perturbas
858 1039 950 1067 rem
982 1025 1154 1068 omnem
1187 1039 1237 1066 ae
1268 1024 1508 1081 resupinais,
1538 1038 1672 1068 soror.

877 1102 922 1145 II
954 1100 1022 1160 (6)

298 1209 306 1218 .
339 1209 348 1218 .
381 1208 390 1217 .
423 1208 432 1217 .
464 1173 628 1230 quiin'to
661 1163 801 1232 magis
832 1176 875 1217 te
907 1172 984 1218 isti
1014 1173 1132 1218 modi
1164 1188 1256 1217 esse
1287 1173 1513 1230 intellego,

182 1308 190 1316 .
206 1308 237 1318 ..
260 1281 460 1316 secundum
485 1283 637 1326 primam
664 1282 820 1326 protulit
843 1281 1155 1326 coniugationem.
1198 1281 1329 1315 Liuius
1361 1291 1449 1315 uero
1480 1281 1518 1314 in
1545 1281 1713 1315 Odissia:

176 1350 363 1384 nexebant
463 1351 599 1384 Accius
622 1351 662 1384 iu
683 1350 920 1394 Deiphobo
945 1353 1020 1385 ...’
1047 1348 1324 1394 (deiphoeb'o
1348 1349 1461 1392 Sang.
1493 1324 1715 1393 deip'oebo

176 1396 280 1431 Grut.
306 1395 474 1440 deipho
500 1396 672 1438 Karolir.)
721 1396 822 1430 Idem
846 1395 879 1428 X
906 1407 939 1439 p.
964 1397 1031 1430 904
1055 1396 1096 1429 Ρ.
1130 1399 1263 1429 ‘nexo
1289 1396 1394 1429 nexis
1425 1394 1485 1428 uel
1511 1406 1626 1428 nexas
1652 1406 1716 1429 ne·

176 1465 239 1498 xui
264 1467 340 1499 ...’
368 1447 541 1505 (aeetias
560 1465 648 1508 Reg.
674 1464 845 1498 Aehius
863 1465 971 1498 Bern.
989 1463 1146 1498 Kurolir.
1187 1464 1230 1497 in
1257 1463 1494 1507 Deiphobo
1512 1475 1579 1496 om.
1602 1464 1716 1506 Saug.

177 1510 400 1553 deiphebo
432 1510 590 1543 Kurolir.
621 1522 664 1542 m.
699 1510 732 1552 2)
774 1509 954 1552 Eutychis
985 1520 1045 1543 ars
1077 1521 1111 1553 p.
1136 1509 1224 1543 2187
1258 1510 1298 1545 Ρ.
1332 1509 1498 1552 (gramm.
1526 1510 1624 1543 Latt.
1659 1510 1715 1541 ed.

177 1556 222 1589 H.
248 1555 343 1588 Keil.
367 1555 444 1589 uol.
464 1557 494 1589 V
521 1566 555 1598 p.
580 1556 661 1596 485)
688 1559 822 1589 ‘nexo
925 1558 1000 1588 tam
1024 1565 1138 1588 nexas
1161 1581 1169 1589 .
1185 1580 1192 1589 .
1208 1580 1215 1587 .
1240 1565 1347 1598 quam
1373 1555 1496 1595 nexis,
1524 1558 1564 1586 ut
1579 1553 1716 1587 Accius

178 1602 216 1634 in
242 1600 437 1644 Deiphobo
461 1603 538 1634 ...’
564 1599 628 1641 (in
656 1600 883 1645 deiphebo
907 1600 1025 1634 Paris.
1051 1601 1147 1636 Fris.
1174 1601 1274 1634 inde
1306 1599 1566 1644 inphobano
1591 1600 1715 1633 sinos

176 1647 369 1690 Tegerns.)
463 1647 513 1680 IV
538 1647 629 1680 Non.
653 1647 737 1687 314,
764 1647 808 1680 20
841 1649 1005 1689 ‘graue
1030 1646 1199 1686 multum,
1233 1645 1345 1679 ualde
1377 1645 1589 1689 siguificare
1613 1649 1716 1678 uete-

177 1702 235 1725 res
260 1691 418 1735 probant
446 1716 454 1724 .
474 1716 482 1724 .
502 1717 510 1724 .
541 1702 626 1725 nam
657 1696 694 1726 et
719 1692 885 1735 grauiter
912 1690 1065 1724 multum
1097 1691 1330 1734 intellegitur
1354 1716 1361 1723 .
1383 1716 1391 1723 .
1412 1715 1420 1725 .
1450 1691 1585 1724 Accius
1609 1690 1715 1723 Dei-

177 1737 304 1771 fobo=
335 1739 420 1770 aut’
448 1747 479 1770 e.
507 1747 540 1780 q.
565 1748 592 1770 s.
702 1738 730 1769 V
763 1737 855 1771 Non.
890 1739 973 1778 139,
1007 1738 1023 1769 1
1057 1740 1315 1775 ‘mer-taret,
1347 1740 1539 1780 mergeret.
1581 1736 1717 1769 Accius

177 1782 414 1816 Antenoridis
437 1807 468 1816 ..
484 1807 491 1815 .
514 1783 610 1816 idem
633 1783 831 1816 Deifobo
856 1806 864 1815 .
884 1807 893 1816 .
913 1784 941 1815 .’
1036 1779 1138 1815 Idem
1163 1782 1241 1816 fere
1266 1786 1522 1825 argumentum
1546 1782 1583 1814 in
1610 1782 1716 1820 Eovo

179 1828 352 1862 Tuonuo
378 1828 511 1861 incerti
535 1831 668 1871 poetae
692 1830 895 1861 tractatum
921 1832 990 1861 est.

267 1874 467 1907 Ammon
492 1874 509 1907 1
533 1874 626 1906 Non.
655 1875 734 1912 165,
761 1875 782 1907 2
808 1874 1092 1916 ‘resupinam
1125 1872 1296 1914 honeste,
1330 1872 1367 1905 id
1402 1875 1459 1905 est
1492 1871 1539 1904 ab
1565 1872 1716 1914 incepto

178 1929 332 1953 reuocae
357 1918 418 1952 uel
444 1920 628 1962 peruertis
652 1918 871 1963 signifieat)
994 1919 1029 1952 11
1054 1918 1267 1951 Macrobius
1292 1919 1370 1951 Sat.
1397 1919 1446 1951 Vl
1474 1920 1514 1959 2,
1542 1918 1581 1950 17
1609 1919 1715 1950 ‘Ver-

178 1964 314 2009 gilius:
340 1975 360 1998 o
386 1968 579 2008 praestans
605 1964 719 1998 animi
743 1964 900 2005 iuuenis,
927 1967 1100 2008 quantum
1127 1964 1204 2006 ipse
1233 1964 1343 1996 feroci
1363 1964 1507 1996 Virtute
1525 1973 1716 2005 exuperas,

179 2014 283 2043 tanto
307 2021 364 2043 me
391 2010 592 2053 impensius
619 2020 748 2043 aecum
774 2015 834 2043 est
858 2009 1078 2051 Consulere,
1113 2013 1224 2052 atque
1256 2019 1378 2042 omnes
1407 2011 1632 2042 metuentem
1657 2019 1716 2041 ex-

180 2055 340 2100 pendere
367 2065 488 2089 casus.
537 2056 672 2089 Accius
697 2056 734 2088 iu
759 2055 947 2098 Antigona
971 2058 1045 2090 ...’

181 2177 292 2215 uideo
323 2178 552 2225 confirmari
581 2177 772 2224 Eutychis
801 2177 897 2214 Par.
931 2180 967 2213 el
1003 2176 1205 2226 Teyerns.,
1248 2175 1311 2212 ubi
1349 2173 1515 2211 omnibus
1554 2173 1717 2210 manibus

178 2235 329 2283 leyilur.
376 2232 543 2270 omnibus
581 2235 706 2272 celeri
740 2238 776 2271 el
814 2234 1005 2281 Eutychis
1043 2238 1078 2270 el
1117 2232 1317 2269 Prisciani
1350 2233 1460 2278 libri,
1506 2233 1582 2268 nisi
1617 2232 1720 2279 quod

180 2301 307 2328 omnes
339 2291 423 2328 Erl.
447 2302 470 2327 a
492 2290 692 2328 Prisciani
714 2302 757 2338 p.
791 2290 873 2329 904
964 2290 1040 2328 131
1075 2289 1221 2326 infando
1255 2289 1398 2325 homine
1427 2289 1527 2325 libri.
1583 2288 1721 2324 Versus·

180 2349 294 2386 eliam
330 2346 476 2384 infando
508 2347 664 2385 homone
701 2350 797 2385 salis
821 2347 1000 2395 facerel;
1039 2348 1193 2395 quidam
1224 2347 1259 2382 in
1291 2344 1438 2382 infando
1470 2345 1615 2381 homine
1644 2346 1720 2393 leqi

177 2414 292 2454 posse
313 2406 467 2442 monuit.
557 2409 668 2454 gnato
690 2403 815 2441 Laerta
837 2405 1002 2442 Rotbius
1031 2408 1141 2452 gnato
1172 2402 1284 2439 lerata
1308 2402 1431 2439 Busil.
1462 2406 1574 2450 gnatu
1606 2400 1717 2437 luerat

183 2462 229 2498 W
258 2465 369 2510 gnato
399 2460 533 2498 laen-ata
561 2463 684 2499 ceteri
709 2461 799 2499 libri
834 2466 945 2511 gnato
978 2460 1123 2498 Laertae
1152 2460 1358 2497 Mercerus
1388 2463 1561 2507 generato
1593 2456 1718 2494 Laerta

179 2519 333 2556 Vossius
363 2518 487 2555 Laerta
518 2523 629 2567 gnato
661 2518 824 2556 Bomius
932 2517 1108 2555 ithacensi
1130 2517 1335 2554 Mercerus
1364 2515 1546 2552 ithacense
1576 2526 1615 2551 se
1637 2514 1716 2550 Ba-

179 2577 238 2613 sil.
271 2575 319 2612 ait
341 2575 406 2611 hac
435 2585 542 2611 etnnse
572 2575 622 2613 W
647 2575 850 2613 ithaceuase
872 2576 994 2612 ceteri
1010 2575 1100 2612 libri
1185 2573 1289 2610 exule
1319 2573 1369 2610 W
1394 2583 1437 2608 ex
1468 2571 1573 2607 exule
1595 2571 1716 2607 Basil.

180 2643 222 2669 cx
253 2631 333 2668 solo
365 2630 570 2670 Marcet-us
687 2631 766 2670 132
799 2632 960 2681 quinque
998 2631 1044 2668 W
1161 2630 1240 2668 133
1274 2630 1343 2676 hic,
1375 2629 1478 2677 quod
1503 2629 1589 2664 olim
1613 2628 1715 2663 clele-

182 2699 333 2732 ueram,
367 2688 474 2726 nolui
499 2690 666 2736 amptius
699 2689 879 2727 turbare.-
916 2692 1074 2726 tuentur
1103 2687 1322 2735 Gepperlus
1346 2697 1385 2732 p.
1420 2684 1497 2720 111
1531 2687 1566 2720 ee
1597 2683 1718 2720 CFW
1740 2704 1743 2706 -

182 2744 347 2783 Mueller
365 2746 391 2782 l.
413 2746 438 2783 l.
462 2744 557 2784 323.
638 2757 694 2783 me
724 2751 848 2795 aperte
870 2745 1032 2782 Rolbius
1063 2755 1117 2781 me
1148 2757 1165 2780 a
1197 2748 1297 2792 parte
1326 2742 1417 2779 libri
1445 2751 1501 2776 nne
1532 2744 1716 2788 expertem

185 2801 345 2839 Botbius
435 2801 514 2840 134
545 2813 715 2851 praesens
747 2807 974 2851 praesentem
1005 2803 1110 2838 malit
1141 2801 1398 2847 Kiesslinyius
1502 2796 1580 2834 135
1611 2807 1718 2832 soror

181 2858 319 2895 lunius
348 2859 467 2897 sorori
496 2859 588 2897 libri
685 2859 764 2897 136
795 2859 856 2896 isti
886 2857 984 2897 modi
1014 2858 1251 2896 Ritsclaete'us
1281 2865 1412 2902 opusc.
1434 2853 1483 2891 ΙΙ
1500 2851 1580 2891 692
1611 2853 1716 2890 istius

182 2913 278 2953 modi
305 2915 398 2953 libri
