1942 3204
262 171 345 205 XIV
840 170 965 207 ·COR(
965 171 1198 206 )LLAR11VM

260 279 464 335 cabulum!
491 278 702 319 omiserat.
763 278 876 320 Nam
908 279 1076 334 flagitat
1113 294 1214 320 sane
1246 294 1391 322 versus
1422 282 1576 323 lacuna
1607 282 1775 337 supple-

262 351 455 390 mentum
475 348 665 403 aliquod,
684 363 822 403 neque
842 349 1047 405 indagare
1068 349 1251 406 contigit
1270 350 1585 406 substantivum
1610 367 1782 407 nomen,
1810 358 1812 360 ’

262 434 345 474 quo
383 420 623 461 contrarius
669 420 817 474 pavori
856 421 921 462 vel
966 421 1118 462 saltem
1163 420 1354 462 diversus
1398 422 1451 462 ab
1495 437 1545 464 eo
1589 423 1781 465 adfectus

262 489 451 546 (qualem
482 490 663 544 duplicat
692 490 821 533 verbo
853 491 1031 532 indicari
1065 489 1222 546 sentio)
1255 491 1529 546 significetur.
1584 493 1683 535 Alia
1714 494 1783 536 via

262 561 480 616 ingressus
518 560 803 604 Buechelerus
841 562 918 617 ita,
955 565 1004 603 ut
1042 563 1160 605 timos
1201 562 1292 617 ipse
1337 577 1504 617 quoque
1549 563 1783 619 damnaret,

262 631 433 673 initium
465 646 610 673 versus
642 633 723 675 hoc
754 633 885 675 fuisse
918 633 1099 675 coniecit
1135 634 1222 674 iam
1258 633 1372 675 binos
1398 647 1411 674 .·
1437 634 1634 687 duplicat,
1670 635 1783 690 quod

264 702 416 744 viderit
447 717 502 744 an
534 703 593 744 sic
632 703 911 758 probabiliter
949 704 1238 746 continuetur:
1278 705 1429 746 anxiae
1464 704 1611 747 mentis
1639 717 1785 758 pauo-3,

264 787 371 828 quae
403 774 496 828 ipsa
527 788 627 815 vera
659 788 751 816 esse
783 777 982 829 possunt,
1016 775 1143 816 etiam
1177 775 1211 816 si
1243 776 1330 817 iam
1362 775 1420 819 ibo?
1450 789 1524 818 nos
1553 776 1591 818 d.
1622 775 1785 818 intacta

264 844 563 898 relinquamus.

381 925 434 967 V.
465 926 523 967 45
556 942 615 981 sq.
649 930 905 982 anapaestos
936 927 1223 970 Buechelerus
1257 929 1475 970 dimetitur
1507 930 1636 970 tales:

293 1024 394 1050 nam
420 1011 468 1050 ut
493 1009 638 1050 ludere
663 1008 866 1051 laetantis
892 1010 1005 1052 inter
1030 1024 1074 1052 se
1100 1008 1308 1066 uidimus,
1333 1013 1381 1052 ut
1406 1013 1549 1065 petere
1575 1011 1756 1066 amnem,

294 1080 488 1122 creterris
520 1094 685 1121 sumere
717 1095 872 1135 aquam
904 1081 954 1122 ex
985 1080 1133 1122 fontei.

266 1162 347 1204 Sed
367 1163 605 1204 narrationi
631 1163 787 1205 cantici
813 1178 1014 1206 numeros
1046 1164 1273 1215 eonyenire
1306 1179 1394 1207 non
1426 1165 1570 1219 credo,
1602 1167 1644 1206 et
1675 1179 1787 1206 com-

265 1233 523 1275 mendantur
553 1233 741 1276 eiusdem
781 1235 1007 1290 orationis,
1044 1237 1093 1276 ut
1123 1235 1308 1290 videtur,
1345 1235 1493 1277 frustis
1531 1238 1623 1276 XVI
1654 1237 1786 1276 XVIII

266 1304 495 1359 septenarii
527 1304 746 1347 trochaici.

382 1387 434 1430 V.
465 1388 520 1429 47
553 1388 600 1429 in
632 1388 861 1442 septenarii
898 1388 1191 1444 integritatem
1228 1388 1365 1444 redigi
1400 1403 1526 1443 posse
1565 1388 1625 1430 sic
1663 1390 1785 1442 puta-

266 1459 384 1500 bam:
421 1460 509 1501 εἰπε
540 1462 691 1501 terrore
719 1459 852 1512 pe'cua
888 1459 1080 1507 manibus
1116 1459 1258 1502 ductae
1295 1458 1381 1515 (vel
1417 1459 1560 1501 du'ctae
1598 1458 1789 1500 manibus

260 1528 408 1586 pecua)
446 1533 493 1571 ut
527 1530 585 1572 ad
619 1529 787 1572 mortc'm
823 1533 979 1580 meam&
1019 1530 1092 1572 sed
1129 1532 1320 1586 praestat
1352 1544 1518 1572 servare
1557 1530 1644 1571 sine
1677 1529 1787 1581 ferro

267 1599 335 1656 (ut
360 1599 522 1642 Seneca
545 1599 765 1643 Phaedrae
797 1616 835 1643 v.
867 1601 954 1643 892
986 1601 1157 1656 scripsit
1188 1601 1359 1644 ‘vincite
1390 1598 1562 1657 ferro’),
1593 1602 1636 1642 et
1666 1599 1788 1642 valde

266 1672 406 1726 placet
437 1671 629 1713 senarius
661 1671 928 1713 Buecheleri:
965 1673 1070 1714 sine
1098 1672 1234 1724 fe'rro
1258 1685 1413 1725 pecua
1443 1669 1700 1714 mdnsueta
1734 1670 1792 1712 ad
1858 1668 1860 1670 ’

266 1742 464 1784 mortem
494 1746 655 1784 meant
684 1730 854 1784 ferrum'
875 1743 1198 1797 interpretantis
1229 1746 1402 1784 catenas
1433 1745 1476 1784 et
1502 1741 1788 1796 comparantis

267 1812 486 1867 Euripidis
518 1812 671 1855 Bacch.
703 1813 789 1855 436
830 1809 853 1851 ὁ
888 1810 979 1865 θὴρ
1019 1809 1135 1852 δ’ὅδ’
1174 1808 1280 1865 ἡμῖν
1317 1812 1457 1864 πρᾶος
1488 1843 1497 1852 .
1532 1845 1540 1852 ,
1574 1842 1583 1850 .
1620 1807 1790 1852 ’ἔδωκεν

269 1879 350 1922 οὐκ
382 1879 507 1922 ἄκων
537 1881 679 1936 χέρας.

384 1962 437 2005 V.
462 1963 519 2005 48
547 1963 836 2018 septenarium
861 1963 1227 2018 elegantissimum
1253 1961 1576 2016 transponendo
1609 1960 1789 2003 efficias:

402 2046 507 2087 haec
538 2048 587 2087 ut
617 2045 786 2088 uideam
817 2045 1001 2087 Volcani
1033 2060 1163 2100 opera
1193 2045 1376 2087 flammis
1407 2044 1515 2086 flora
1544 2041 1654 2085 fieri.

386 2128 438 2170 V.
453 2128 510 2170 54
530 2128 743 2170 sententia
762 2128 941 2170 totidem
961 2128 1100 2169 verbis
1119 2127 1230 2169 redit
1248 2127 1294 2169 in
1313 2127 1455 2168 Plauti
1474 2126 1665 2168 Poenulo
1686 2125 1789 2168 834:
1841 2150 1848 2158 ·

270 2199 397 2240 ‘male
428 2201 600 2254 partum
631 2199 742 2240 male
773 2198 976 2253 disperit?

386 2269 439 2311 In
476 2284 601 2312 versu
639 2269 694 2311 57
735 2269 867 2314 malui
902 2268 1076 2323 pedibus
1113 2268 1335 2324 anapaesti
1372 2268 1609 2323 periculum
1650 2267 1790 2309 facere

270 2355 398 2394 quam
423 2343 499 2382 aut
523 2355 702 2395 pravum
722 2342 945 2381 accentum
963 2339 1138 2393 pedibus
1162 2340 1344 2382 tolerare
1371 2341 1446 2381 aut
1469 2337 1790 2393 transponendo

269 2412 315 2451 in
337 2412 510 2464 pedibus
540 2410 760 2453 diabathra
783 2410 952 2453 habebat
975 2411 1204 2453 memoriae
1224 2409 1310 2452 vim
1334 2409 1510 2464 inferre,
1540 2407 1791 2464 praesertim

270 2495 368 2523 cum
400 2482 512 2523 inter
544 2483 738 2537 exempla
772 2481 1005 2536 productae
1037 2482 1110 2524 bus
1146 2481 1334 2536 syllabae
1370 2481 1417 2522 in
1449 2478 1579 2521 CFW
1597 2477 1791 2520 Muelleri

272 2552 473 2607 prosodia
491 2552 692 2595 Plautina
711 2568 750 2607 p.
771 2552 828 2594 53
854 2567 915 2607 sq.
935 2552 1174 2607 composita
1205 2551 1399 2607 quamvis
1426 2549 1628 2605 ambigua
1657 2562 1791 2590 unum

271 2623 424 2665 saltem
454 2623 610 2665 certius
642 2623 714 2678 sit,
745 2623 818 2664 ubi
850 2623 952 2664 item
984 2625 1186 2678 sequatur
1217 2622 1405 2677 aspirata
1435 2635 1517 2663 vox
1546 2619 1594 2661 in
1617 2617 1790 2661 Mostel-

270 2694 378 2736 laria
413 2694 615 2736 Plautina
646 2709 683 2736 v.
713 2694 800 2735 402
831 2694 876 2736 in
912 2694 1079 2736 aedibus
1108 2693 1267 2735 habitet.
1299 2689 1320 2732 [Γ
1351 2692 1456 2742 licet,
1493 2704 1576 2745 quo
1607 2689 1790 2731 fortasse

271 2766 400 2807 etiam
428 2765 576 2807 Titinii
605 2780 643 2806 v.
668 2764 726 2806 45
756 2765 924 2807 aedibus
954 2764 1155 2807 abstemii
1185 2762 1437 2805 defenditur.
1485 2759 1599 2803 Nam
1629 2759 1790 2802 Merea-

271 2836 376 2878 toris
408 2852 446 2878 v.
477 2835 563 2877 919
596 2836 698 2877 olim
730 2838 967 2878 correctum
999 2837 1042 2877 et
1072 2834 1240 2889 Epidici
1271 2849 1308 2876 v.
1339 2833 1444 2887 460,
1481 2831 1554 2874 ubi
1590 2840 1790 2886 persona-
