1942 3204
759 251 834 287 CN.
859 251 1072 289 anws
1628 252 1678 295 11

825 354 886 398 IX
922 355 1020 414 (14)

933 434 1118 491 pergite,

179 509 237 553 35
271 508 527 567 Tyrsfgerae
560 510 775 566 Bacchae,
806 510 1019 555 Biicchico
1052 527 1149 555 cum
1182 513 1410 556 schemate.

845 588 885 632 X
918 587 986 646 (8)

269 665 451 723 Ignotae
482 667 601 710 iberis
634 682 798 709 smnus:
830 669 922 710 nite
955 668 1037 710 scis
1071 702 1079 710 .
1113 702 1121 710 .
1154 702 1162 710 .
1196 702 1205 710 .

817 744 880 787 XI
913 743 1010 803 (25)

266 821 344 864 Dic
376 823 461 878 quo
494 824 621 878 pacto
653 837 751 883 eun}
782 821 928 879 potiti:
960 838 1139 880 pugnan
1171 826 1228 867 ⁸oin
1260 824 1400 867 dolis?

804 900 889 943 XII
922 899 1020 959 (20)

263 977 331 1021 Ne
361 978 433 1020 ille
465 977 548 1020 mei
586 978 667 1020 feri
699 976 847 1035 ingeni
883 977 1022 1036 [iram]
1063 982 1190 1035 atquc
1229 979 1362 1022 {inimi
1394 994 1535 1021 acrem
1575 980 1679 1022 acri-

930 1057 1120 1099 moniam
1646 1070 1682 1095 ιο

794 1134 901 1177 XIII
935 1133 1032 1191 (18)

265 1211 380 1255 Caeiue
414 1212 471 1254 sis
502 1214 623 1255 tuam
655 1212 892 1255 contendas
924 1212 1032 1254 iram
1064 1214 1216 1255 contra
1247 1227 1344 1255 cum
1375 1212 1439 1254 ira
1471 1211 1629 1256 leeri.

251 1276 354 1306 Χ]
407 1271 469 1283 ”
516 1301 589 1311 w
817 1289 922 1332 xlv
943 1289 1011 1347 (9)

173 1368 232 1411 40
263 1367 478 1410 ‘Oderunt
501 1368 544 1410 di
575 1368 772 1411 homines
810 1368 986 1411 iniuros.
1024 1394 1078 1399 —
1118 1366 1284 1425 'Egone
1323 1383 1380 1410 an
1418 1369 1490 1411 ille
1528 1369 1683 1412 iniiirie

265 1445 300 1489 F
303 1446 466 1489 §.cimus
474 1446 497 1488 Ρ

234 1560 286 1593 lx
309 1559 400 1593 Non.
427 1560 507 1602 225,
535 1562 553 1593 1
579 1560 782 1594 ‘schema
806 1586 813 1593 .
832 1586 840 1594 .
861 1586 869 1594 .
893 1563 1024 1595 neutro
1049 1563 1093 1596 N.
1114 1561 1288 1605 Lygurgo
1313 1586 1321 1594 .
1341 1586 1348 1593 .
1370 1564 1399 1594 .’
1471 1560 1503 1592 X
1528 1561 1685 1595 Priscia-

144 1615 213 1639 nus
236 1605 288 1639 v1
313 1616 348 1648 p.
364 1606 432 1639 695
447 1605 489 1638 Ρ.
515 1608 576 1639 ‘et
600 1606 670 1639 hoc
695 1605 783 1647 iter3
808 1606 965 1640 dicimus
988 1607 1085 1640 enim
1101 1606 1210 1640 huius
1234 1606 1399 1640 itineris.
1425 1606 1595 1650 quamuis
1620 1618 1685 1640 an-

146 1650 241 1695 tiqui
270 1649 341 1684 hoc
373 1651 444 1684 iter
476 1650 583 1685 iteris
614 1654 653 1685 et
684 1651 751 1686 hoc
781 1652 896 1685 itiner
919 1652 1065 1686 itineris
1091 1652 1296 1686 dixerunt.
1345 1652 1420 1686 ..N
1448 1652 1487 1685 in
1511 1653 1683 1695 Lycurgo

262 1713 523 1773 ’Ungui-go
551 1732 660 1774 Roga
703 1731 775 1764 fuit
805 1732 920 1775 igitur
952 1732 1176 1776 Lucurgo.
1195 1727 1407 1764 Incertum
1439 1742 1487 1764 an
1519 1731 1682 1775 Sangall

143 1775 332 1819 legurgo
357 1776 470 1809 suerit
494 1777 760 1820 Loecurgo.)
786 1778 879 1812 Non.
908 1779 990 1820 124,
1015 1779 1059 1811 27
1083 1778 1262 1822 ignote,
1293 1776 1331 1809 id
1357 1780 1414 1810 est
1445 1777 1575 1811 inscie.
1612 1778 1683 1810 Ne-

143 1823 225 1855 uius
250 1821 453 1865 Lycurgo.
522 1822 658 1855 ’Idem
676 1823 761 1863 485,
779 1824 800 1856 5
826 1823 984 1856 ‘iteris
1009 1824 1168 1866 positum
1195 1833 1259 1866 pro
1284 1822 1448 1863 itineris,
1473 1826 1512 1855 et
1537 1822 1683 1865 quidem

142 1869 246 1900 recte
277 1867 324 1900 ab
355 1877 418 1907 eo,
451 1868 548 1912 quod
579 1868 652 1901 iter
687 1868 794 1901 iteris
827 1868 937 1909 facit,
975 1869 1088 1902 itiner
1123 1868 1283 1901 itineris.
1326 1868 1370 1900 N.
1397 1868 1569 1911 Lycurgo
1592 1894 1600 1902 .
1622 1893 1630 1900 .
1650 1871 1680 1902 .’

143 1911 334 1955 (Neuius
373 1892 571 1958 L’icurgo
602 1913 746 1955 Bamb.)
801 1914 911 1949 Thes.
944 1924 1028 1947 nou.
1068 1915 1134 1947 lat.
1167 1925 1226 1957 ap.
1259 1913 1301 1948 A.
1332 1913 1410 1946 Mai
1441 1918 1538 1946 auct.
1572 1913 1684 1949 class.

142 1957 232 1992 VIII
255 1968 290 2001 p.
317 1959 382 1991 127
412 1958 503 1993 ‘hoc
533 1959 837 2000 heteroclinium,
871 1960 916 2001 ii,
949 1959 1045 1992 unde
1071 1960 1277 1992 Plautus:
1315 1959 1464 2002 ignoti
1493 1959 1684 1992 itineris

145 2013 313 2042 eumue,
345 2006 446 2037 tute
478 2005 571 2038 scis
596 2015 691 2048 quae
718 2006 794 2038 sint
824 2005 1077 2039 heteroclita.’
1125 2004 1218 2038 Ibid.
1245 2015 1278 2047 p.
1306 2006 1370 2038 194
1396 2004 1682 2047 ‘heteroclitum‚

142 2048 434 2082 diuersiclinium
459 2051 523 2083 ubi
547 2050 720 2083 diuersae
746 2054 832 2084 sunt
862 2051 959 2084 uiae.
1008 2051 1216 2083 Plautus:
1249 2055 1347 2083 tute
1373 2050 1463 2082 scis
1489 2060 1584 2092 quae
1610 2050 1686 2083 sint.

141 2093 391 2130 heteroclita)
486 2096 538 2129 XI
563 2097 657 2130 Non.
683 2097 768 2138 481,
796 2096 840 2129 28
871 2097 948 2129 ‘sic
972 2098 1122 2139 potior
1145 2095 1247 2129 illam
1272 2107 1347 2130 rem
1373 2106 1438 2139 pro
1463 2095 1530 2128 illa
1555 2106 1593 2129 re
1619 2106 1684 2139 po-

143 2140 247 2173 tior.
297 2139 372 2172 .N.
397 2141 602 2185 Lycurgo.
639 2144 669 2175 .’
741 2141 997 2183 xuNon.73‚
1019 2144 1060 2175 17
1086 2141 1360 2175 ‘acrimonia
1385 2144 1443 2174 est
1467 2141 1580 2173 animi
1605 2141 1684 2174 uiu-

143 2185 277 2218 acitas.
326 2186 467 2219 Neuius
494 2188 662 2230 Lycurgo
686 2212 693 2219 .
715 2211 725 2221 .
746 2212 752 2220 .
792 2186 1046 2231 ’(Licurgo
1071 2187 1218 2227 Bamb.)
1318 2187 1407 2220 XIII
1433 2187 1526 2220 Non.
1551 2187 1634 2226 259,
1663 2189 1683 2218 5

145 2230 444 2265 ‘contendere
470 2231 658 2276 significat
683 2243 897 2276 comparare
927 2258 935 2266 .
956 2232 1064 2266 ...N
1091 2233 1260 2276 Lycurgo
1283 2257 1291 2266 .
1312 2257 1320 2266 .
1342 2235 1370 2265 .’
1482 2231 1565 2266 XIV
1591 2232 1682 2265 Non.

146 2277 230 2314 124.
256 2277 337 2310 30‘
347 2276 518 2311 iniurie
546 2277 683 2311 dictum
708 2289 773 2322 pro
801 2278 988 2313 iniuriose.
1013 2278 1056 2311 N.
1082 2279 1328 2322 Lycurgo...

263 2395 315 2434 35
348 2396 576 2446 thyrsigerae
607 2397 762 2435 Bacchae
793 2399 851 2435 ed.
886 2398 993 2436 1526
1024 2399 1205 2447 tyrsigeoe
1236 2398 1391 2435 Brehcae
1419 2399 1510 2435 libri
1600 2398 1682 2434 Bac-

146 2449 272 2504 chico]
305 2452 412 2491 modo
433 2452 605 2490 Bacchico
634 2453 726 2492 libri
753 2454 861 2492 modo
891 2455 1083 2493 Bacchiaco
1107 2455 1302 2503 Berqlcius
1331 2457 1356 2492 l.
1379 2457 1406 2491 l.
1497 2455 1550 2492 36
1581 2455 1684 2503 igno-

146 2515 204 2547 tae
231 2511 324 2548 libri
348 2511 529 2559 plerique
560 2510 675 2548 Nonii
699 2523 740 2559 p.
775 2509 1010 2561 124.ignote
1051 2513 1098 2549 W
1122 2524 1164 2559 p.
1199 2510 1276 2548 124
1308 2512 1424 2561 ignoti
1452 2512 1543 2549 libri
1573 2511 1687 2548 Nonii

142 2578 184 2614 p.
206 2565 288 2605 485
319 2566 409 2615 (nisi
436 2568 540 2616 quod
565 2566 670 2615 igniti
693 2567 859 2615 Bamb.)‚
881 2569 1124 2615 Priscianus,
1147 2569 1244 2606 Lex.
1280 2567 1362 2606 th.
1452 2568 1503 2605 37
1526 2565 1682 2616 puguan'

149 2622 310 2662 Belkius
339 2626 535 2661 senarium
565 2626 724 2662 metiens
753 2623 914 2675 (pugnad
944 2626 1041 2664 idem
1073 2628 1159 2663 olim
1190 2629 1228 2662 in
1259 2623 1397 2671 textu).
1428 2635 1551 2673 pugna
1580 2625 1682 2660 libri.

247 2680 327 2717 sitis
354 2685 441 2728 posl
470 2681 577 2729 potiti
609 2683 677 2730 qui
704 2682 865 2729 inseret,
899 2685 1161 2731 septenarium
1192 2683 1357 2719 habebit.
1446 2681 1499 2717 38
1532 2691 1593 2716 ne:
1627 2679 1682 2727 cf.

148 2737 190 2775 G.
212 2737 464 2775 Hermannus
484 2737 621 2775 Philol.
644 2738 713 2776 III
731 2737 812 2779 465
835 2750 889 2787 sq.
963 2739 1048 2776 iram
1080 2752 1150 2778 om.
1171 2739 1259 2776 libri
1330 2748 1446 2774 acrem
1471 2737 1603 2773 Bamb.

146 2793 199 2832 39
230 2792 408 2831 contenda
437 2805 555 2844 syram
585 2795 688 2833 Leia.
721 2794 862 2834 Genea.
979 2795 1034 2834 40
1064 2795 1099 2832 di
1138 2796 1301 2832 homines
1338 2794 1475 2830 inim-os
1508 2794 1679 2839 ΒοίΙιίυε,

146 2852 242 2888 idem
277 2861 471 2898 personas
507 2852 695 2890 distinxit.
746 2852 794 2889 dii
833 2852 997 2890 homines
1037 2853 1211 2889 iniuriose
1246 2851 1337 2887 libri
1372 2850 1421 2887 dii
1458 2850 1492 2887 h.
1532 2851 1682 2887 initu-ios

151 2906 371 2945 Mercerus.
416 2907 510 2945 Olim
545 2910 658 2946 etiam
688 2908 787 2946 haec
809 2908 966 2946 odc'runt
995 2909 1029 2946 di
1052 2909 1234 2945 homines:
1266 2907 1383 2956 ogone
1404 2918 1446 2943 an
1474 2906 1525 2944 illi
1555 2907 1685 2943 initii-ic

146 2962 334 3001 inficimus?
361 2967 560 3012 proposui.
