1942 3204
711 224 714 229 .
779 197 830 231 M.
855 194 1095 232 mcvvws
1631 192 1712 240 109

846 299 933 344 VII
961 299 1030 358 (2)

755 381 897 421 aetate
930 376 1121 434 integra,

290 455 441 499 Perdei
474 456 670 513 ingenio,
701 456 811 499 fficie
843 457 1021 512 proceni
1052 456 1192 498 uirum

822 545 931 589 VIII
959 544 1057 603 (12)

172 623 260 667 255
292 623 384 667 Vos
414 622 518 667 hine
550 624 774 666 defensum
806 623 992 678 paeitriam
1024 624 1070 665 in
1101 636 1293 678 pugnam
1325 622 1496 664 baetite.

788 712 849 755 1x
884 711 944 769 (7.
976 713 1015 755 5.
1048 711 1096 770 6)

639 803 788 846 Vlixes

291 880 606 937 Pedetemptim
638 895 688 923 ae
720 881 869 924 sedam
901 881 999 923 nisu
1007 915 1019 936 ‚

290 958 358 1002 Ne
390 962 592 1002 succussu
625 959 805 1015 arripizit
835 958 973 1002 maior

292 1036 430 1080 Dolor

814 1114 837 1140 *
1044 1114 1067 1139 *

929 1143 952 1169 ale

800 1202 968 1246 Chorus

295 1280 361 1323 Tu
397 1282 567 1337 qu6que
599 1280 766 1337 Vlixes,
798 1282 1060 1337 quamquzim
1093 1282 1285 1338 grauiter

172 1358 260 1401 260
291 1355 519 1401 Cernimus
550 1359 703 1415 ictum,
734 1358 863 1401 m'mis
895 1360 1042 1417 paene·
1065 1359 1211 1402 animo
1244 1374 1290 1402 es

172 1490 302 1524 cianus
326 1489 379 1523 VI
403 1500 438 1533 p.
457 1491 523 1523 713
540 1489 581 1524 P.
606 1489 687 1523 ‘hie
711 1499 894 1533 specum
920 1489 1017 1533 quod
1043 1493 1119 1523 tam
1145 1490 1389 1523 masculinum
1407 1500 1515 1534 quam
1541 1493 1709 1523 neutrum

171 1535 361 1569 inuenitur
382 1560 391 1568 .
412 1559 421 1568 .
442 1560 450 1567 .
482 1535 660 1568 feminino
685 1539 808 1568 tamen
834 1535 902 1568 hoc
925 1546 1058 1569 nomen
1084 1545 1229 1580 quoque
1254 1536 1444 1569 inuenitur
1472 1560 1481 1569 .
1501 1561 1509 1569 .
1528 1560 1537 1569 .
1567 1535 1711 1568 Pacu-

171 1580 275 1613 uius
311 1581 349 1613 in
385 1581 546 1624 Niptris:
584 1580 782 1614 aduenio
819 1581 863 1613 in
902 1591 1162 1624 scruposam
1200 1580 1404 1625 specum)
1459 1579 1710 1625 (Pacubius

172 1624 328 1659 Carolir.
354 1624 460 1661 Grut.
488 1625 615 1669 Sang.)
704 1625 776 1659 VII
801 1625 947 1659 Gellius
971 1627 1061 1659 XIII
1085 1629 1130 1660 30
1155 1626 1243 1669 (29),
1267 1629 1289 1660 3
1313 1627 1446 1660 ‘sicuti
1470 1626 1620 1669 quidam
1647 1626 1711 1659 fa-

173 1671 284 1704 ciem
311 1681 392 1705 esse
418 1670 576 1704 hominis
601 1674 733 1714 putant
757 1681 797 1704 os
823 1674 967 1705 tantum
999 1674 1037 1704 et
1061 1671 1190 1706 oculos
1220 1675 1257 1705 et
1287 1682 1419 1715 genas,
1452 1672 1550 1714 quod
1575 1672 1710 1706 Graeci

171 1711 376 1759 πρόςωπον
401 1716 546 1750 dicunt:
579 1716 725 1759 quando
757 1716 873 1750 facies
904 1717 954 1750 sit
981 1717 1099 1751 forma
1130 1718 1250 1751 omnis
1281 1721 1319 1751 et
1342 1717 1470 1751 modus
1502 1720 1540 1751 et
1563 1717 1710 1750 factura

172 1761 354 1805 quaedam
380 1762 542 1806 eorporis
567 1762 682 1796 totius
706 1787 736 1796 ..
751 1787 761 1796 .
783 1762 909 1806 itaque
934 1763 1122 1796 Pacuuius
1145 1763 1184 1795 in
1209 1763 1423 1805 tragoedia,
1456 1773 1551 1806 quae
1575 1762 1711 1806 Niptra

172 1807 402 1850 inscribitur,
436 1807 569 1841 faciem
595 1807 689 1841 dixit
713 1807 870 1841 hominis
894 1818 960 1852 pro
986 1809 1152 1852 corporis
1177 1808 1424 1851 longitudine.
1472 1808 1626 1850 Aetate,
1655 1808 1711 1840 in-

172 1853 269 1896 quit,
301 1853 470 1896 integra’
498 1863 530 1889 e.
555 1863 588 1896 q.
613 1863 643 1886 s.
690 1853 878 1897 Excerpta
902 1852 1077 1887 Gelliana
1103 1854 1203 1887 edita
1234 1865 1257 1886 a
1282 1853 1590 1887 Reifferscheidio
1620 1863 1711 1887 mus.

172 1898 289 1932 Rhen.
306 1897 391 1932 XVI
417 1910 451 1942 p.
470 1900 512 1932 10
537 1899 694 1932 ‘faciem
719 1898 876 1932 hominis
902 1899 1048 1942 quidam
1068 1902 1201 1943 putant
1223 1909 1305 1932 esse
1330 1910 1370 1932 os
1392 1902 1535 1932 tantum
1561 1902 1599 1932 et
1623 1909 1711 1932 ocu-

171 1942 231 1977 los
254 1946 292 1977 et
315 1954 449 1987 genus,
482 1954 564 1977 eum
590 1944 709 1977 facies
735 1945 784 1977 sit
806 1944 936 1978 modus
961 1947 999 1978 et
1024 1945 1173 1978 factura
1198 1944 1381 1989 quaedam
1407 1944 1569 1988 corporis
1594 1946 1710 1978 totius

202 2013 234 2024 ..
265 1989 362 2023 unde
388 1989 575 2023 Pacuuius
601 1990 735 2023 faeiem
759 1989 916 2023 hominis
935 1990 1031 2024 dixit
1051 2001 1116 2034 pro
1135 1993 1296 2024 statura:
1322 1993 1466 2028 aetate,
1492 1990 1626 2033 inquit,
1651 1990 1707 2022 in-

175 2036 303 2078 tegra’
329 2045 361 2070 e.
387 2045 419 2078 q.
451 2045 479 2068 s.
526 2035 620 2069 Non.
645 2036 706 2075 52,
733 2037 778 2069 33
810 2036 1020 2075 ‘faciem‚
1053 2037 1168 2070 totius
1201 2038 1366 2079 corporis
1393 2036 1566 2077 formam,
1597 2030 1709 2078 πρός-

171 2090 294 2120 ωπον,
326 2079 362 2112 id
387 2084 445 2114 est
469 2090 527 2122 os,
559 2082 686 2124 posuit
711 2081 916 2124 antiquitas
941 2081 1100 2125 prudens
1124 2106 1132 2114 .
1153 2105 1161 2113 .
1182 2106 1189 2114 .
1219 2082 1259 2117 P.
1284 2082 1431 2124 Nupta
1453 2106 1462 2115 .
1482 2106 1490 2114 .
1511 2084 1540 2115 .’
1619 2080 1709 2114 VIII

174 2124 270 2159 Non.
296 2127 350 2167 77,
375 2127 420 2160 25
444 2124 648 2159 ‘betete'
674 2125 885 2168 (baetere
913 2127 1057 2170 Bamb.)
1090 2126 1148 2160 ‘id
1174 2127 1310 2160 entire
1412 2126 1452 2162 P.
1477 2126 1624 2170 Nyptra

172 2170 182 2179 .
642 2171 650 2180 .
694 2171 702 2180 .
986 2174 998 2192 ,
1347 2172 1355 2181 .

170 2170 683 2257 ;:„¹z1:¹„5¹¹²¹¹1²·x¹{⁶‹¹3¹102:3²
692 2172 932 2206 Μ
946 2198 996 2251 31
1019 2171 1708 2260 (ωωῇῖεεὲξῖῆξ

173 2261 472 2304 sapientissimus
504 2262 687 2295 Graeciae
719 2263 868 2296 saucius
893 2263 1119 2297 lamentatur
1148 2263 1209 2297 uel
1241 2263 1384 2297 modice
1417 2263 1551 2306 potius.
1591 2261 1709 2295 Pede—

173 2307 358 2350 temptim‚
385 2308 524 2350 inquit,
551 2311 589 2341 et
615 2305 856 2352 [we—258}
886 2308 1074 2343 Pacuuius
1099 2309 1170 2342 hoe
1194 2309 1325 2342 melius
1350 2319 1459 2352 quam
1486 2307 1707 2351 Sophocles:

170 2351 270 2395 apud
294 2351 397 2385 illum
421 2353 516 2385 enim
542 2363 718 2396 perquam
742 2353 915 2387 flebiliter
933 2354 1060 2388 Vlixes
1084 2354 1308 2388 lamentatur
1331 2354 1367 2387 in
1385 2353 1554 2387 uolnere:
1580 2357 1708 2385 tamen

170 2397 416 2431 huieleniter
439 2399 601 2441 gementi
624 2398 681 2431 illi
704 2399 795 2442 ipsi,
822 2399 884 2442 qui
909 2399 1033 2433 ferunt
1058 2401 1242 2441 saucium,
1275 2410 1454 2443 personae
1481 2399 1704 2442 grauitatem

170 2443 360 2477 intuentes
375 2453 449 2477 non
466 2443 639 2478 dubitant
656 2443 778 2478 dicere
797 2442 1024 2490 [259-262J.
1048 2445 1243 2488 Intellegit
1260 2449 1372 2489 poeta
1389 2444 1546 2488 prudens
1564 2443 1707 2477 ferendi

286 2597 369 2636 254
400 2599 520 2637 uirum
551 2612 624 2638 om.
657 2600 805 2638 Nonius
900 2600 982 2639 255
1015 2612 1082 2639 uos
1113 2601 1197 2638 edd.
1229 2599 1296 2637 bos
1325 2601 1415 2638 libri
1499 2598 1611 2635 betite
1642 2598 1706 2634 Iu-

172 2656 259 2692 nius
289 2654 398 2693 bibite
426 2657 518 2694 libri
621 2655 703 2695 256
734 2657 993 2707 pedetemptim
1025 2658 1246 2705 Charisius,
1278 2657 1476 2694 Ciceronis
1496 2656 1589 2704 Rey.
1611 2667 1659 2691 m.
1683 2653 1707 2690 2

175 2734 302 2772 Bruoe.
335 2733 556 2783 peditemtim
587 2736 683 2785 Rey.
715 2748 763 2774 m.
790 2737 811 2773 1
844 2710 1065 2786 peditenteim
1099 2737 1216 2783 Gaul„
1250 2747 1354 2773 corr.
1387 2737 1527 2777 altera,
1561 2734 1630 2771 sed
1658 2743 1705 2770 ea

174 2793 332 2840 antiqua
363 2803 492 2830 marm.
531 2791 752 2842 pedetentim
785 2796 906 2831 ceteri
931 2794 1024 2831 libri
1108 2805 1148 2830 ae
1180 2793 1380 2831 Charisius
1410 2793 1458 2828 ite
1489 2796 1524 2827 et
1556 2790 1706 2827 Cicero·

173 2849 236 2884 nis
262 2848 354 2885 libri
467 2850 534 2887 nisi
566 2849 763 2887 Ciceronis
794 2850 891 2887 Gud.
924 2862 972 2887 m.
1006 2851 1026 2886 1
1175 2849 1254 2887 257
1286 2853 1430 2897 arrepat
1458 2848 1709 2894 praeplacuie

118 2920 123 2925 ·
175 2903 359 2952 Maehtyo
389 2917 486 2943 ann.
510 2906 662 2953 philoll.
688 2906 795 2944 1857
825 2918 865 2954 p.
889 2906 970 2944 287
1089 2905 1172 2944 260
1202 2907 1274 2942 ictu
1307 2905 1529 2961 Gna-RQ.
