1942 3204
766 198 814 235 M.
843 197 1083 233 PAcvvlvs
1612 195 1694 238 123

689 303 753 347 IX
786 302 926 362 (Arm.
958 303 1044 347 iud.
1080 301 1154 360 15)

154 383 244 427 360
274 381 458 426 Pandite
489 383 659 439 ualuas,
692 380 926 440 [remouete
958 396 1093 438 seras,

273 458 350 519 Vt]
385 461 664 518 complectar!

851 537 892 580 X
924 535 993 595 (9)

273 616 402 660 Nune
433 614 622 674 primum
654 618 811 673 opacat
841 616 949 659 flora
979 615 1142 672 lanugo
1174 629 1322 671 genas.

854 693 916 736 XI
937 691 1005 751 (6)

398 806 406 815 .
438 774 554 815 te'rra
585 772 728 815 exalat
758 774 909 815 auram
940 771 995 813 ad
1026 786 1228 814 auroram
1260 771 1464 814 limidam.

719 849 806 893 XII
839 847 1008 907 (Dulor.
1040 847 1119 906 39)

273 927 539 985 Graiugena:
571 927 623 970 de
655 928 765 971 istoc
796 927 936 984 aperit
966 927 1062 983 ipsa
1093 927 1245 970 oratio.

261 1063 268 1070 ,
787 1005 921 1048 XIIIa
953 1003 1052 1062 (22)

157 1085 246 1129 365
278 1083 454 1128 Solatur
486 1083 718 1127 auxiliatur
747 1083 1032 1139 hortaturque
1063 1098 1143 1125 me.

790 1158 925 1204 XIIlb
958 1158 1056 1218 (38)

834 1238 1017 1295 Pylades

154 1319 267 1363 365¹
300 1317 410 1376 'Ego
443 1334 539 1361 sum
569 1317 755 1361 Orestes,
1642 1329 1693 1355 125

246 1450 298 1484 IX
320 1450 456 1484 Festus
477 1461 511 1494 p.
529 1450 596 1484 282
612 1450 661 1486 M.
689 1447 801 1495 [res
814 1460 933 1483 erarl
957 1473 1058 1482 .....
1083 1447 1151 1492 ait]
1179 1448 1254 1482 dici
1271 1450 1318 1482 ab
1338 1461 1393 1491 eo,
1421 1449 1516 1492 quod
1535 1448 1695 1492 re[mota

155 1507 239 1531 sera
264 1507 287 1530 a
317 1496 454 1530 ianuae
486 1493 658 1540 card]ine
690 1495 871 1539 patefiant
902 1491 1020 1538 [fores
1050 1512 1093 1517 —
1120 1511 1163 1518 —
1187 1492 1309 1539 serae]
1340 1506 1496 1547 namque
1522 1495 1695 1528 dicuntur

155 1542 284 1580 fustes,
311 1539 391 1586 [qui
417 1545 652 1585 opponuntur
669 1539 824 1584 clausis]
852 1541 1007 1575 foribus.
1041 1540 1268 1574 Pacuuius
1292 1541 1336 1573 in
1360 1565 1689 1575 ...............

156 1587 366 1642 pandite’
394 1598 425 1621 e.
450 1597 485 1631 q.
513 1597 541 1621 s.
567 1586 811 1630 (Pacuuius
841 1587 887 1619 in
913 1585 1139 1618 Armorum
1164 1585 1340 1620 iudicio
1366 1586 1535 1627 Vrsinus)
1577 1586 1695 1619 Tecu-

155 1643 313 1667 messam
335 1634 375 1665 in
397 1633 586 1666 Armorum
611 1632 749 1666 iudicio
773 1631 1035 1665 lamentantem
1056 1641 1258 1674 agnoscere
1281 1632 1354 1665 sibi
1382 1633 1486 1666 uisus
1515 1635 1573 1665 est
1595 1633 1695 1666 Vrsi-

155 1689 224 1712 nus
353 1679 388 1711 X
418 1678 526 1711 Pauli
558 1678 690 1712 Festus
720 1689 754 1721 p.
781 1679 826 1711 94
856 1679 905 1711 M.
939 1676 1148 1710 ‘Pacuuius
1178 1688 1318 1720 genas
1350 1681 1459 1732 putat
1491 1687 1591 1719 esse,
1623 1688 1695 1721 qua

154 1724 273 1758 barba
297 1723 451 1768 primum
476 1724 603 1765 oritur,
628 1723 697 1757 hoc
722 1734 834 1757 uersu
857 1748 865 1756 .
880 1747 888 1755 .
903 1724 932 1757 .’
967 1723 1024 1756 De
1050 1721 1335 1775 Parthenopaeo
1359 1725 1397 1756 in
1415 1723 1596 1756 Atalanta
1621 1723 1695 1756 dic-

156 1773 233 1804 tum
257 1769 423 1803 uidetur:
456 1769 505 1805 ef.
531 1769 706 1812 Aeschyli
731 1769 832 1813 Sept.
859 1770 927 1802 534
950 1767 1092 1811 στείχει
1125 1761 1163 1801 δ’
1198 1767 1326 1808 ἴουλος
1351 1763 1437 1811 ἄρτι
1463 1763 1531 1802 διὰ
1555 1768 1695 1812 παρηί-

156 1814 246 1850 δων.
346 1814 398 1848 xl
424 1815 540 1848 Varro
565 1815 610 1848 de
635 1815 659 1848 l.
687 1815 730 1849 L.
757 1816 789 1849 V
813 1815 858 1847 24
882 1815 932 1849 M.
966 1778 1144 1847 ‘zhumor
1173 1813 1277 1853 hinc,
1308 1815 1435 1858 itaque
1467 1814 1550 1848 ideo
1580 1815 1693 1847 Luci-

155 1861 244 1895 lius:
280 1863 378 1894 terra
406 1861 488 1894 abit
517 1860 556 1894 in
587 1860 730 1894 nimbos
764 1861 1002 1904 imbremque.
1055 1860 1300 1893 Pacuuius:
1337 1863 1461 1894 terra
1490 1885 1498 1893 .
1519 1885 1528 1894 .
1548 1885 1556 1893 .
1584 1860 1694 1892 umi-

157 1907 269 1948 dam,
299 1906 536 1940 humectam.’
651 1907 722 1940 XII
754 1905 883 1940 Cicero
915 1905 958 1939 de
991 1908 1069 1940 nat.
1100 1904 1199 1939 deor.
1229 1905 1267 1939 11
1291 1907 1352 1943 36,
1376 1907 1417 1939 91
1452 1905 1692 1948 ‘dicaturque

155 1956 232 1986 tam
257 1951 389 1986 aether
410 1952 546 1985 Latine
572 1962 679 1996 quam
703 1951 840 1985 dieitur
862 1952 938 1993 abr,
963 1950 1036 1984 etsi
1058 1951 1326 1994 interpretatur
1340 1952 1529 1985 Pacuuius
1550 1949 1695 1995 [Chrys.

156 1996 216 2042 89]
244 1997 352 2041 quasi
381 2007 469 2031 uero
500 2008 573 2031 non
597 1997 731 2031 Graius
763 1997 832 2030 hoe
862 1997 970 2030 dieat.
1018 1996 1066 2030 At
1092 1997 1228 2030 Latine
1258 1997 1434 2040 loquitur.
1476 1997 1515 2030 Si
1545 1996 1694 2040 quidem

155 2054 223 2077 nos
259 2053 332 2076 non
368 2043 475 2086 quasi
507 2042 650 2077 Graece
686 2042 899 2086 loquentem
937 2042 1145 2076 audiamus.
1196 2043 1318 2076 Docet
1354 2043 1450 2076 idem
1482 2042 1557 2076 alio
1594 2042 1692 2075 loco·

156 2089 396 2132 Graiugena'
419 2099 450 2123 e.
477 2098 512 2132 q.
540 2099 568 2122 s.
609 2087 743 2142 (Deest
766 2089 828 2122 hie
852 2088 956 2122 loeus
986 2089 1024 2121 in
1049 2088 1157 2123 vind.
1191 2091 1228 2122 et
1251 2088 1344 2143 Pal.)
1393 2088 1561 2143 Quadi-at
1585 2088 1693 2121 Euri-

156 2134 254 2178 pidis
278 2134 528 2178 Iphig.Tau1-.
551 2128 888 2180 ιι.236”Ελληνες“
912 2128 957 2167 ἐν
982 2127 1086 2168 τοῦτ’
1114 2129 1222 2175 οῖδα,
1250 2129 1320 2168 κού
1344 2130 1572 2178 περαιτέρω,
1598 2133 1694 2167 unde

157 2180 366 2214 coniectura
390 2179 459 2213 hoe
486 2180 530 2213 fr.
557 2180 621 2213 alii
647 2180 693 2213 ad
714 2180 946 2214 Dulorestem
971 2179 1213 2220 rettulerunt,
1238 2180 1315 2224 ipse
1342 2190 1438 2213 nunc
1464 2180 1510 2213 ad
1527 2179 1694 2222 Chrysen

158 2226 346 2270 pertinere
373 2229 474 2268 puto.
589 2226 703 2260 x111·
725 2227 861 2260 Festus
891 2236 924 2269 p.
949 2227 1015 2260 301
1038 2225 1086 2259 M.
1113 2225 1279 2259 ‘solari
1309 2226 1389 2258 sine
1420 2225 1695 2269 praepositione

158 2271 298 2304 dixisse
330 2271 505 2315 antiquos
536 2271 646 2305 testis
678 2275 735 2305 est
765 2272 971 2313 Pacuuius,
1003 2282 1085 2304 cum
1110 2272 1180 2304 ait:
1213 2270 1375 2305 solatur'
1401 2281 1431 2306 e.
1459 2282 1494 2314 q.
1521 2281 1550 2305 s.

157 2315 274 2351 x111b
305 2316 438 2350 Cicero
469 2316 514 2350 de
545 2315 606 2350 fin.
634 2317 664 2350 V
689 2319 751 2359 22,
775 2319 819 2351 63
850 2318 928 2360 ‘qui
959 2316 1134 2351 clamores
1165 2317 1271 2360 uulgi
1301 2321 1413 2359 atque
1443 2316 1694 2360 imperitorum

158 2362 370 2396 excitantur
394 2363 432 2395 in
458 2362 636 2404 theatris,
668 2373 749 2396 cum
774 2362 840 2396 illa
865 2363 1055 2396 dicuntur:
1088 2373 1169 2406 ego
1196 2373 1286 2396 sum
1312 2362 1519 2405 Orestes,
1546 2364 1693 2395 contra·

158 2418 230 2451 qne
256 2408 303 2441 ab
321 2407 458 2441 altero:
484 2408 630 2442 immo’
657 2419 687 2442 e.
711 2419 744 2452 q.
769 2419 798 2444 s.
833 2407 947 2441 ‘Cum
972 2412 1089 2442 autem
1115 2408 1227 2442 etiam
1252 2408 1399 2441 exitus
1426 2408 1478 2440 ab
1502 2410 1693 2450 utroque

158 2452 291 2486 datur
321 2453 592 2487 conturbato
618 2455 888 2498 errantique
919 2455 1035 2498 regi:
1069 2455 1217 2487 ambo’
1244 2465 1275 2487 e.
1294 2464 1327 2497 q.
1347 2465 1376 2486 s.
1409 2454 1598 2496 ‘quotiens
1624 2453 1693 2486 hoc

273 2574 357 2612 360
385 2586 441 2623 sq.
472 2578 660 2612 remouete
690 2586 808 2621 seras,
841 2579 881 2611 ut
903 2574 1090 2623 Scaliger.
1123 2575 1218 2612 nihil
1247 2579 1417 2622 apparet
1446 2576 1486 2611 in
1508 2574 1639 2611 codice

160 2630 241 2669 362
273 2630 362 2668 flora
383 2631 582 2680 Scaliger.-
611 2631 663 2680 cf.
685 2632 762 2669 Aet.
784 2630 866 2669 246
898 2631 988 2669 llore
1017 2633 1108 2669 libri
1201 2631 1283 2669 363
1314 2630 1429 2668 exalat
1460 2631 1567 2668 Flor.
1601 2635 1694 2666 teste

168 2688 438 2734 Wilmannsio,
478 2688 614 2726 Haun.
646 2687 832 2726 exhalabat
862 2690 945 2726 cod.
983 2689 1014 2725 B
1044 2688 1184 2726 exhalat
1215 2691 1338 2725 ceteri
1365 2688 1453 2724 libri
1482 2688 1536 2735 cs.
1568 2687 1692 2723 Lach-

158 2756 325 2782 mannus
353 2747 391 2782 in
421 2745 538 2783 Lucr.
561 2745 726 2784 111431
815 2750 851 2782 at
871 2746 1005 2783 Haun.
1036 2750 1145 2795 atque
1175 2747 1298 2782 celeri
1382 2755 1509 2779 aurora
1533 2744 1695 2780 Botleius

244 2801 426 2839 humidam
453 2802 545 2839 libri
636 2801 786 2839 Exhalat
814 2813 937 2839 auram
970 2808 1065 2839 terra
1096 2802 1139 2838 ab
1167 2813 1295 2838 aurora
1328 2799 1506 2837 humidam
1539 2801 1695 2837 Grotius

161 2857 262 2895 Bibl.
294 2860 382 2896 crit.
413 2870 502 2897 nou.
523 2859 590 2896 IV
696 2858 779 2897 364
809 2859 903 2896 istoc
934 2860 1097 2897 Bothius
1127 2859 1194 2895 ista
1225 2858 1310 2895 Erl.
1342 2858 1413 2893 isto
1444 2859 1565 2894 ceteri
1591 2857 1693 2894 libri.

160 2916 219 2951 An
250 2914 372 2952 istod?
459 2916 697 2966 Graiugenam
728 2915 789 2953 ted
819 2927 899 2953 esse
929 2917 1045 2965 aperit
1076 2916 1231 2953 Grotius
