1942 3204
242 196 358 231 XLVI
833 176 1183 230 coROLLARIVM

364 303 412 345 V.
445 304 532 345 294
568 303 666 345 libri
703 304 866 345 habent
901 303 1095 345 horrescit
1130 305 1168 344 et
1198 302 1350 355 yliscit,
1390 316 1473 356 quo
1506 302 1559 343 ad
1596 303 1764 356 explen-

247 376 347 416 dum
379 374 646 416 octonarium
678 374 741 415 uti
772 374 930 428 possis:
1562 375 1569 380 ’

333 446 406 488 sed
438 446 581 488 nescio
615 445 818 500 quidnam
851 447 945 486 est:
967 444 1098 486 animi
1130 444 1669 499 horrescit,‘et·[tamen]

1304 515 1464 570 [gliscit
1495 515 1707 570 gaudium.

245 588 390 637 Qualis
434 588 662 630 affectuum
710 587 969 643 ambiguitas
1012 588 1058 629 in
1100 587 1323 642 tragoedia
1365 587 1432 628 vel
1477 586 1618 629 subito
1657 585 1768 627 inter

245 659 382 713 ipsam
425 658 634 700 laetitiam
678 658 941 700 imminentis
986 658 1161 713 periculi
1205 660 1321 699 metu
1363 658 1430 699 vel
1474 657 1565 699 dira
1607 656 1768 698 inimici

247 729 406 770 ultione
438 728 507 783 (cf.
539 744 576 770 v.
604 729 710 783 286)
742 729 917 771 excitari
948 732 1135 784 poterat3
1167 729 1378 772 indicatur
1404 731 1546 770 autem
1570 728 1768 770 insolitus

246 800 419 855 quidam
446 814 595 841 sensus
627 800 922 842 admirationis
948 801 1132 842 formula
1157 800 1246 842 ‘sed
1271 800 1414 841 nescio
1441 799 1644 855 quidnam
1669 802 1766 842 est.’

247 870 405 925 Utique
437 870 706 913 audaciorem
731 870 978 914 Buecheleri
1004 872 1289 914 coniecturam
1323 885 1414 912 esse
1445 871 1583 913 iudico
1614 870 1769 912 horres-

246 942 300 983 cit
330 942 587 996 glossemate
612 943 751 984 crescit
770 957 897 996 prave
924 943 1077 983 iterato
1103 945 1271 997 natum,
1302 944 1452 996 poetae
1479 944 1620 984 autem
1649 956 1768 983 sena-

248 1014 357 1054 rium
384 1027 494 1054 esse:
517 1001 596 1055 'secl
618 1014 748 1055 nc'scio
771 1014 971 1067 quidnam
989 1015 1067 1056 cst:
1099 1013 1232 1055 aniona·
1262 1013 1349 1067 (vel
1373 1013 1460 1054 iam
1485 1013 1607 1068 mihi)
1634 1013 1771 1066 yliscit

244 1085 454 1136 yacidimn.
1342 1072 1345 1075 .

371 1154 418 1196 V.
450 1155 537 1196 295
569 1158 778 1197 aeternum
809 1156 1036 1198 hwitanum
1062 1156 1176 1197 volui
1202 1170 1293 1197 esse
1325 1156 1499 1197 deorum
1530 1156 1768 1197 hominum-

250 1240 349 1281 que:
401 1225 602 1268 humanos
644 1225 865 1268 Lucretius
909 1226 976 1268 III
1017 1228 1086 1269 80.
1130 1227 1214 1269 837
1261 1229 1303 1268 et
1345 1226 1483 1268 Varro
1526 1228 1571 1268 in
1615 1227 1770 1268 saturis

249 1312 287 1351 p.
318 1296 417 1351 165,
450 1295 477 1337 5
503 1296 552 1338 R.
581 1297 779 1339 dixerunt
809 1298 1023 1352 homines;
1057 1298 1259 1339 ‘humano
1290 1298 1439 1340 maior’
1469 1297 1643 1339 Ovidius
1674 1297 1770 1338 fast.

251 1367 315 1409 HI
347 1368 452 1422 501,
484 1368 590 1410 alios
622 1371 670 1410 111
700 1369 880 1411 mittam.
943 1367 1080 1410 Simili
1111 1368 1224 1410 Iovis
1257 1369 1542 1423 appellatione
1573 1383 1675 1409 usus
1707 1370 1772 1408 est

250 1438 428 1480 Plautus
466 1439 511 1479 in
548 1439 863 1494 Amphitruone
900 1454 936 1481 v.
972 1440 1081 1481 1121
1118 1444 1323 1481 ‘summus
1360 1440 1592 1495 imperator
1630 1439 1770 1480 divom

253 1512 379 1564 atque
411 1509 633 1550 hominum
666 1510 883 1564 Iuppiter?

369 1579 421 1621 V.
448 1580 533 1621 306
564 1582 653 1622 irae
678 1581 791 1636 'quod
822 1581 867 1622 in
887 1580 1000 1622 Leid.
1020 1597 1060 1623 11.
1086 1582 1167 1624 116
1188 1584 1304 1623 extat
1334 1585 1478 1636 potest
1497 1596 1641 1624 verum
1661 1596 1770 1624 esse:

256 1652 306 1692 cf.
338 1650 480 1692 Plauti
511 1650 620 1693 Rud.
652 1652 736 1693 247
771 1654 834 1693 ‘ut
864 1666 931 1693 me
964 1652 1154 1693 omnium
1186 1653 1271 1694 iam
1303 1654 1497 1695 laborum
1528 1654 1669 1695 levas?

371 1722 422 1763 In
454 1736 490 1763 v.
523 1722 607 1764 307
641 1725 740 1777 post
768 1724 937 1765 uarium
969 1737 1136 1765 comma
1167 1725 1422 1778 ponendum.

371 1792 422 1834 V.
455 1794 538 1835 311
579 1794 795 1836 t'z'asantcm
833 1809 858 1836 a
895 1794 1058 1836 Graeco
1094 1790 1272 1849 θιάσαι,
1311 1792 1520 1847 χορεῦσαι
1551 1793 1772 1849 (Hesych.)

254 1865 413 1905 sactum
457 1878 549 1906 esse
592 1879 680 1905 non
718 1879 953 1919 monerem,
996 1865 1079 1906 nisi
1123 1866 1309 1919 pessima
1351 1880 1487 1919 nuper
1529 1865 1771 1907 coniectura

252 1938 449 1976 vexatum
481 1937 603 1976 esset.

372 2005 423 2047 V.
462 2006 548 2047 314
591 2008 639 2047 ut
680 2006 836 2048 inculta
877 2007 1129 2049 mestitudine
1168 2006 1394 2062 Pacuvius,
1442 2008 1503 2048 ita
1547 2007 1771 2062 ‘neglecta‚

256 2076 462 2118 inmunda
493 2077 673 2118 inluvie'
706 2077 930 2119 Terentius
961 2077 1077 2119 haut.
1110 2078 1207 2120 295.

373 2147 425 2189 V.
469 2147 555 2189 315
597 2148 775 2201 defessus
810 2149 1100 2203 perroyitando
1143 2149 1303 2190 dictum
1346 2151 1412 2191 est
1454 2151 1502 2190 ut
1543 2149 1588 2190 in
1631 2149 1772 2191 Plauti

255 2218 468 2273 Amphitr.
500 2233 535 2260 v.
573 2219 685 2261 1014
717 2223 833 2261 ‘sum
866 2219 1055 2261 defessus
1087 2219 1398 2275 quaeritando.'

375 2288 483 2331 Cum
524 2304 561 2331 v.
598 2290 684 2332 336
728 2291 883 2346 dignus
932 2293 997 2332 est
1040 2290 1111 2345 qui
1160 2290 1404 2332 conferatur
1450 2289 1673 2331 Plautinus
1722 2304 1772 2331 ex

254 2360 564 2415 Amphitryone
596 2375 632 2402 V.
668 2361 780 2403 1062
812 2361 1029 2416 ‘strepitus
1061 2361 1245 2415 crepitus
1277 2361 1442 2402 sonitus
1473 2361 1686 2403 tonitrus’.

372 2431 424 2473 V.
445 2431 529 2473 338
558 2432 757 2486 praeterii
784 2432 897 2487 quod
923 2431 968 2474 L.
990 2431 1220 2489 Quicherat
1243 2431 1289 2472 in
1314 2431 1441 2486 libro,
1462 2446 1545 2486 quo
1565 2431 1773 2473 ‘addenda

254 2502 399 2544 lexicis
430 2502 592 2544 latinis'
627 2503 815 2558 collegit,
846 2518 885 2557 p.
915 2503 969 2545 51
1009 2502 1173 2556 conficte
1202 2505 1356 2544 canunt
1383 2502 1429 2543 in
1461 2504 1648 2544 extremo
1680 2515 1771 2556 sep—

254 2573 420 2614 tenario
453 2572 580 2614 scribi
610 2573 755 2615 voluit.
803 2573 923 2615 Idem
955 2573 1067 2628 apud
1098 2572 1276 2615 Accium
1306 2587 1343 2614 v.
1363 2572 1449 2614 238
1481 2572 1774 2626 amerepantes

254 2645 377 2686 melos
410 2644 574 2698 probat.

374 2713 438 2755 De
469 2729 505 2756 v,
538 2714 623 2757 348
656 2714 709 2756 ad
740 2714 871 2756 Ennii
902 2729 938 2757 v.
971 2715 1056 2757 366
1086 2730 1126 2769 p.
1158 2713 1344 2756 XXXVI
1375 2713 1472 2755 dixi.

373 2784 425 2827 V.
445 2785 531 2827 343
556 2788 753 2828 naturam
776 2786 863 2828 dico
894 2786 1101 2827 librorum
1127 2786 1334 2839 scriptura
1358 2783 1575 2826 verissime
1608 2798 1633 2824 a
1664 2781 1771 2824 Mer-

257 2870 351 2897 cero
383 2858 571 2897 correcta
601 2860 746 2898 natum
777 2856 917 2897 abdico
948 2855 1017 2910 (cf.
1048 2871 1085 2897 v,
1111 2855 1188 2910 55)
1221 2856 1279 2897 sic
1310 2854 1632 2896 constituendus
1663 2857 1771 2895 erat:
