1942 3204
209 198 235 240 6
534 199 695 233 LIVIVS
721 198 1030 233 ANDRONICVS
1103 198 1175 233 CN.
1203 198 1412 233 NAEVIVS

856 303 918 345 IX
953 300 1012 359 (X
1045 301 1091 359 6)

989 386 1139 428 dusmo
1171 383 1218 427 in
1248 386 1343 427 loeo

960 479 999 521 X

239 566 297 612 40
329 565 563 607 Puereiruni
595 564 792 606 manibus
824 564 1066 605 cdnfeetum
1098 563 1349 618 pulcerrime

943 658 1005 700 XI

330 742 690 798 Quinquertiones
723 743 876 798 praeeo
909 742 954 783 in
987 741 1173 783 medium
1204 742 1422 796 pr6uocat.

868 836 951 878 ΧΠ
986 834 1087 893 (XI)

332 920 471 962 Varro
504 919 554 961 de
586 921 612 969 l.
645 919 691 961 L.
723 918 809 961 VII
841 920 867 961 3
899 919 956 961 M.
993 918 1090 960 ‘nee
1121 918 1276 960 mirum
1314 933 1442 973 quom
1481 933 1568 959 non
1606 917 1733 959 modo

219 997 496 1052 Epimenides
613 1030 620 1037 .
654 996 726 1038 sed
759 996 887 1038 etiam
919 996 1110 1038 Teucer
1142 995 1277 1037 Liuii
1315 997 1431 1051 post
1462 1009 1624 1036 annos
1656 993 1739 1036 XV

214 1073 319 1131 (XII
351 1072 483 1130 Flor.)
517 1074 576 1116 ab
609 1073 714 1116 suis
747 1073 831 1128 qui
864 1073 931 1115 sit
962 1072 1253 1129 ignoretur!

694 1240 837 1304 CN.
888 1238 1229 1296 NAEVIVS

592 1352 1006 1396 ANDROMACHA
1040 1352 1170 1409 (Nou.
1201 1352 1356 1410 Andr.)

335 1450 458 1500 Quod
489 1451 554 1503 tii,
585 1449 642 1490 mi
675 1451 824 1504 gnate,
855 1450 1012 1504 quaeso
1044 1451 1093 1490 ut
1122 1449 1167 1491 in
1198 1450 1347 1504 pectus
1378 1450 1501 1489 tuum

336 1525 571 1582 Demst‘cas,
601 1528 821 1581 tamquam
854 1526 899 1568 in
930 1525 1130 1568 fiscinam
1162 1525 1433 1568 uindemitor.

217 1675 255 1708 id
283 1678 339 1708 est
367 1675 594 1717 frangentes.
643 1674 775 1707 Liuius
806 1699 813 1706 .
834 1699 842 1708 .
863 1677 892 1706 .’
940 1675 1074 1707 Festus
1098 1685 1132 1717 p,
1162 1674 1224 1705 162
1248 1673 1296 1707 M.
1323 1675 1351 1704 ‘.
1373 1697 1379 1705 .
1405 1672 1480 1706 .ri:
1513 1682 1636 1715 quem
1668 1682 1746 1714 ego

218 1732 263 1754 ne
273 1745 370 1753 .....
372 1728 374 1730 ’
387 1744 552 1753 ........
563 1729 580 1752 s
610 1722 760 1762 opem.’
809 1720 916 1752 Thes.
950 1730 1034 1752 nou.
1067 1719 1131 1753 lat.
1163 1718 1187 1754 l.
1221 1717 1243 1750 l.
1274 1729 1308 1760 p.
1333 1719 1399 1751 378
1423 1726 1476 1759 sq.
1506 1717 1594 1750 ‘alii
1625 1720 1746 1750 autem

218 1766 346 1798 dicunt
376 1764 624 1798 nefrendes
655 1764 832 1804 infantes,
868 1766 974 1807 quasi
1005 1764 1164 1797 nondum
1196 1763 1478 1796 frendentes...
1501 1762 1597 1794 unde
1628 1763 1746 1794 Nae-

217 1812 335 1843 uius:
362 1813 551 1853 quem...'
584 1820 615 1843 e.
644 1820 677 1852 q.
703 1820 732 1842 s,
779 1810 880 1842 Idem
907 1821 939 1852 p.
965 1811 1032 1842 214
1063 1810 1143 1841 ‘hio
1174 1808 1375 1845 nefrens,
1407 1808 1479 1844 dis,
1513 1808 1537 1839 i.
1565 1818 1595 1839 e.
1622 1807 1746 1839 infans

219 1856 323 1898 quasi
348 1856 504 1889 nondum
531 1855 766 1888 frendens...
788 1855 886 1888 unde
911 1855 1086 1887 Liuius:
1113 1856 1302 1896 quem...’
1329 1863 1359 1888 e.
1387 1863 1422 1895 q.
1448 1864 1477 1886 s.
1562 1852 1613 1884 IX
1638 1852 1746 1884 Pauli

218 1902 355 1934 Festus
379 1911 411 1943 p.
437 1901 479 1933 67
505 1900 553 1933 Μ.
603 1900 770 1933 ‘dusmo
795 1900 839 1932 in
863 1899 960 1932 loeo
986 1900 1082 1942 apud
1106 1899 1251 1931 Liuium
1278 1897 1463 1941 significat
1487 1897 1672 1930 dumosum
1698 1897 1748 1930 lo-

219 1957 317 1979 cum:
349 1946 490 1987 antiqui
522 1947 618 1977 enim
648 1945 922 1977 interserebant
953 1944 976 1976 S
1010 1945 1256 1976 litteram...'
1305 1943 1480 1976 Placidus
1511 1953 1568 1985 ap.
1602 1943 1645 1975 A.
1670 1943 1745 1974 Mai

219 1994 314 2024 auct.
341 1991 448 2025 class.
474 1990 529 2023 111
555 2002 588 2033 p.
613 1991 679 2022 452
705 1989 939 2027 ‘dusmum,
971 1989 1170 2032 incultum,
1203 1988 1390 2021 dumosum
1419 1987 1480 2020 uel
1514 1988 1745 2030 squalidum!

309 2037 341 2069 X
367 2036 582 2068 Priscianus
605 2046 640 2077 p.
666 2035 730 2067 697
756 2035 797 2069 Ρ.
822 2039 982 2077 ‘puera
1009 2034 1180 2067 dicebant
1203 2033 1451 2076 antiquissimi
1464 2057 1561 2065 .....
1585 2033 1747 2065 Liuius

219 2084 258 2114 in
284 2080 450 2114 Odissia:
474 2091 555 2113 mea
580 2090 708 2122 puera,
735 2080 820 2121 quid
837 2080 941 2112 uerbi
960 2091 1003 2113 ex
1022 2083 1084 2112 tuo
1102 2090 1160 2112 ore
1181 2089 1314 2122 supera
1331 2079 1436 2120 fugit.
1468 2077 1583 2110 idem
1610 2077 1744 2110 alibi:

218 2128 430 2170 puerarum'
458 2136 490 2158 e.
517 2136 550 2168 q.
577 2136 605 2158 s.
712 2126 764 2158 XI
794 2126 929 2158 Festus
959 2136 994 2168 p.
1020 2126 1086 2158 257
1110 2124 1159 2156 M.
1192 2123 1484 2167 ‘quinquertium
1503 2147 1512 2157 .
1533 2149 1540 2155 .
1562 2147 1570 2156 .
1590 2123 1744 2156 ‚Liuius

221 2181 363 2214 quoque
388 2171 488 2213 ipsos
512 2170 673 2203 athletas
697 2170 751 2202 sie
769 2171 950 2203 nominat:
976 2169 1294 2213 quinquertiones'
1321 2179 1351 2202 e.
1370 2179 1402 2211 q.
1423 2179 1449 2203 s.
1477 2167 1610 2200 Paulus
1627 2179 1661 2210 p.
1679 2169 1746 2201 256

221 2218 343 2260 ‘ipsos
369 2226 510 2258 quoque
535 2215 696 2248 athletas
722 2216 850 2248 Liuius
876 2216 1256 2258 quinquertiones
1281 2214 1475 2257 appellat.’

319 2262 441 2294 NAnvi
467 2261 754 2293 ANDRomAan?
780 2260 931 2293 Seruius
954 2261 993 2293 in
1009 2262 1119 2303 Verg.
1139 2260 1204 2294 Ge.
1221 2260 1239 2292 Ι
1258 2260 1325 2292 266
1349 2255 1560 2302 ‘fiscinaJ
1586 2258 1750 2291 Naeuius

221 2309 258 2340 in
283 2307 619 2340 Andromacha...’
668 2306 784 2338 Nouio
814 2305 923 2339 ualde
955 2305 1199 2348 probabiliter
1230 2304 1383 2338 Bothius
1416 2307 1453 2336 et
1479 2302 1652 2335 Munkius
1684 2303 1747 2335 tri-

221 2354 387 2387 buerunt.

336 2502 387 2538 39
420 2501 546 2537 dusmo
579 2500 689 2537 ‘boni
714 2502 806 2538 libri
824 2506 859 2537 el
887 2502 1097 2537 deteriores
1127 2500 1298 2547 quidam,
1332 2500 1436 2535 uelut
1465 2500 1517 2544 is,
1549 2509 1622 2545 quo
1644 2497 1746 2533 Bar-

225 2561 327 2596 llu‘us
365 2560 485 2595 utitur
522 2560 559 2594 in
590 2558 751 2593 Aduers.
784 2558 854 2594 XL
888 2555 958 2593 17’
996 2556 1036 2592 O.
1067 2555 1296 2601 Muellerus,
1338 2557 1403 2602 qui
1438 2553 1607 2601 defendit
1645 2554 1747 2590 hanc

219 2617 402 2663 sormam.
433 2614 605 2650 dusmoso
637 2615 749 2661 uulyo
851 2612 907 2651 40
936 2614 1154 2658 senarium,
1184 2624 1260 2648 non
1291 2612 1514 2648 Saturnium
1545 2619 1630 2646 esse
1652 2621 1747 2656 pro-

223 2673 328 2708 bauit
359 2671 626 2708 Buecheler-us
663 2682 753 2706 ann.
793 2670 937 2718 philoll.
972 2668 1077 2707 1863
1111 2681 1154 2716 p.
1187 2667 1266 2705 331
1380 2666 1596 2716 pulcerrime
1628 2666 1746 2703 Caro-

223 2729 338 2765 lirulz.
370 2727 610 2776 pulcherrime
631 2729 753 2763 ceteri
769 2727 876 2774 libri,
908 2728 983 2763 nisi
1002 2726 1104 2774 quod
1121 2725 1381 2773 pulcherrimae
1402 2724 1495 2771 Req.
1584 2721 1636 2758 41
1660 2724 1746 2759 olim

224 2788 325 2821 inter
355 2784 559 2821 Saturnios
593 2785 825 2831 reliqueram
951 2793 1059 2831 preco
1095 2783 1197 2828 cod„
1234 2783 1317 2818 olim
1352 2791 1454 2818 corr.
1550 2774 1744 2829 prouocat]

229 2846 331 2877 uocat
363 2841 446 2878 cod.

340 2896 363 2935 2
394 2897 430 2933 in
461 2895 617 2932 fiscinam
649 2895 867 2932 uindemitor
888 2895 1049 2933 Bomius
1078 2893 1316 2931 uindemiator
1343 2894 1380 2929 in
1409 2891 1567 2929 fiscinam
1590 2892 1750 2929 Seruius
