<?xml version="1.0" encoding="UTF-8"?>
<!DOCTYPE html PUBLIC "-//W3C//DTD XHTML 1.0 Transitional//EN"
    "http://www.w3.org/TR/xhtml1/DTD/xhtml1-transitional.dtd">
<html xmlns="http://www.w3.org/1999/xhtml" xml:lang="en" lang="en">
 <head>
  <title>
</title>
<meta http-equiv="Content-Type" content="text/html;charset=utf-8" />
  <meta name='ocr-system' content='tesseract 3.04.00' />
  <meta name='ocr-capabilities' content='ocr_page ocr_carea ocr_par ocr_line ocrx_word'/>
</head>
<body>
  <div class='ocr_page' id='page_1' title='image "./romanorumpoes01ribbuoft_0041.png"; bbox 0 0 1942 3204; ppageno 0'>
   <div class='ocr_carea' id='block_1_1' title="bbox 747 204 1700 243">
    <p class='ocr_par' dir='ltr' id='par_1_1' title="bbox 747 204 1700 243">
     <span class='ocr_line' id='line_1_1' title="bbox 747 204 1700 243; baseline -0.002 0"><span class='ocrx_word' id='word_1_1' title='bbox 747 204 1100 243; x_wconf 76' lang='lat' dir='ltr'><strong>COROLLARIVM</strong></span> <span class='ocrx_word' id='word_1_2' title='bbox 1528 205 1700 242; x_wconf 85' lang='lat' dir='ltr'>XXXVII</span> 
     </span>
    </p>
   </div>
   <div class='ocr_carea' id='block_1_2' title="bbox 153 314 1698 1959">
    <p class='ocr_par' dir='ltr' id='par_1_2' title="bbox 160 314 1698 443">
     <span class='ocr_line' id='line_1_2' title="bbox 160 314 1698 375; baseline -0.004 -13"><span class='ocrx_word' id='word_1_3' title='bbox 160 318 235 363; x_wconf 78' lang='lat' dir='ltr'><strong>sit:</strong></span> <span class='ocrx_word' id='word_1_4' title='bbox 280 317 375 375; x_wconf 84' lang='lat' dir='ltr'><strong>‘qui</strong></span> <span class='ocrx_word' id='word_1_5' title='bbox 413 318 524 361; x_wconf 76' lang='lat' dir='ltr'><strong>vires</strong></span> <span class='ocrx_word' id='word_1_6' title='bbox 562 317 785 360; x_wconf 81' lang='lat' dir='ltr'><strong>hauserint</strong></span> <span class='ocrx_word' id='word_1_7' title='bbox 815 316 867 360; x_wconf 90' lang='lat' dir='ltr'><strong>de</strong></span> <span class='ocrx_word' id='word_1_8' title='bbox 899 315 1022 359; x_wconf 88' lang='lat' dir='ltr'><strong>victis</strong></span> <span class='ocrx_word' id='word_1_9' title='bbox 1060 314 1275 368; x_wconf 85' lang='lat' dir='ltr'><strong>hostibus,</strong></span> <span class='ocrx_word' id='word_1_10' title='bbox 1315 330 1400 357; x_wconf 91' lang='lat' dir='ltr'><strong>non</strong></span> <span class='ocrx_word' id='word_1_11' title='bbox 1447 317 1494 356; x_wconf 90' lang='lat' dir='ltr'><strong>ut</strong></span> <span class='ocrx_word' id='word_1_12' title='bbox 1537 315 1609 357; x_wconf 89' lang='lat' dir='ltr'><strong>alii</strong></span> <span class='ocrx_word' id='word_1_13' title='bbox 1647 315 1698 357; x_wconf 71' lang='lat' dir='ltr'><strong>do</strong></span> 
     </span>
     <span class='ocr_line' id='line_1_3' title="bbox 160 386 1562 443; baseline -0.004 -9"><span class='ocrx_word' id='word_1_14' title='bbox 160 390 287 434; x_wconf 84' lang='lat' dir='ltr'><strong>rebus</strong></span> <span class='ocrx_word' id='word_1_15' title='bbox 318 389 461 434; x_wconf 87' lang='lat' dir='ltr'><strong>minus</strong></span> <span class='ocrx_word' id='word_1_16' title='bbox 493 388 721 432; x_wconf 86' lang='lat' dir='ltr'><strong>honestis.&#39;</strong></span> <span class='ocrx_word' id='word_1_17' title='bbox 785 387 892 431; x_wconf 91' lang='lat' dir='ltr'><strong>Mihi</strong></span> <span class='ocrx_word' id='word_1_18' title='bbox 924 387 970 429; x_wconf 92' lang='lat' dir='ltr'><strong>in</strong></span> <span class='ocrx_word' id='word_1_19' title='bbox 1002 388 1190 443; x_wconf 79' lang='lat' dir='ltr'><strong>mentem</strong></span> <span class='ocrx_word' id='word_1_20' title='bbox 1223 386 1354 429; x_wconf 89' lang='lat' dir='ltr'><strong>etiam</strong></span> <span class='ocrx_word' id='word_1_21' title='bbox 1388 389 1562 429; x_wconf 88' lang='lat' dir='ltr'><strong>venerat</strong></span> 
     </span>
    </p>

    <p class='ocr_par' dir='ltr' id='par_1_3' title="bbox 158 458 1696 662">
     <span class='ocr_line' id='line_1_4' title="bbox 308 458 1538 518; baseline -0.003 -14"><span class='ocrx_word' id='word_1_22' title='bbox 308 496 317 504; x_wconf 95' lang='lat'><strong>.</strong></span> <span class='ocrx_word' id='word_1_23' title='bbox 344 495 353 504; x_wconf 89' lang='lat'><strong>.</strong></span> <span class='ocrx_word' id='word_1_24' title='bbox 385 460 458 518; x_wconf 90' lang='lat' dir='ltr'><strong>qui</strong></span> <span class='ocrx_word' id='word_1_25' title='bbox 491 461 633 503; x_wconf 69' lang='lat' dir='ltr'><strong>uices</strong></span> <span class='ocrx_word' id='word_1_26' title='bbox 665 460 722 503; x_wconf 90' lang='lat' dir='ltr'><strong>de</strong></span> <span class='ocrx_word' id='word_1_27' title='bbox 754 459 910 503; x_wconf 88' lang='lat' dir='ltr'><strong>uictis</strong></span> <span class='ocrx_word' id='word_1_28' title='bbox 942 458 1205 514; x_wconf 73' lang='lat' dir='ltr'><strong>sumpserint</strong></span> <span class='ocrx_word' id='word_1_29' title='bbox 1236 458 1538 514; x_wconf 77' lang='lat' dir='ltr'><strong>perduellibus.</strong></span> 
     </span>
     <span class='ocr_line' id='line_1_5' title="bbox 158 529 1696 591; baseline -0.004 -14"><span class='ocrx_word' id='word_1_30' title='bbox 158 531 272 577; x_wconf 83' lang='lat' dir='ltr'><strong>Nam</strong></span> <span class='ocrx_word' id='word_1_31' title='bbox 317 535 365 576; x_wconf 93' lang='lat' dir='ltr'><strong>ut</strong></span> <span class='ocrx_word' id='word_1_32' title='bbox 409 532 632 576; x_wconf 84' lang='lat' dir='ltr'><strong>referimus</strong></span> <span class='ocrx_word' id='word_1_33' title='bbox 677 531 893 575; x_wconf 88' lang='lat' dir='ltr'><strong>reddimus</strong></span> <span class='ocrx_word' id='word_1_34' title='bbox 938 529 1198 574; x_wconf 80' lang='lat' dir='ltr'><strong>exsolvimus</strong></span> <span class='ocrx_word' id='word_1_35' title='bbox 1244 529 1374 591; x_wconf 71' lang='lat' dir='ltr'><strong>vices,</strong></span> <span class='ocrx_word' id='word_1_36' title='bbox 1425 529 1485 572; x_wconf 91' lang='lat' dir='ltr'><strong>ita</strong></span> <span class='ocrx_word' id='word_1_37' title='bbox 1530 544 1696 572; x_wconf 75' lang='lat' dir='ltr'><strong>sumere</strong></span> 
     </span>
     <span class='ocr_line' id='line_1_6' title="bbox 161 605 518 662; baseline -0.003 -14"><span class='ocrx_word' id='word_1_38' title='bbox 161 619 330 662; x_wconf 90' lang='lat' dir='ltr'><strong>quoque</strong></span> <span class='ocrx_word' id='word_1_39' title='bbox 362 605 518 648; x_wconf 90' lang='lat' dir='ltr'><strong>licebit.</strong></span> 
     </span>
    </p>

    <p class='ocr_par' dir='ltr' id='par_1_4' title="bbox 156 671 1698 947">
     <span class='ocr_line' id='line_1_7' title="bbox 276 671 1698 732; baseline -0.004 -12"><span class='ocrx_word' id='word_1_40' title='bbox 276 675 327 719; x_wconf 89' lang='lat' dir='ltr'><strong>V.</strong></span> <span class='ocrx_word' id='word_1_41' title='bbox 360 676 445 720; x_wconf 81' lang='grc'><strong>397</strong></span> <span class='ocrx_word' id='word_1_42' title='bbox 478 689 606 732; x_wconf 77' lang='lat' dir='ltr'><strong>yenae</strong></span> <span class='ocrx_word' id='word_1_43' title='bbox 636 688 786 730; x_wconf 69' lang='lat' dir='ltr'><strong>{lenam</strong></span> <span class='ocrx_word' id='word_1_44' title='bbox 824 677 935 717; x_wconf 89' lang='lat' dir='ltr'><strong>recte</strong></span> <span class='ocrx_word' id='word_1_45' title='bbox 973 673 1180 716; x_wconf 87' lang='lat' dir='ltr'><strong>traditum</strong></span> <span class='ocrx_word' id='word_1_46' title='bbox 1218 687 1310 715; x_wconf 90' lang='lat' dir='ltr'><strong>esse</strong></span> <span class='ocrx_word' id='word_1_47' title='bbox 1350 674 1393 715; x_wconf 89' lang='lat' dir='ltr'><strong>et</strong></span> <span class='ocrx_word' id='word_1_48' title='bbox 1432 671 1587 727; x_wconf 83' lang='lat' dir='ltr'><strong>Servii,</strong></span> <span class='ocrx_word' id='word_1_49' title='bbox 1626 673 1698 729; x_wconf 89' lang='lat' dir='ltr'><strong>qui</strong></span> 
     </span>
     <span class='ocr_line' id='line_1_8' title="bbox 156 744 1696 804; baseline -0.003 -13"><span class='ocrx_word' id='word_1_50' title='bbox 156 747 385 804; x_wconf 82' lang='lat' dir='ltr'><strong>palpebras</strong></span> <span class='ocrx_word' id='word_1_51' title='bbox 426 747 737 803; x_wconf 85' lang='lat' dir='ltr'><strong>intellegendas</strong></span> <span class='ocrx_word' id='word_1_52' title='bbox 775 760 868 789; x_wconf 88' lang='lat' dir='ltr'><strong>esse</strong></span> <span class='ocrx_word' id='word_1_53' title='bbox 906 745 1047 800; x_wconf 89' lang='lat' dir='ltr'><strong>docet,</strong></span> <span class='ocrx_word' id='word_1_54' title='bbox 1092 744 1341 788; x_wconf 84' lang='lat' dir='ltr'><strong>testimonio</strong></span> <span class='ocrx_word' id='word_1_55' title='bbox 1386 747 1429 786; x_wconf 87' lang='lat' dir='ltr'><strong>et</strong></span> <span class='ocrx_word' id='word_1_56' title='bbox 1475 744 1696 786; x_wconf 87' lang='lat' dir='ltr'><strong>annalium</strong></span> 
     </span>
     <span class='ocr_line' id='line_1_9' title="bbox 158 815 1697 875; baseline -0.003 -13"><span class='ocrx_word' id='word_1_57' title='bbox 158 834 194 862; x_wconf 91' lang='lat' dir='ltr'><strong>v.</strong></span> <span class='ocrx_word' id='word_1_58' title='bbox 225 819 310 863; x_wconf 82' lang='lat'><strong>521</strong></span> <span class='ocrx_word' id='word_1_59' title='bbox 350 820 567 875; x_wconf 86' lang='lat' dir='ltr'><strong>probatur.</strong></span> <span class='ocrx_word' id='word_1_60' title='bbox 630 817 830 862; x_wconf 82' lang='lat' dir='ltr'><strong>Ceterum</strong></span> <span class='ocrx_word' id='word_1_61' title='bbox 869 817 1084 860; x_wconf 86' lang='lat' dir='ltr'><strong>diiambus</strong></span> <span class='ocrx_word' id='word_1_62' title='bbox 1121 817 1166 859; x_wconf 91' lang='lat' dir='ltr'><strong>in</strong></span> <span class='ocrx_word' id='word_1_63' title='bbox 1211 815 1326 858; x_wconf 87' lang='lat' dir='ltr'><strong>exitu</strong></span> <span class='ocrx_word' id='word_1_64' title='bbox 1368 830 1514 859; x_wconf 87' lang='lat' dir='ltr'><strong>versus</strong></span> <span class='ocrx_word' id='word_1_65' title='bbox 1556 831 1609 858; x_wconf 78' lang='lat' dir='ltr'><strong>ne</strong></span> <span class='ocrx_word' id='word_1_66' title='bbox 1642 816 1697 858; x_wconf 84' lang='lat' dir='ltr'><strong>sit</strong></span> 
     </span>
     <span class='ocr_line' id='line_1_10' title="bbox 156 888 1487 947; baseline -0.003 -13"><span class='ocrx_word' id='word_1_67' title='bbox 156 890 227 947; x_wconf 86' lang='lat' dir='ltr'><strong>(cf.</strong></span> <span class='ocrx_word' id='word_1_68' title='bbox 259 891 313 934; x_wconf 87' lang='lat' dir='ltr'><strong>ad</strong></span> <span class='ocrx_word' id='word_1_69' title='bbox 344 906 380 934; x_wconf 88' lang='lat' dir='ltr'><strong>v.</strong></span> <span class='ocrx_word' id='word_1_70' title='bbox 417 891 499 934; x_wconf 89' lang='grc'><strong>194</strong></span> <span class='ocrx_word' id='word_1_71' title='bbox 531 889 774 946; x_wconf 83' lang='lat' dir='ltr'><strong>adnotata),</strong></span> <span class='ocrx_word' id='word_1_72' title='bbox 806 889 977 932; x_wconf 92' lang='lat' dir='ltr'><strong>initium</strong></span> <span class='ocrx_word' id='word_1_73' title='bbox 1010 888 1242 944; x_wconf 76' lang='lat' dir='ltr'><strong>septenarii</strong></span> <span class='ocrx_word' id='word_1_74' title='bbox 1274 888 1487 942; x_wconf 88' lang='lat' dir='ltr'><strong>praefero:</strong></span> 
     </span>
    </p>

    <p class='ocr_par' dir='ltr' id='par_1_5' title="bbox 433 961 996 1018">
     <span class='ocr_line' id='line_1_11' title="bbox 433 961 996 1018; baseline -0.004 -13"><span class='ocrx_word' id='word_1_75' title='bbox 433 961 629 1018; x_wconf 74' lang='lat' dir='ltr'><strong>inprimit</strong></span> <span class='ocrx_word' id='word_1_76' title='bbox 659 962 795 1018; x_wconf 78' lang='lat' dir='ltr'><strong>genae</strong></span> <span class='ocrx_word' id='word_1_77' title='bbox 826 975 996 1018; x_wconf 85' lang='lat' dir='ltr'><strong>genam.</strong></span> 
     </span>
    </p>

    <p class='ocr_par' dir='ltr' id='par_1_6' title="bbox 275 1032 1208 1078">
     <span class='ocr_line' id='line_1_12' title="bbox 275 1032 1208 1078; baseline -0.005 0"><span class='ocrx_word' id='word_1_78' title='bbox 275 1033 328 1078; x_wconf 91' lang='lat' dir='ltr'><strong>V.</strong></span> <span class='ocrx_word' id='word_1_79' title='bbox 360 1035 446 1077; x_wconf 80' lang='lat'><strong>398</strong></span> <span class='ocrx_word' id='word_1_80' title='bbox 479 1033 649 1077; x_wconf 89' lang='lat' dir='ltr'><strong>initium</strong></span> <span class='ocrx_word' id='word_1_81' title='bbox 681 1033 952 1076; x_wconf 86' lang='lat' dir='ltr'><strong>numerosius</strong></span> <span class='ocrx_word' id='word_1_82' title='bbox 983 1032 1065 1075; x_wconf 92' lang='lat' dir='ltr'><strong>hoc</strong></span> <span class='ocrx_word' id='word_1_83' title='bbox 1097 1033 1208 1074; x_wconf 87' lang='lat' dir='ltr'><strong>erat:</strong></span> 
     </span>
    </p>

    <p class='ocr_par' dir='ltr' id='par_1_7' title="bbox 428 1105 986 1159">
     <span class='ocr_line' id='line_1_13' title="bbox 428 1105 986 1159; baseline -0.004 -11"><span class='ocrx_word' id='word_1_84' title='bbox 428 1105 647 1148; x_wconf 70' lang='lat' dir='ltr'><strong>flammam</strong></span> <span class='ocrx_word' id='word_1_85' title='bbox 679 1105 794 1148; x_wconf 91' lang='lat' dir='ltr'><strong>enim</strong></span> <span class='ocrx_word' id='word_1_86' title='bbox 825 1119 856 1147; x_wconf 83' lang='lat' dir='ltr'><strong>e.</strong></span> <span class='ocrx_word' id='word_1_87' title='bbox 887 1119 924 1159; x_wconf 74' lang='lat' dir='ltr'><strong>q.</strong></span> <span class='ocrx_word' id='word_1_88' title='bbox 955 1119 986 1147; x_wconf 83' lang='lat' dir='ltr'><strong>s.</strong></span> 
     </span>
    </p>

    <p class='ocr_par' dir='ltr' id='par_1_8' title="bbox 153 1172 1693 1959">
     <span class='ocr_line' id='line_1_14' title="bbox 274 1172 1688 1226; baseline -0.005 -5"><span class='ocrx_word' id='word_1_89' title='bbox 274 1177 326 1220; x_wconf 90' lang='lat' dir='ltr'><strong>V.</strong></span> <span class='ocrx_word' id='word_1_90' title='bbox 358 1178 457 1220; x_wconf 81' lang='lat'><strong>400.</strong></span> <span class='ocrx_word' id='word_1_91' title='bbox 519 1176 800 1220; x_wconf 88' lang='lat' dir='ltr'><strong>Horridulum</strong></span> <span class='ocrx_word' id='word_1_92' title='bbox 832 1176 953 1219; x_wconf 89' lang='lat' dir='ltr'><strong>illum</strong></span> <span class='ocrx_word' id='word_1_93' title='bbox 985 1175 1212 1218; x_wconf 89' lang='lat' dir='ltr'><strong>verborum</strong></span> <span class='ocrx_word' id='word_1_94' title='bbox 1243 1174 1403 1226; x_wconf 87' lang='lat' dir='ltr'><strong>lusum,</strong></span> <span class='ocrx_word' id='word_1_95' title='bbox 1440 1172 1508 1215; x_wconf 90' lang='lat' dir='ltr'><strong>cui</strong></span> <span class='ocrx_word' id='word_1_96' title='bbox 1547 1173 1592 1215; x_wconf 93' lang='lat' dir='ltr'><strong>in</strong></span> <span class='ocrx_word' id='word_1_97' title='bbox 1625 1188 1688 1215; x_wconf 82' lang='lat' dir='ltr'><strong>sa-</strong></span> 
     </span>
     <span class='ocr_line' id='line_1_15' title="bbox 153 1245 1690 1305; baseline -0.004 -13"><span class='ocrx_word' id='word_1_98' title='bbox 153 1250 248 1292; x_wconf 88' lang='lat' dir='ltr'><strong>tiris</strong></span> <span class='ocrx_word' id='word_1_99' title='bbox 286 1249 590 1305; x_wconf 88' lang='lat' dir='ltr'><strong>grammaticas</strong></span> <span class='ocrx_word' id='word_1_100' title='bbox 627 1262 766 1305; x_wconf 89' lang='lat' dir='ltr'><strong>nugas</strong></span> <span class='ocrx_word' id='word_1_101' title='bbox 803 1250 1060 1291; x_wconf 82' lang='lat' dir='ltr'><strong>tractantem</strong></span> <span class='ocrx_word' id='word_1_102' title='bbox 1102 1246 1331 1288; x_wconf 88' lang='lat' dir='ltr'><strong>indulsisse</strong></span> <span class='ocrx_word' id='word_1_103' title='bbox 1363 1245 1499 1287; x_wconf 90' lang='lat' dir='ltr'><strong>multo</strong></span> <span class='ocrx_word' id='word_1_104' title='bbox 1538 1245 1690 1300; x_wconf 87' lang='lat' dir='ltr'><strong>proba-</strong></span> 
     </span>
     <span class='ocr_line' id='line_1_16' title="bbox 154 1316 1689 1377; baseline -0.004 -13"><span class='ocrx_word' id='word_1_105' title='bbox 154 1321 282 1365; x_wconf 89' lang='lat' dir='ltr'><strong>bilius</strong></span> <span class='ocrx_word' id='word_1_106' title='bbox 320 1323 386 1363; x_wconf 88' lang='lat' dir='ltr'><strong>est</strong></span> <span class='ocrx_word' id='word_1_107' title='bbox 429 1336 558 1377; x_wconf 91' lang='lat' dir='ltr'><strong>quam</strong></span> <span class='ocrx_word' id='word_1_108' title='bbox 595 1320 640 1363; x_wconf 91' lang='lat' dir='ltr'><strong>in</strong></span> <span class='ocrx_word' id='word_1_109' title='bbox 678 1320 931 1377; x_wconf 87' lang='lat' dir='ltr'><strong>tragoediis,</strong></span> <span class='ocrx_word' id='word_1_110' title='bbox 975 1319 1146 1376; x_wconf 89' lang='lat' dir='ltr'><strong>qualem</strong></span> <span class='ocrx_word' id='word_1_111' title='bbox 1184 1333 1228 1360; x_wconf 88' lang='lat' dir='ltr'><strong>re</strong></span> <span class='ocrx_word' id='word_1_112' title='bbox 1270 1332 1370 1360; x_wconf 89' lang='lat' dir='ltr'><strong>vera</strong></span> <span class='ocrx_word' id='word_1_113' title='bbox 1413 1316 1583 1360; x_wconf 87' lang='lat' dir='ltr'><strong>Ennius</strong></span> <span class='ocrx_word' id='word_1_114' title='bbox 1628 1316 1689 1358; x_wconf 91' lang='lat' dir='ltr'><strong>in—</strong></span> 
     </span>
     <span class='ocr_line' id='line_1_17' title="bbox 155 1388 1690 1449; baseline -0.004 -13"><span class='ocrx_word' id='word_1_115' title='bbox 155 1393 359 1449; x_wconf 89' lang='lat' dir='ltr'><strong>stituerit,</strong></span> <span class='ocrx_word' id='word_1_116' title='bbox 389 1407 486 1436; x_wconf 92' lang='lat' dir='ltr'><strong>cum</strong></span> <span class='ocrx_word' id='word_1_117' title='bbox 517 1393 646 1435; x_wconf 88' lang='lat' dir='ltr'><strong>variis</strong></span> <span class='ocrx_word' id='word_1_118' title='bbox 678 1392 817 1435; x_wconf 87' lang='lat' dir='ltr'><strong>modis</strong></span> <span class='ocrx_word' id='word_1_119' title='bbox 848 1391 993 1434; x_wconf 91' lang='lat' dir='ltr'><strong>ludere</strong></span> <span class='ocrx_word' id='word_1_120' title='bbox 1026 1390 1231 1446; x_wconf 89' lang='lat' dir='ltr'><strong>potuerit,</strong></span> <span class='ocrx_word' id='word_1_121' title='bbox 1263 1389 1308 1431; x_wconf 90' lang='lat' dir='ltr'><strong>in</strong></span> <span class='ocrx_word' id='word_1_122' title='bbox 1340 1390 1464 1431; x_wconf 86' lang='lat' dir='ltr'><strong>tanto</strong></span> <span class='ocrx_word' id='word_1_123' title='bbox 1495 1388 1690 1431; x_wconf 86' lang='lat' dir='ltr'><strong>codicum</strong></span> 
     </span>
     <span class='ocr_line' id='line_1_18' title="bbox 154 1460 1691 1519; baseline -0.005 -11"><span class='ocrx_word' id='word_1_124' title='bbox 154 1465 350 1508; x_wconf 88' lang='lat' dir='ltr'><strong>dissensu</strong></span> <span class='ocrx_word' id='word_1_125' title='bbox 381 1467 497 1508; x_wconf 90' lang='lat' dir='ltr'><strong>certo</strong></span> <span class='ocrx_word' id='word_1_126' title='bbox 530 1464 815 1507; x_wconf 89' lang='lat' dir='ltr'><strong>demonstrari</strong></span> <span class='ocrx_word' id='word_1_127' title='bbox 846 1463 917 1505; x_wconf 82' lang='lat' dir='ltr'><strong>vix</strong></span> <span class='ocrx_word' id='word_1_128' title='bbox 948 1464 1103 1519; x_wconf 89' lang='lat' dir='ltr'><strong>potest.</strong></span> <span class='ocrx_word' id='word_1_129' title='bbox 1166 1460 1412 1504; x_wconf 82' lang='lat' dir='ltr'><strong>Desiderari</strong></span> <span class='ocrx_word' id='word_1_130' title='bbox 1444 1475 1532 1502; x_wconf 91' lang='lat' dir='ltr'><strong>non</strong></span> <span class='ocrx_word' id='word_1_131' title='bbox 1566 1474 1691 1515; x_wconf 76' lang='lat' dir='ltr'><strong>posse</strong></span> 
     </span>
     <span class='ocr_line' id='line_1_19' title="bbox 153 1531 1692 1590; baseline -0.004 -11"><span class='ocrx_word' id='word_1_132' title='bbox 153 1539 317 1580; x_wconf 86' lang='lat' dir='ltr'><strong>certum</strong></span> <span class='ocrx_word' id='word_1_133' title='bbox 336 1539 402 1579; x_wconf 89' lang='lat' dir='ltr'><strong>est</strong></span> <span class='ocrx_word' id='word_1_134' title='bbox 433 1535 625 1578; x_wconf 83' lang='lat' dir='ltr'><strong>dativum</strong></span> <span class='ocrx_word' id='word_1_135' title='bbox 655 1536 876 1590; x_wconf 68' lang='lat' dir='ltr'><strong>quoiquam</strong></span> <span class='ocrx_word' id='word_1_136' title='bbox 903 1534 969 1577; x_wconf 90' lang='lat' dir='ltr'><strong>vel</strong></span> <span class='ocrx_word' id='word_1_137' title='bbox 994 1535 1043 1576; x_wconf 90' lang='lat' dir='ltr'><strong>ut</strong></span> <span class='ocrx_word' id='word_1_138' title='bbox 1068 1533 1219 1588; x_wconf 81' lang='lat' dir='ltr'><strong>scripsi</strong></span> <span class='ocrx_word' id='word_1_139' title='bbox 1250 1533 1465 1587; x_wconf 74' lang='lat' dir='ltr'><strong>quiquam,</strong></span> <span class='ocrx_word' id='word_1_140' title='bbox 1498 1532 1523 1574; x_wconf 94' lang='lat' dir='ltr'><strong>i.</strong></span> <span class='ocrx_word' id='word_1_141' title='bbox 1543 1547 1578 1574; x_wconf 86' lang='lat' dir='ltr'><strong>e.</strong></span> <span class='ocrx_word' id='word_1_142' title='bbox 1607 1531 1692 1573; x_wconf 88' lang='lat' dir='ltr'><strong>cui-</strong></span> 
     </span>
     <span class='ocr_line' id='line_1_20' title="bbox 155 1605 1691 1665; baseline -0.004 -14"><span class='ocrx_word' id='word_1_143' title='bbox 155 1623 302 1665; x_wconf 87' lang='lat' dir='ltr'><strong>quam,</strong></span> <span class='ocrx_word' id='word_1_144' title='bbox 339 1608 578 1651; x_wconf 83' lang='lat' dir='ltr'><strong>subiectum</strong></span> <span class='ocrx_word' id='word_1_145' title='bbox 613 1608 851 1662; x_wconf 76' lang='lat' dir='ltr'><strong>quisquam,</strong></span> <span class='ocrx_word' id='word_1_146' title='bbox 889 1606 1104 1649; x_wconf 90' lang='lat' dir='ltr'><strong>obiectum</strong></span> <span class='ocrx_word' id='word_1_147' title='bbox 1140 1605 1381 1659; x_wconf 71' lang='lat' dir='ltr'><strong>quicquam:</strong></span> <span class='ocrx_word' id='word_1_148' title='bbox 1419 1606 1511 1645; x_wconf 84' lang='lat' dir='ltr'><strong>tum</strong></span> <span class='ocrx_word' id='word_1_149' title='bbox 1550 1618 1691 1658; x_wconf 86' lang='lat' dir='ltr'><strong>perso-</strong></span> 
     </span>
     <span class='ocr_line' id='line_1_21' title="bbox 154 1675 1690 1735; baseline -0.005 -12"><span class='ocrx_word' id='word_1_150' title='bbox 154 1694 307 1723; x_wconf 86' lang='lat' dir='ltr'><strong>narum</strong></span> <span class='ocrx_word' id='word_1_151' title='bbox 350 1678 624 1735; x_wconf 82' lang='lat' dir='ltr'><strong>pronomina,</strong></span> <span class='ocrx_word' id='word_1_152' title='bbox 667 1678 836 1721; x_wconf 87' lang='lat' dir='ltr'><strong>dativus</strong></span> <span class='ocrx_word' id='word_1_153' title='bbox 880 1680 924 1720; x_wconf 92' lang='lat' dir='ltr'><strong>et</strong></span> <span class='ocrx_word' id='word_1_154' title='bbox 966 1676 1277 1730; x_wconf 82' lang='lat' dir='ltr'><strong>nominativus,</strong></span> <span class='ocrx_word' id='word_1_155' title='bbox 1321 1675 1561 1731; x_wconf 88' lang='lat' dir='ltr'><strong>separanda</strong></span> <span class='ocrx_word' id='word_1_156' title='bbox 1601 1689 1690 1717; x_wconf 91' lang='lat' dir='ltr'><strong>non</strong></span> 
     </span>
     <span class='ocr_line' id='line_1_22' title="bbox 155 1746 1690 1805; baseline -0.005 -10"><span class='ocrx_word' id='word_1_157' title='bbox 155 1754 266 1796; x_wconf 88' lang='lat' dir='ltr'><strong>sunt.</strong></span> <span class='ocrx_word' id='word_1_158' title='bbox 339 1750 474 1794; x_wconf 89' lang='lat' dir='ltr'><strong>Porro</strong></span> <span class='ocrx_word' id='word_1_159' title='bbox 518 1750 563 1792; x_wconf 92' lang='lat' dir='ltr'><strong>in</strong></span> <span class='ocrx_word' id='word_1_160' title='bbox 605 1763 844 1805; x_wconf 79' lang='lat' dir='ltr'><strong>quanquam</strong></span> <span class='ocrx_word' id='word_1_161' title='bbox 887 1749 954 1791; x_wconf 85' lang='lat' dir='ltr'><strong>vel</strong></span> <span class='ocrx_word' id='word_1_162' title='bbox 995 1761 1240 1803; x_wconf 72' lang='lat' dir='ltr'><strong>quemquam</strong></span> <span class='ocrx_word' id='word_1_163' title='bbox 1283 1749 1326 1788; x_wconf 86' lang='lat' dir='ltr'><strong>et</strong></span> <span class='ocrx_word' id='word_1_164' title='bbox 1369 1746 1582 1788; x_wconf 88' lang='lat' dir='ltr'><strong>similibus</strong></span> <span class='ocrx_word' id='word_1_165' title='bbox 1629 1746 1690 1787; x_wconf 93' lang='lat' dir='ltr'><strong>nil</strong></span> 
     </span>
     <span class='ocr_line' id='line_1_23' title="bbox 153 1818 1693 1881; baseline -0.005 -14"><span class='ocrx_word' id='word_1_166' title='bbox 153 1823 419 1881; x_wconf 87' lang='lat' dir='ltr'><strong>probabilius</strong></span> <span class='ocrx_word' id='word_1_167' title='bbox 464 1836 592 1879; x_wconf 90' lang='lat' dir='ltr'><strong>quam</strong></span> <span class='ocrx_word' id='word_1_168' title='bbox 638 1835 904 1876; x_wconf 76' lang='lat' dir='ltr'><strong>quamquam,</strong></span> <span class='ocrx_word' id='word_1_169' title='bbox 947 1820 973 1862; x_wconf 90' lang='lat' dir='ltr'><strong>i.</strong></span> <span class='ocrx_word' id='word_1_170' title='bbox 1011 1834 1046 1862; x_wconf 88' lang='lat' dir='ltr'><strong>e.</strong></span> <span class='ocrx_word' id='word_1_171' title='bbox 1091 1833 1318 1875; x_wconf 90' lang='lat' dir='ltr'><strong>cumquam</strong></span> <span class='ocrx_word' id='word_1_172' title='bbox 1363 1818 1430 1860; x_wconf 87' lang='lat' dir='ltr'><strong>vel</strong></span> <span class='ocrx_word' id='word_1_173' title='bbox 1471 1832 1693 1873; x_wconf 82' lang='lat' dir='ltr'><strong>umquam,</strong></span> 
     </span>
     <span class='ocr_line' id='line_1_24' title="bbox 153 1889 1692 1959; baseline -0.006 -20"><span class='ocrx_word' id='word_1_174' title='bbox 153 1897 298 1959; x_wconf 83' lang='lat' dir='ltr'><strong>latere.</strong></span> <span class='ocrx_word' id='word_1_175' title='bbox 367 1893 563 1950; x_wconf 91' lang='lat' dir='ltr'><strong>Denique</strong></span> <span class='ocrx_word' id='word_1_176' title='bbox 602 1892 861 1936; x_wconf 88' lang='lat' dir='ltr'><strong>‘conveniat’</strong></span> <span class='ocrx_word' id='word_1_177' title='bbox 899 1891 1077 1935; x_wconf 88' lang='lat' dir='ltr'><strong>verbum</strong></span> <span class='ocrx_word' id='word_1_178' title='bbox 1115 1889 1283 1946; x_wconf 83' lang='lat' dir='ltr'><strong>flagitat</strong></span> <span class='ocrx_word' id='word_1_179' title='bbox 1327 1889 1409 1931; x_wconf 87' lang='lat' dir='ltr'><strong>sibi</strong></span> <span class='ocrx_word' id='word_1_180' title='bbox 1453 1903 1692 1944; x_wconf 88' lang='lat' dir='ltr'><strong>pronomen</strong></span> 
     </span>
    </p>
   </div>
   <div class='ocr_carea' id='block_1_3' title="bbox 155 1962 1692 2024">
    <p class='ocr_par' dir='ltr' id='par_1_9' title="bbox 155 1962 1692 2024">
     <span class='ocr_line' id='line_1_25' title="bbox 155 1962 1692 2024; baseline -0.007 -13"><span class='ocrx_word' id='word_1_181' title='bbox 155 1968 242 2011; x_wconf 89' lang='lat' dir='ltr'><strong>sive</strong></span> <span class='ocrx_word' id='word_1_182' title='bbox 275 1966 389 2024; x_wconf 92' lang='lat' dir='ltr'><strong>quod</strong></span> <span class='ocrx_word' id='word_1_183' title='bbox 418 1967 587 2021; x_wconf 76' lang='lat' dir='ltr'><strong>quisque</strong></span> <span class='ocrx_word' id='word_1_184' title='bbox 613 1963 825 2021; x_wconf 88' lang='lat' dir='ltr'><strong>scriptura</strong></span> <span class='ocrx_word' id='word_1_185' title='bbox 856 1962 1035 2006; x_wconf 89' lang='lat' dir='ltr'><strong>indicari</strong></span> <span class='ocrx_word' id='word_1_186' title='bbox 1062 1962 1229 2005; x_wconf 88' lang='lat' dir='ltr'><strong>videtur</strong></span> <span class='ocrx_word' id='word_1_187' title='bbox 1258 1962 1435 2016; x_wconf 72' lang='lat' dir='ltr'><strong>quidque</strong></span> <span class='ocrx_word' id='word_1_188' title='bbox 1466 1975 1517 2002; x_wconf 90' lang='lat' dir='ltr'><strong>eo</strong></span> <span class='ocrx_word' id='word_1_189' title='bbox 1550 1974 1692 2014; x_wconf 85' lang='lat' dir='ltr'><strong>sensu,</strong></span> 
     </span>
    </p>
   </div>
   <div class='ocr_carea' id='block_1_4' title="bbox 155 2031 1693 2510">
    <p class='ocr_par' dir='ltr' id='par_1_10' title="bbox 155 2031 1693 2510">
     <span class='ocr_line' id='line_1_26' title="bbox 155 2031 1693 2096; baseline -0.007 -14"><span class='ocrx_word' id='word_1_190' title='bbox 155 2054 239 2096; x_wconf 91' lang='lat' dir='ltr'><strong>quo</strong></span> <span class='ocrx_word' id='word_1_191' title='bbox 270 2039 316 2082; x_wconf 92' lang='lat' dir='ltr'><strong>in</strong></span> <span class='ocrx_word' id='word_1_192' title='bbox 339 2040 480 2081; x_wconf 85' lang='lat' dir='ltr'><strong>vetere</strong></span> <span class='ocrx_word' id='word_1_193' title='bbox 506 2051 701 2080; x_wconf 87' lang='lat' dir='ltr'><strong>sermone</strong></span> <span class='ocrx_word' id='word_1_194' title='bbox 734 2035 945 2092; x_wconf 83' lang='lat' dir='ltr'><strong>‘quisque’</strong></span> <span class='ocrx_word' id='word_1_195' title='bbox 979 2049 1057 2090; x_wconf 91' lang='lat' dir='ltr'><strong>pro</strong></span> <span class='ocrx_word' id='word_1_196' title='bbox 1090 2032 1315 2091; x_wconf 87' lang='lat' dir='ltr'><strong>‘quisquis’</strong></span> <span class='ocrx_word' id='word_1_197' title='bbox 1345 2031 1541 2087; x_wconf 87' lang='lat' dir='ltr'><strong>usurpari</strong></span> <span class='ocrx_word' id='word_1_198' title='bbox 1572 2031 1693 2085; x_wconf 80' lang='lat' dir='ltr'><strong>solet,</strong></span> 
     </span>
     <span class='ocr_line' id='line_1_27' title="bbox 157 2103 1690 2166; baseline -0.007 -12"><span class='ocrx_word' id='word_1_199' title='bbox 157 2111 244 2154; x_wconf 89' lang='lat' dir='ltr'><strong>sive</strong></span> <span class='ocrx_word' id='word_1_200' title='bbox 281 2109 491 2166; x_wconf 75' lang='lat' dir='ltr'><strong>quidquid.</strong></span> <span class='ocrx_word' id='word_1_201' title='bbox 561 2107 741 2151; x_wconf 89' lang='lat' dir='ltr'><strong>Alienus</strong></span> <span class='ocrx_word' id='word_1_202' title='bbox 780 2123 806 2150; x_wconf 88' lang='lat' dir='ltr'><strong>a</strong></span> <span class='ocrx_word' id='word_1_203' title='bbox 845 2106 1059 2150; x_wconf 89' lang='lat' dir='ltr'><strong>sententia</strong></span> <span class='ocrx_word' id='word_1_204' title='bbox 1095 2105 1163 2148; x_wconf 89' lang='lat' dir='ltr'><strong>vel</strong></span> <span class='ocrx_word' id='word_1_205' title='bbox 1193 2107 1307 2147; x_wconf 88' lang='lat' dir='ltr'><strong>certe</strong></span> <span class='ocrx_word' id='word_1_206' title='bbox 1341 2103 1516 2146; x_wconf 90' lang='lat' dir='ltr'><strong>minime</strong></span> <span class='ocrx_word' id='word_1_207' title='bbox 1549 2117 1690 2145; x_wconf 82' lang='lat' dir='ltr'><strong>neces-</strong></span> 
     </span>
     <span class='ocr_line' id='line_1_28' title="bbox 159 2173 1691 2236; baseline -0.007 -11"><span class='ocrx_word' id='word_1_208' title='bbox 159 2182 296 2225; x_wconf 86' lang='lat' dir='ltr'><strong>sarius</strong></span> <span class='ocrx_word' id='word_1_209' title='bbox 326 2181 525 2236; x_wconf 72' lang='lat' dir='ltr'><strong>quiquam</strong></span> <span class='ocrx_word' id='word_1_210' title='bbox 556 2178 898 2223; x_wconf 86' lang='lat' dir='ltr'><strong>instrumentalis</strong></span> <span class='ocrx_word' id='word_1_211' title='bbox 929 2180 1006 2220; x_wconf 87' lang='lat' dir='ltr'><strong>est.</strong></span> <span class='ocrx_word' id='word_1_212' title='bbox 1063 2175 1260 2220; x_wconf 86' lang='lat' dir='ltr'><strong>Conferri</strong></span> <span class='ocrx_word' id='word_1_213' title='bbox 1292 2177 1435 2231; x_wconf 86' lang='lat' dir='ltr'><strong>potest</strong></span> <span class='ocrx_word' id='word_1_214' title='bbox 1466 2189 1517 2216; x_wconf 85' lang='lat' dir='ltr'><strong>ex</strong></span> <span class='ocrx_word' id='word_1_215' title='bbox 1550 2173 1691 2215; x_wconf 84' lang='lat' dir='ltr'><strong>Plauti</strong></span> 
     </span>
     <span class='ocr_line' id='line_1_29' title="bbox 156 2245 1691 2307; baseline -0.007 -11"><span class='ocrx_word' id='word_1_216' title='bbox 156 2252 370 2296; x_wconf 88' lang='lat' dir='ltr'><strong>Pseudulo</strong></span> <span class='ocrx_word' id='word_1_217' title='bbox 395 2267 432 2295; x_wconf 88' lang='lat' dir='ltr'><strong>v.</strong></span> <span class='ocrx_word' id='word_1_218' title='bbox 463 2252 546 2294; x_wconf 85' lang='lat'><strong>134</strong></span> <span class='ocrx_word' id='word_1_219' title='bbox 570 2251 769 2307; x_wconf 76' lang='lat' dir='ltr'><strong>‘quorum</strong></span> <span class='ocrx_word' id='word_1_220' title='bbox 794 2263 1030 2306; x_wconf 90' lang='lat' dir='ltr'><strong>numquam</strong></span> <span class='ocrx_word' id='word_1_221' title='bbox 1056 2249 1285 2305; x_wconf 87' lang='lat' dir='ltr'><strong>quicquam</strong></span> <span class='ocrx_word' id='word_1_222' title='bbox 1306 2246 1538 2303; x_wconf 86' lang='lat' dir='ltr'><strong>quoiquam</strong></span> <span class='ocrx_word' id='word_1_223' title='bbox 1572 2245 1691 2287; x_wconf 86' lang='lat' dir='ltr'><strong>uenit</strong></span> 
     </span>
     <span class='ocr_line' id='line_1_30' title="bbox 160 2321 838 2367; baseline -0.004 0"><span class='ocrx_word' id='word_1_224' title='bbox 160 2325 204 2367; x_wconf 91' lang='lat' dir='ltr'><strong>in</strong></span> <span class='ocrx_word' id='word_1_225' title='bbox 235 2326 424 2367; x_wconf 87' lang='lat' dir='ltr'><strong>mentem</strong></span> <span class='ocrx_word' id='word_1_226' title='bbox 455 2325 505 2365; x_wconf 91' lang='lat' dir='ltr'><strong>ut</strong></span> <span class='ocrx_word' id='word_1_227' title='bbox 535 2325 647 2366; x_wconf 87' lang='lat' dir='ltr'><strong>recte</strong></span> <span class='ocrx_word' id='word_1_228' title='bbox 678 2321 838 2365; x_wconf 88' lang='lat' dir='ltr'><strong>faciat.&#39;</strong></span> 
     </span>
     <span class='ocr_line' id='line_1_31' title="bbox 272 2388 1631 2448; baseline -0.007 -10"><span class='ocrx_word' id='word_1_229' title='bbox 272 2395 326 2438; x_wconf 90' lang='lat' dir='ltr'><strong>V.</strong></span> <span class='ocrx_word' id='word_1_230' title='bbox 357 2395 445 2438; x_wconf 81' lang='lat'><strong>402</strong></span> <span class='ocrx_word' id='word_1_231' title='bbox 477 2396 605 2436; x_wconf 90' lang='lat' dir='ltr'><strong>erunt</strong></span> <span class='ocrx_word' id='word_1_232' title='bbox 641 2394 822 2436; x_wconf 88' lang='lat' dir='ltr'><strong>fortasse</strong></span> <span class='ocrx_word' id='word_1_233' title='bbox 855 2392 928 2448; x_wconf 90' lang='lat' dir='ltr'><strong>qui</strong></span> <span class='ocrx_word' id='word_1_234' title='bbox 964 2391 1208 2434; x_wconf 89' lang='lat' dir='ltr'><strong>comoediae</strong></span> <span class='ocrx_word' id='word_1_235' title='bbox 1241 2389 1429 2432; x_wconf 88' lang='lat' dir='ltr'><strong>tribuere</strong></span> <span class='ocrx_word' id='word_1_236' title='bbox 1465 2388 1631 2430; x_wconf 81' lang='lat' dir='ltr'><strong>malint.</strong></span> 
     </span>
     <span class='ocr_line' id='line_1_32' title="bbox 273 2459 1686 2510; baseline -0.006 -1"><span class='ocrx_word' id='word_1_237' title='bbox 273 2467 323 2510; x_wconf 89' lang='lat' dir='ltr'><strong>L.</strong></span> <span class='ocrx_word' id='word_1_238' title='bbox 355 2465 522 2509; x_wconf 79' lang='lat' dir='ltr'><strong>Manlio</strong></span> <span class='ocrx_word' id='word_1_239' title='bbox 582 2464 659 2508; x_wconf 81' lang='lat' dir='ltr'><strong>Th.</strong></span> <span class='ocrx_word' id='word_1_240' title='bbox 691 2463 985 2507; x_wconf 88' lang='lat' dir='ltr'><strong>Mommsenus</strong></span> <span class='ocrx_word' id='word_1_241' title='bbox 1023 2478 1130 2506; x_wconf 92' lang='lat' dir='ltr'><strong>mus.</strong></span> <span class='ocrx_word' id='word_1_242' title='bbox 1162 2461 1299 2504; x_wconf 84' lang='lat' dir='ltr'><strong>Rhen.</strong></span> <span class='ocrx_word' id='word_1_243' title='bbox 1331 2459 1435 2503; x_wconf 92' lang='lat' dir='ltr'><strong>XVI</strong></span> <span class='ocrx_word' id='word_1_244' title='bbox 1476 2459 1563 2502; x_wconf 83' lang='lat'><strong>285</strong></span> <span class='ocrx_word' id='word_1_245' title='bbox 1596 2459 1686 2501; x_wconf 87' lang='lat' dir='ltr'><strong>red-</strong></span> 
     </span>
    </p>
   </div>
   <div class='ocr_carea' id='block_1_5' title="bbox 156 2531 1690 2666">
    <p class='ocr_par' dir='ltr' id='par_1_11' title="bbox 156 2531 1690 2666">
     <span class='ocr_line' id='line_1_33' title="bbox 157 2531 1690 2595; baseline -0.007 -14"><span class='ocrx_word' id='word_1_246' title='bbox 157 2538 264 2595; x_wconf 83' lang='lat' dir='ltr'><strong>didit</strong></span> <span class='ocrx_word' id='word_1_247' title='bbox 307 2551 415 2594; x_wconf 89' lang='lat' dir='ltr'><strong>quae</strong></span> <span class='ocrx_word' id='word_1_248' title='bbox 459 2535 599 2579; x_wconf 90' lang='lat' dir='ltr'><strong>Varro</strong></span> <span class='ocrx_word' id='word_1_249' title='bbox 643 2535 693 2578; x_wconf 88' lang='lat' dir='ltr'><strong>de</strong></span> <span class='ocrx_word' id='word_1_250' title='bbox 743 2536 770 2578; x_wconf 95' lang='lat' dir='ltr'><strong>l.</strong></span> <span class='ocrx_word' id='word_1_251' title='bbox 814 2534 859 2578; x_wconf 91' lang='lat' dir='ltr'><strong>L.</strong></span> <span class='ocrx_word' id='word_1_252' title='bbox 903 2534 988 2578; x_wconf 90' lang='lat' dir='ltr'><strong>VII</strong></span> <span class='ocrx_word' id='word_1_253' title='bbox 1039 2535 1091 2577; x_wconf 88' lang='grc'><strong>16</strong></span> <span class='ocrx_word' id='word_1_254' title='bbox 1135 2533 1327 2577; x_wconf 88' lang='lat' dir='ltr'><strong>laudavit</strong></span> <span class='ocrx_word' id='word_1_255' title='bbox 1370 2532 1534 2575; x_wconf 76' lang='lat' dir='ltr'><strong>Latona</strong></span> <span class='ocrx_word' id='word_1_256' title='bbox 1571 2531 1690 2584; x_wconf 72' lang='lat' dir='ltr'><strong>parit</strong></span> 
     </span>
     <span class='ocr_line' id='line_1_34' title="bbox 156 2600 1689 2666; baseline -0.007 -13"><span class='ocrx_word' id='word_1_257' title='bbox 156 2626 189 2653; x_wconf 90' lang='lat' dir='ltr'><strong>e.</strong></span> <span class='ocrx_word' id='word_1_258' title='bbox 222 2626 261 2666; x_wconf 89' lang='lat' dir='ltr'><strong>q.</strong></span> <span class='ocrx_word' id='word_1_259' title='bbox 294 2625 325 2652; x_wconf 79' lang='lat' dir='ltr'><strong>S.</strong></span> <span class='ocrx_word' id='word_1_260' title='bbox 363 2608 466 2651; x_wconf 92' lang='lat' dir='ltr'><strong>olim</strong></span> <span class='ocrx_word' id='word_1_261' title='bbox 503 2623 529 2651; x_wconf 89' lang='lat' dir='ltr'><strong>a</strong></span> <span class='ocrx_word' id='word_1_262' title='bbox 567 2623 633 2650; x_wconf 91' lang='lat' dir='ltr'><strong>me</strong></span> <span class='ocrx_word' id='word_1_263' title='bbox 677 2607 790 2650; x_wconf 84' lang='lat' dir='ltr'><strong>inter</strong></span> <span class='ocrx_word' id='word_1_264' title='bbox 825 2605 958 2649; x_wconf 85' lang='lat' dir='ltr'><strong>Ennii</strong></span> <span class='ocrx_word' id='word_1_265' title='bbox 996 2607 1241 2662; x_wconf 80' lang='lat' dir='ltr'><strong>fragmenta</strong></span> <span class='ocrx_word' id='word_1_266' title='bbox 1284 2605 1364 2646; x_wconf 90' lang='lat' dir='ltr'><strong>inc.</strong></span> <span class='ocrx_word' id='word_1_267' title='bbox 1402 2603 1485 2645; x_wconf 85' lang='lat' dir='ltr'><strong>fab.</strong></span> <span class='ocrx_word' id='word_1_268' title='bbox 1526 2600 1689 2643; x_wconf 86' lang='lat' dir='ltr'><strong>XXXV</strong></span> 
     </span>
    </p>
   </div>
   <div class='ocr_carea' id='block_1_6' title="bbox 86 2671 1691 2736">
    <p class='ocr_par' dir='ltr' id='par_1_12' title="bbox 86 2671 1691 2736">
     <span class='ocr_line' id='line_1_35' title="bbox 86 2671 1691 2736; baseline -0.007 -12"><span class='ocrx_word' id='word_1_269' title='bbox 86 2708 91 2712; x_wconf 92' lang='lat'><em>·</em></span> <span class='ocrx_word' id='word_1_270' title='bbox 156 2683 337 2736; x_wconf 89' lang='lat' dir='ltr'><strong>recepta.</strong></span> <span class='ocrx_word' id='word_1_271' title='bbox 376 2679 499 2730; x_wconf 84' lang='lat' dir='ltr'><strong>Quod</strong></span> <span class='ocrx_word' id='word_1_272' title='bbox 531 2679 634 2722; x_wconf 90' lang='lat' dir='ltr'><strong>olim</strong></span> <span class='ocrx_word' id='word_1_273' title='bbox 665 2692 989 2721; x_wconf 88' lang='lat' dir='ltr'><strong>numeraveram</strong></span> <span class='ocrx_word' id='word_1_274' title='bbox 1022 2678 1070 2720; x_wconf 89' lang='lat' dir='ltr'><strong>fr.</strong></span> <span class='ocrx_word' id='word_1_275' title='bbox 1098 2676 1196 2720; x_wconf 93' lang='lat' dir='ltr'><strong>LVI</strong></span> <span class='ocrx_word' id='word_1_276' title='bbox 1223 2675 1467 2718; x_wconf 81' lang='lat' dir='ltr'><strong>Vahlenum</strong></span> <span class='ocrx_word' id='word_1_277' title='bbox 1502 2675 1613 2714; x_wconf 86' lang='lat' dir='ltr'><strong>recte</strong></span> <span class='ocrx_word' id='word_1_278' title='bbox 1647 2671 1691 2713; x_wconf 87' lang='lat' dir='ltr'><strong>iu</strong></span> 
     </span>
    </p>
   </div>
   <div class='ocr_carea' id='block_1_7' title="bbox 158 2743 1691 2952">
    <p class='ocr_par' dir='ltr' id='par_1_13' title="bbox 158 2743 1691 2952">
     <span class='ocr_line' id='line_1_36' title="bbox 158 2743 1690 2807; baseline -0.008 -12"><span class='ocrx_word' id='word_1_279' title='bbox 158 2752 336 2795; x_wconf 90' lang='lat' dir='ltr'><strong>annales</strong></span> <span class='ocrx_word' id='word_1_280' title='bbox 373 2750 429 2807; x_wconf 78' lang='lat' dir='ltr'><strong>(v,</strong></span> <span class='ocrx_word' id='word_1_281' title='bbox 466 2750 567 2807; x_wconf 90' lang='grc'>161)</span> <span class='ocrx_word' id='word_1_282' title='bbox 605 2749 821 2793; x_wconf 89' lang='lat' dir='ltr'><strong>rettulisse</strong></span> <span class='ocrx_word' id='word_1_283' title='bbox 859 2750 946 2792; x_wconf 86' lang='lat' dir='ltr'><strong>iam</strong></span> <span class='ocrx_word' id='word_1_284' title='bbox 984 2749 1029 2792; x_wconf 90' lang='lat' dir='ltr'><strong>in</strong></span> <span class='ocrx_word' id='word_1_285' title='bbox 1067 2747 1332 2804; x_wconf 86' lang='lat' dir='ltr'><strong>praefatione</strong></span> <span class='ocrx_word' id='word_1_286' title='bbox 1372 2745 1425 2787; x_wconf 89' lang='lat' dir='ltr'><strong>ad</strong></span> <span class='ocrx_word' id='word_1_287' title='bbox 1463 2758 1570 2786; x_wconf 84' lang='lat' dir='ltr'><strong>com.</strong></span> <span class='ocrx_word' id='word_1_288' title='bbox 1603 2743 1690 2784; x_wconf 88' lang='lat' dir='ltr'><strong>rell.</strong></span> 
     </span>
     <span class='ocr_line' id='line_1_37' title="bbox 158 2815 1691 2880; baseline -0.007 -14"><span class='ocrx_word' id='word_1_289' title='bbox 158 2840 199 2880; x_wconf 91' lang='lat' dir='ltr'><strong>p.</strong></span> <span class='ocrx_word' id='word_1_290' title='bbox 219 2823 322 2866; x_wconf 87' lang='lat' dir='ltr'><strong>XIX</strong></span> <span class='ocrx_word' id='word_1_291' title='bbox 342 2822 544 2866; x_wconf 87' lang='lat' dir='ltr'><strong>concessi.</strong></span> <span class='ocrx_word' id='word_1_292' title='bbox 567 2848 619 2852; x_wconf 92' lang='lat'><strong>—</strong></span> <span class='ocrx_word' id='word_1_293' title='bbox 643 2821 800 2864; x_wconf 89' lang='lat' dir='ltr'><strong>Parum</strong></span> <span class='ocrx_word' id='word_1_294' title='bbox 822 2820 1033 2877; x_wconf 86' lang='lat' dir='ltr'><strong>probabili</strong></span> <span class='ocrx_word' id='word_1_295' title='bbox 1060 2820 1303 2862; x_wconf 77' lang='lat' dir='ltr'><strong>commento</strong></span> <span class='ocrx_word' id='word_1_296' title='bbox 1324 2815 1533 2870; x_wconf 81' lang='lat' dir='ltr'><strong>Bergkius</strong></span> <span class='ocrx_word' id='word_1_297' title='bbox 1557 2815 1691 2869; x_wconf 83' lang='lat' dir='ltr'><strong>symb.</strong></span> 
     </span>
     <span class='ocr_line' id='line_1_38' title="bbox 160 2886 1691 2952; baseline -0.007 -14"><span class='ocrx_word' id='word_1_298' title='bbox 160 2895 214 2938; x_wconf 81' lang='lat' dir='ltr'><strong>ad</strong></span> <span class='ocrx_word' id='word_1_299' title='bbox 251 2908 430 2952; x_wconf 82' lang='lat' dir='ltr'><strong>gramm.</strong></span> <span class='ocrx_word' id='word_1_300' title='bbox 469 2893 560 2937; x_wconf 89' lang='lat' dir='ltr'><strong>Lat.</strong></span> <span class='ocrx_word' id='word_1_301' title='bbox 599 2893 617 2936; x_wconf 97' lang='lat' dir='ltr'><strong>I</strong></span> <span class='ocrx_word' id='word_1_302' title='bbox 657 2894 713 2936; x_wconf 84' lang='grc'><strong>89</strong></span> <span class='ocrx_word' id='word_1_303' title='bbox 753 2908 830 2948; x_wconf 90' lang='lat' dir='ltr'><strong>pro</strong></span> <span class='ocrx_word' id='word_1_304' title='bbox 867 2893 1115 2935; x_wconf 80' lang='lat' dir='ltr'><strong>hexametro</strong></span> <span class='ocrx_word' id='word_1_305' title='bbox 1153 2888 1373 2932; x_wconf 83' lang='lat' dir='ltr'><strong>annalium</strong></span> <span class='ocrx_word' id='word_1_306' title='bbox 1413 2902 1448 2929; x_wconf 79' lang='lat' dir='ltr'><strong>v,</strong></span> <span class='ocrx_word' id='word_1_307' title='bbox 1487 2886 1574 2929; x_wconf 78' lang='lat'><strong>553</strong></span> <span class='ocrx_word' id='word_1_308' title='bbox 1611 2886 1691 2928; x_wconf 81' lang='lat' dir='ltr'><strong>hoc</strong></span> 
     </span>
    </p>
   </div>
  </div>
 </body>
</html>
