1942 3204
786 209 843 254 to.
867 207 1047 245 nunu-s
1637 205 1694 249 63

821 313 888 358 111
920 311 1019 372 (41)

707 378 759 447 Α)
773 366 1083 462 ᾧςσχῑῃςῶῑο
1114 376 1245 446 nfi‘tus
1277 369 1389 446 adm:

273 454 424 541 Ablue
460 452 732 526 inimicitiam
770 466 900 538 Atque
937 451 1173 525 amicitiam
1210 452 1258 523 fn
1295 456 1483 554 frolntem
1522 495 1693 537 promp-

1086 599 1087 603 ,
1131 560 1224 601 tam
1255 572 1372 616 gero.

831 653 897 699 IV
917 652 1015 713 (31)

154 717 243 821 {3583
428 745 552 790 Meae
581 745 674 789 tzim
703 744 819 802 potis
849 743 969 801 pacis
999 742 1134 801 potiri

713 839 755 884 V
776 838 920 898 (Hect.
938 840 1036 898 lytr.
1058 838 1133 898 16)

157 931 245 975 330
275 930 452 989 Hect6r,
483 931 556 988 qui
585 930 703 974 haud
734 932 875 973 cessat
905 930 1176 973 6bsidionem
1207 929 1432 973 obdiicere.

841 1025 906 1070 VI
937 1023 1006 1084 (5)
1319 1022 1325 1027 '

277 1116 434 1161 Crzissa
464 1116 607 1174 puluis
639 1116 788 1173 6ritur‚
818 1130 991 1159 omnem
1022 1117 1221 1173 peruolat
1252 1114 1364 1158 caeli
1391 1116 1562 1158 fretum.

159 1249 335 1293 gremium
361 1247 520 1282 extollas
544 1247 741 1281 liberorum
767 1257 812 1279 ex
837 1251 873 1280 te
899 1257 1027 1290 genus.
1075 1248 1124 1281 Et
1147 1247 1281 1280 idem:
1314 1258 1501 1290 namque
1526 1247 1694 1281 Aescu-

158 1295 256 1339 lapi
279 1295 538 1329 liberorum.
584 1293 632 1326 At
662 1293 741 1326 ille
773 1292 893 1326 alter
922 1293 967 1326 in
991 1292 1159 1336 Chryse
1182 1317 1192 1327 .
1213 1318 1221 1327 .
1243 1317 1251 1326 .
1274 1294 1387 1336 Atqui
1411 1294 1505 1326 dixit
1529 1293 1695 1326 Accius

162 1338 251 1384 [inc.
284 1340 363 1375 fab.
388 1337 469 1384 V].’
516 1339 599 1373 Non
622 1339 735 1377 Attii,
765 1341 806 1371 ut
829 1337 873 1374 G.
897 1339 1133 1373 Hei-mannus
1164 1349 1288 1383 opusc.
1314 1339 1346 1373 V
1374 1340 1437 1372 142
1468 1338 1603 1380 uoluit,
1636 1340 1696 1371 cui

158 1385 418 1420 Lachmannus
442 1386 481 1418 in
498 1386 607 1418 Luer.
625 1384 642 1417 1
659 1385 725 1419 778
749 1383 926 1426 adsensit,
954 1384 1019 1418 sed
1039 1384 1149 1418 Ennii
1174 1395 1220 1418 ex
1245 1384 1447 1425 Achille,
1474 1387 1515 1418 ut
1530 1384 1693 1423 uidetur,

159 1441 290 1466 uersus
315 1441 397 1465 esse
427 1441 509 1464 cum
534 1431 616 1474 ipsa
641 1430 831 1463 Ciceronis
861 1431 977 1464 uerba
1007 1430 1143 1464 docent
1172 1433 1250 1464 tum
1280 1431 1447 1474 genctiui
1478 1430 1696 1463 Hectoris

157 1487 195 1511 u.
227 1478 295 1511 325
326 1486 519 1510 mensura:
550 1475 600 1510 cf.
630 1476 725 1509 Attii
754 1475 826 1511 inc.
859 1475 935 1513 fab,
965 1475 1139 1518 XXXVI,
1173 1476 1286 1509 Ennii
1309 1486 1345 1509 n.
1370 1477 1414 1510 92
1438 1485 1493 1519 sq.

160 1523 215 1556 111
241 1522 384 1556 Gellius
408 1522 496 1555 XIX
519 1523 559 1563 8,
584 1522 606 1554 6
637 1522 893 1555 ‘inimicitiam
925 1525 1047 1555 autem
1077 1522 1121 1563 Q.
1146 1522 1320 1555 Ennius
1349 1522 1393 1554 in
1425 1521 1509 1554 illo
1540 1531 1696 1554 memo-

159 1569 396 1602 ratissimo
419 1567 540 1601 libro
565 1566 676 1602 dixit:
703 1578 760 1608 eo,
786 1567 917 1610 inquit,
944 1567 1115 1610 ingenio’
1142 1578 1173 1601 e.
1193 1578 1227 1611 q.
1253 1577 1283 1600 s.
1319 1566 1462 1600 Nonius
1488 1577 1522 1609 p.
1550 1568 1628 1608 129,
1652 1567 1697 1600 26

161 1613 434 1647 ‘inimicitia
464 1623 614 1646 numero
645 1612 837 1655 singulari.
885 1613 1028 1646 Ennius
1057 1638 1066 1646 .
1087 1638 1095 1645 .
1115 1616 1146 1646 .’
1199 1613 1260 1648 cf.
1291 1613 1444 1646 Homeri
1474 1612 1516 1646 ΙΙ.
1548 1612 1599 1646 IX
1630 1613 1696 1646 312

160 1653 303 1703 ἐχθρὸς
326 1653 400 1703 γάρ
425 1669 491 1703 μοι
514 1659 643 1697 κεῖνος
666 1652 768 1701 ὁμῶς
795 1651 924 1692 Ἀΐδαο
946 1653 1131 1703 πύλῃσιν,
1152 1652 1221 1698 1’Ὀς
1251 1652 1288 1701 χ’
1316 1653 1447 1701 ἕτερον
1476 1654 1547 1702 μὲν
1571 1652 1699 1702 κεύθῃ

161 1700 221 1739 ἐνὶ
252 1702 413 1749 φρεσὶν,
445 1696 540 1738 ἄλλο
570 1700 615 1737 δὲ
646 1702 747 1748 εἴπῃ.
800 1703 891 1737 Nam
924 1714 970 1737 ex
1001 1703 1179 1742 Achille
1217 1704 1309 1736 haec
1344 1714 1488 1748 quoque
1525 1703 1700 1736 uidentur

160 1753 307 1794 sumpta
332 1748 426 1783 esse‘.
541 1749 594 1783 IV
617 1749 752 1782 Festus
777 1759 811 1792 p.
837 1751 905 1784 360
928 1749 978 1784 Μ.
1010 1749 1178 1792 ‘antiqui
1208 1753 1296 1782 tam
1327 1750 1441 1782 etiam
1474 1759 1540 1792 pro
1570 1752 1698 1783 tamen

159 1796 219 1830 nsi
233 1798 332 1839 sunt,
350 1798 392 1828 nt
410 1813 453 1819 —
471 1794 632 1828 Ennius:
650 1793 715 1827 ille
734 1797 861 1828 meae’
881 1805 912 1827 e.
932 1805 968 1838 q.
984 1805 1014 1830 a.
1040 1794 1295 1837 (Conieceram
1311 1795 1482 1828 Ennius
1499 1794 1696 1828 Achille:

160 1851 301 1882 meae,
334 1841 431 1884 quod
457 1850 585 1884 pamm
615 1839 696 1873 ueri
721 1840 841 1873 simile
874 1840 966 1873 dicit
990 1840 1176 1883 Bergkius
1203 1839 1228 1873 l.
1253 1840 1352 1873 infra
1375 1840 1418 1880 l.,
1443 1840 1531 1883 qnia
1555 1840 1593 1872 in
1619 1843 1697 1873 toto

159 1886 230 1920 hoc
261 1887 366 1920 Festi
397 1885 557 1920 articulo
590 1884 797 1919 fabularum
828 1886 978 1919 nomina.
1007 1885 1110 1920 nulla
1134 1885 1374 1928 indicentur.)
1508 1885 1537 1916 V
1563 1885 1698 1919 Festus

162 1943 198 1976 p.
226 1933 290 1966 198
313 1932 363 1968 M.
395 1931 702 1965 ‘obsidionem
734 1931 856 1974 potius
880 1931 1074 1965 dicendum
1100 1942 1183 1965 csse
1209 1942 1318 1974 quam
1340 1930 1523 1964 obsidium
1543 1930 1698 1965 adiuuat

161 1987 229 2011 nos
246 1978 460 2011 testimonio
477 1987 543 2010 suo
558 1977 734 2010 Ennius
759 1977 804 2010 in
820 1977 1061 2011 Telamone
1080 1977 1228 2010 -item
1248 1977 1341 2010 alio
1365 1976 1480 2010 loco:
1504 1977 1696 2010 Hector’

161 2034 194 2059 e.
219 2034 254 2068 q.
280 2033 310 2058 ε.
349 2022 524 2056 Achilli
548 2021 699 2056 fabulae
723 2022 836 2057 tribui
862 2026 1032 2066 possunt3
1067 2023 1156 2056 item
1181 2023 1226 2056 fr.
1255 2023 1314 2058 v1.
1339 2022 1410 2055 V11
1528 2022 1578 2056 VI
1601 2022 1694 2056 Non.

160 2070 247 2112 205,
271 2069 316 2103 28
341 2068 530 2102 ‘fretum
629 2067 826 2102 masculini
848 2071 925 2103 ...’

161 2189 186 2226 l.
218 2190 267 2236 l.,
307 2191 375 2238 qui
409 2193 517 2227 recte
555 2189 604 2227 ab
640 2190 791 2238 inleyro
827 2199 947 2227 uersu
984 2191 1254 2227 narrationem
1281 2188 1380 2237 fecit
1411 2190 1587 2227 exordiri
1595 2206 1605 2226 .·
1642 2189 1694 2237 cf.

164 2245 402 2283 Bitschelius
432 2257 521 2284 nou.
554 2256 643 2284 exc.
672 2245 805 2284 Plaut.
837 2246 861 2283 1
891 2246 941 2283 71
1050 2246 1152 2283 dedit
1189 2257 1260 2283 om.
1290 2247 1383 2283 libri
1514 2246 1596 2285 326
1627 2257 1696 2295 ego

162 2313 231 2339 om.
265 2302 410 2340 Gellius
525 2302 606 2341 327
639 2313 752 2352 aeque
782 2303 1001 2340 inimicitiam
1032 2309 1140 2352 atque
1170 2298 1378 2352 amicitiam]
1409 2304 1595 2340 amicitiani
1628 2302 1698 2338 odo

163 2358 383 2396 inimicitiam
421 2359 527 2397 Leid.
566 2360 681 2398 Nouii
715 2360 903 2397 amicitiam
943 2366 1053 2409 atque
1090 2359 1328 2397 inimicitiam*
1349 2363 1472 2398 ceteri
1577 2359 1697 2395 fronte

164 2415 275 2454 Grut.
307 2416 438 2454 Palat.
471 2416 583 2454 Gellii
709 2417 752 2455 Vt
781 2422 964 2455 seruaret
993 2427 1095 2466 quae
1125 2417 1269 2454 tradita
1301 2421 1390 2455 sunt
1419 2416 1698 2454 Fleckeisenus

161 2475 200 2510 in
231 2475 342 2521 epist.
383 2474 437 2510 ad
463 2473 518 2511 M.
551 2472 754 2511 Hertzium
791 2475 884 2512 data
925 2470 989 2523 (de
1024 2478 1229 2522 poetarum
1261 2474 1370 2522 apud
1397 2474 1555 2511 Gellium
1582 2472 1695 2520 fray-

161 2527 309 2578 mentis)
335 2541 378 2578 p.
409 2529 464 2568 46
501 2540 576 2578 per
614 2533 837 2569 octonarios
871 2533 1149 2579 anapaesticus
1183 2532 1398 2568 decurrere
1435 2532 1589 2575 statuit,
1632 2531 1699 2577 qui

162 2587 255 2624 meis
284 2588 433 2635 quidem
463 2588 627 2625 aur-ibus
658 2598 802 2635 parum
832 2589 1005 2635 placent.
1122 2587 1204 2626 328
1234 2587 1316 2625 illae
1354 2597 1452 2622 meae
1491 2591 1560 2622 tam
1592 2586 1697 2622 cod..-

162 2654 202 2680 u.
233 2653 369 2691 supra.
401 2642 461 2682 illa
491 2655 547 2681 me
578 2644 664 2681 Tam
685 2643 938 2683 Her-mannus
966 2646 1020 2682 ad
1048 2645 1146 2682 Eur.
1176 2645 1274 2683 Hec.
1298 2656 1340 2690 p.
1366 2643 1444 2680 156
1476 2644 1573 2680 conl.
1598 2642 1695 2679 Eur.

165 2698 245 2738 277
304 2700 552 2749 Anapaestos
580 2701 697 2740 hosce
732 2700 794 2739 ille
822 2712 922 2739 meae
954 2707 1023 2738 tam
1057 2700 1063 2750 Ι
1096 2702 1289 2749 numquam
1327 2699 1422 2748 potis
1461 2700 1557 2747 pacis
1588 2699 1696 2747 potiri

162 2760 367 2805 proposuit
402 2758 595 2806 Berylcius
622 2759 742 2807 symb.
763 2759 817 2796 ad
833 2770 994 2807 yramm.
1018 2758 1102 2796 Lat.
1126 2758 1149 2796 1
1171 2757 1271 2794 118:
1303 2761 1338 2793 et
1368 2757 1568 2792 dimetrum
1599 2767 1695 2791 ana-

160 2816 378 2860 paesticum
406 2814 512 2852 hunc
541 2825 640 2852 meae
672 2815 742 2854 tam
772 2816 870 2864 potis
900 2827 938 2864 p.
969 2827 1002 2864 p.
1035 2818 1119 2863 ipse
1148 2824 1251 2851 nunc
1289 2822 1478 2861 aynosco,
1517 2812 1584 2860 qui
1612 2812 1695 2849 olim

163 2869 326 2908 duorum
354 2874 596 2909 senariorum
613 2871 790 2919 frustula
811 2872 1000 2909 distribui.
1087 2870 1169 2907 330
1199 2870 1258 2917 qni
1282 2870 1365 2906 cod.
1395 2867 1539 2916 quidem
1568 2869 1694 2917 nulyo.

164 2926 224 2962 An
254 2925 350 2975 que?
1270 2926 1274 2930 ’
