1942 3204
722 192 1074 231 COROLLARJVM
1590 194 1669 230 xm

256 303 308 348 V.
339 304 411 347 94.
480 302 683 346 Nondum
727 303 927 347 absoluta
963 303 1015 346 de
1047 303 1260 359 scriptura
1296 306 1339 346 et
1382 304 1433 346 dc
1472 318 1667 347 mensura

135 377 252 422 vocis
275 375 618 433 promunturium
649 374 844 432 quaestio
875 377 952 418 est.
1008 373 1122 418 Nam
1160 377 1259 431 post
1290 374 1537 420 Turnebum
1574 391 1670 419 cum

135 447 435 492 Fleckeisenus
477 446 521 489 in
561 446 595 490 L
638 446 776 490 titulis
814 461 854 502 p.
886 446 944 490 25
980 446 1104 490 unice
1149 461 1293 489 veram
1330 449 1669 502 prommztae‘irium

135 520 318 565 formam
349 533 442 562 esse
474 517 767 562 contendisset
796 521 1046 575 comparato
1079 519 1291 574 tuyurium
1322 520 1548 576 vocabulo,
1572 535 1670 575 pro-

134 592 390 637 muntortum
421 589 489 634 Fr.
515 589 657 633 Ritter
686 605 794 633 mus.
825 589 961 633 Rhen.
984 589 1112 633 XVII
1150 591 1231 634 108
1264 590 1471 646 defendit,
1503 591 1575 634 sed
1609 591 1669 634 in-

134 664 246 721 eptis
277 662 494 719 exemplis
557 660 651 712 Quo
683 661 935 718 prudentius
967 661 1170 705 disseruit
1200 661 1438 706 Corssenus
1470 663 1670 706 additam.

134 736 245 780 critt.
284 735 342 779 80
380 749 441 791 sq.
448 767 460 790 ‚
504 733 578 791 qui
615 735 663 776 ut
697 734 1030 788 promontorium
1067 736 1277 790 tueretur,
1314 734 1496 778 contulit
1533 735 1669 778 ‘terri-

135 807 315 862 torium,
344 805 601 863 portorium,
632 805 879 862 tectorium,
910 806 1173 850 tentorium?
1214 806 1334 849 Idem
1360 806 1670 850 demonstravit

135 878 325 923 eiusdem
357 877 512 920 radicis
544 892 638 920 esse
669 878 824 921 minore
854 892 971 922 mons
1000 879 1332 933 promontorium
1357 893 1372 921 :
1398 879 1449 921 cf.
1481 878 1671 921 eiusdem

135 952 187 995 de
218 951 419 1007 pronunt.
451 946 519 992 11²
561 949 644 992 178
677 963 739 1005 sq.
801 949 1024 993 Rusticam
1056 965 1148 993 esse
1187 951 1372 993 formam
1404 950 1450 993 in
1480 964 1509 992 u
1540 950 1670 992 etiam

136 1021 454 1067 Schuchardtus
491 1020 543 1064 de
574 1035 663 1064 voc.
695 1020 739 1063 II
776 1021 858 1064 119
892 1037 954 1079 sq.
986 1021 1053 1065 111
1085 1023 1172 1066 204
1204 1022 1383 1065 censuit.
1445 1021 1671 1065 Praeterea

135 1095 291 1139 acriter
321 1093 643 1136 Fleckeisenum
674 1092 946 1150 impugnavit
976 1093 1187 1151 Bergkius
1218 1094 1305 1138 ind.
1343 1094 1457 1137 lectt.
1495 1093 1669 1137 HalenS.

140 1166 302 1223 1863s4
339 1181 380 1222 p.
417 1164 458 1208 V
495 1166 540 1207 et
576 1163 730 1208 Philol.
767 1164 961 1208 XXVIII
999 1167 1106 1221 461,
1152 1167 1221 1209 cui
1259 1165 1481 1222 respondit
1523 1165 1670 1208 Bram-

135 1238 313 1282 bachius
345 1252 452 1280 mus.
491 1235 628 1279 Rhen.
659 1235 806 1279 XXIV
845 1237 932 1280 536
965 1253 1027 1294 sq.
1089 1237 1337 1280 Mensuram
1377 1237 1550 1294 quidem
1587 1237 1671 1279 duo

136 1310 217 1353 soli
248 1311 350 1353 sunt
379 1307 576 1351 versiculi
609 1307 682 1364 qui
713 1307 922 1351 indicent:
960 1308 1103 1352 Ovidii
1125 1312 1296 1353 metam.
1334 1309 1416 1352 XV
1439 1310 1523 1352 709
1556 1309 1671 1354 ‘inde

135 1381 241 1438 legit
276 1379 464 1436 Capreas
504 1379 934 1436 promunturiumque
973 1379 1236 1436 Minervae’3
1281 1384 1325 1423 et
1370 1381 1520 1424 Lucilii
1559 1381 1671 1436 apud

136 1452 329 1496 Servium
373 1451 480 1495 Aen.
519 1451 539 1494 Ι
583 1452 702 1494 244:
729 1450 831 1508 ‘(et)
868 1452 1215 1507 promunturium
1259 1452 1387 1494 remis
1426 1454 1670 1508 superamu’

136 1524 386 1572 Minervae.‘
427 1523 495 1567 Sic
527 1523 643 1566 enim
675 1538 812 1579 nuper
830 1524 973 1567 'etiam
1005 1523 1050 1567 O.
1082 1523 1139 1567 M.
1171 1523 1395 1567 Francken
1426 1523 1547 1566 Coni.
1579 1524 1670 1566 crit.

137 1597 182 1639 in
213 1595 344 1639 Lucil.
376 1595 396 1638 I
437 1610 478 1651 p.
513 1596 563 1637 11
599 1594 787 1650 scripsit,
826 1595 899 1651 qui
937 1598 1083 1638 tamen
1122 1596 1304 1638 formam
1344 1596 1482 1651 ipsam
1521 1611 1671 1651 parum
1716 1614 1724 1623 -

137 1668 317 1711 feliciter
358 1666 559 1709 defendit.
626 1665 690 1709 Cf.
728 1669 950 1722 praeterea
987 1666 1274 1710 Bouterwekii
1320 1669 1502 1723 quaestt.
1542 1666 1671 1709 Lucil.

137 1755 176 1796 p.
209 1741 247 1782 8.
298 1738 390 1781 Illis
422 1738 554 1794 igitur
585 1737 690 1780 locis
715 1752 811 1780 cum
841 1741 996 1781 natura
1027 1739 1199 1781 brevem
1232 1754 1259 1780 u
1291 1739 1480 1781 vocalem
1512 1738 1672 1781 firmari

137 1811 219 1853 sibi
256 1809 542 1866 persuasisset
579 1809 897 1865 Fleckeisenus,
935 1810 1148 1865 synizesin
1186 1810 1417 1852 admissam
1450 1824 1543 1852 esse
1575 1825 1671 1852 611111

137 1882 233 1925 aliis
265 1881 418 1924 statuit
447 1880 671 1937 Bergkius.
733 1880 797 1923 Ac
835 1882 973 1924 fateor
1004 1880 1328 1924 similitudinem
1367 1881 1671 1924 vocabulorum

138 1968 163 1996 a
188 1952 400 1996 Corsseno
431 1953 700 1996 conlatorum
732 1952 838 1995 mihi
869 1967 1038 2009 quoque
1070 1953 1201 1995 talem
1233 1951 1384 2007 videri,
1416 1955 1464 1995 ut
1494 1953 1671 2008 probem

132 2025 465 2080 promontorium
495 2024 698 2080 formam,
736 2039 845 2081 quae
877 2024 988 2067 ruris
1026 2027 1070 2067 et
1100 2024 1218 2080 vulgi
1257 2038 1328 2066 ore
1367 2024 1412 2066 in
1443 2038 1472 2066 u
1503 2025 1670 2067 vocales

138 2095 293 2139 abierit
309 2096 413 2138 item
436 2098 485 2139 ut
509 2094 798 2151 Septimuntio
818 2095 1055 2138 Muntanus
1069 2095 1296 2151 Tripuntio
1317 2096 1522 2151 puntifex.
1554 2095 1672 2151 Ergo

138 2167 367 2223 Pacuvius,
398 2167 481 2210 nisi
514 2167 695 2223 synizesi
733 2169 782 2210 ut
818 2167 1029 2211 Lucilium
1067 2182 1192 2210 usum
1230 2181 1323 2210 esse
1356 2169 1595 2210 statuamus
1628 2166 1668 2208 in

139 2239 215 2282 tali
247 2254 371 2282 versu

256 2320 370 2365 'Idae
401 2323 762 2379 promontorium,
793 2323 947 2379 quoius
978 2321 1130 2379 lingua
1160 2322 1205 2365 in
1237 2323 1373 2364 altum
1406 2322 1560 2378 proicit

139 2394 327 2450 quinque
371 2394 567 2438 vocabuli
610 2394 797 2450 syllabas
847 2397 922 2437 aut
969 2394 1015 2437 in
1058 2394 1174 2436 exitu
1220 2394 1375 2436 senarii
1421 2394 1481 2436 sic
1531 2393 1673 2448 potuit

139 2466 368 2508 collocare:

707 2547 821 2592 'Idae
853 2549 1213 2605 promontorium,

260 2633 412 2690 quoius
444 2631 595 2690 lingua
625 2633 670 2675 in
703 2648 740 2675 a.
766 2648 805 2688 p.

141 2719 216 2760 aut
245 2716 291 2759 in
322 2716 544 2760 octonario
575 2716 760 2760 iambico
786 2716 887 2758 hoc:

259 2799 352 2842 Idai
383 2798 484 2854 (sive
513 2799 559 2842 in
588 2793 722 2857 'Idae)
754 2798 1114 2855 promontorium,
1149 2798 1301 2854 quoius
1334 2798 1358 2839 l.
1386 2797 1430 2838 in
1463 2811 1498 2838 a.
1525 2811 1563 2851 p.

261 2881 314 2925 V.
356 2883 415 2925 96
459 2883 587 2939 paulo
630 2884 761 2926 etiam
805 2882 980 2938 propius
1031 2897 1056 2924 a
1105 2881 1312 2923 librorum
1357 2879 1562 2923 memoria
1604 2882 1672 2934 (in
