1942 3204
238 199 323 234 VIII
865 197 1138 232 PRAEFATIO

240 308 394 349 verunt
424 307 489 349 vel
526 306 607 361 ipsi
645 306 819 361 ingenio
853 320 928 347 suo
968 305 1245 360 doctrinaque
1283 307 1419 349 lucem
1457 308 1647 350 obscuris
1685 308 1757 350 ob-

239 378 432 419 tulerunt
474 379 550 419 aut
592 376 704 418 viam
749 377 899 419 saltem
943 391 1089 418 verum
1134 377 1378 419 inveniendi
1421 379 1597 421 comiter
1639 393 1758 421 mon-

243 449 499 489 straverunt.
573 445 839 502 Quamquam
882 448 1088 490 librorum
1132 462 1261 489 manu
1311 448 1565 503 scriptorum
1613 449 1760 504 copiae

240 520 409 573 praeter
441 532 508 572 ea,
548 532 655 572 quae
687 518 844 572 partim
875 518 966 572 ipse
1007 517 1108 559 olim
1146 519 1339 573 exposui,
1377 518 1532 573 partim
1576 519 1760 561 ab¹aliis

240 590 391 644 postea
428 589 645 643 communi
682 589 777 630 usui
814 588 973 630 tradita
1010 591 1127 643 sunt,
1164 603 1302 644 neque
1335 590 1501 644 amplae
1533 588 1762 632 admodum

240 674 378 714 neque
410 659 518 700 tales
551 658 839 714 adfluxerunt,
871 658 982 700 unde
1010 658 1062 700 ad
1089 659 1353 701 restituenda
1384 648 1608 715 poetarum
1633 659 1763 702 verba

242 731 425 772 multum
464 729 601 771 bonae
639 730 777 785 frugis
815 729 1084 771 redundaret.
1151 727 1253 771 Non
1290 732 1435 771 tamen
1472 730 1580 772 nihil
1619 730 1764 772 auxilii

231 800 550 855 ,praestiterunt
575 799 808 842 Vrbinates
835 799 1000 841 codices
1026 798 1263 841 Vaticanae
1296 794 1579 843 bibliothecae
1611 815 1652 842 n.
1678 801 1761 843 307

242 874 285 913 et
316 872 420 925 308,
460 876 640 925 quorum
677 869 746 911 hic
784 870 958 911 tertium
989 869 1121 911 Nonii
1159 873 1287 924 caput
1325 871 1481 925 solum,
1517 871 1587 912 ille
1625 873 1765 912 cetera

244 941 431 982 eiusdem
452 941 593 995 capita
612 940 806 982 continet
826 943 1001 995 excepto
1033 940 1127 995 ipso
1159 941 1298 982 tertio.
1335 939 1501 983 Horum
1523 943 1764 983 accuratam

243 1012 515 1054 collationem
541 1011 674 1052 debeo
701 1010 866 1052 Erwini
890 1010 1047 1052 Rohdii
1068 1011 1156 1051 mei
1188 1011 1447 1066 diligentiae.
1494 1011 1765 1054 Leidensium

243 1084 347 1125 nota
385 1096 463 1123 nec
501 1082 599 1123 ullis
643 1081 839 1123 laudibus
887 1081 1161 1135 exaequanda
1204 1081 1438 1123 liberalitas
1480 1082 1625 1124 statim
1668 1084 1767 1137 post

243 1153 403 1194 bellum
429 1155 625 1194 nostrum
655 1152 827 1193 finitum
851 1150 1044 1193 Nonium
1070 1166 1193 1193 suum
1225 1166 1265 1193 n.
1296 1153 1378 1194 116
1412 1153 1629 1208 signatum
1661 1152 1765 1194 mihi

244 1223 473 1277 concessit,
505 1225 553 1264 ut
575 1223 727 1264 saltem
758 1223 803 1264 in
828 1221 896 1263 his
928 1222 1108 1276 pagellis
1134 1222 1393 1264 notabiliora
1418 1223 1626 1277 quaedam
1659 1221 1766 1278 (non

244 1294 379 1336 multa
412 1292 534 1349 sane)
568 1293 726 1335 addere.
755 1292 977 1347 potuerim.
1033 1291 1259 1334 Praeterea
1287 1292 1526 1335 Florentini
1557 1285 1767 1335 Varronis

245 1367 287 1406 et
314 1354 450 1406 Seruii
479 1363 716 1418 Isidorique
748 1361 1004 1419 (originum)
1037 1363 1269 1417 scripturas
1302 1363 1495 1405 codicum
1527 1363 1768 1406 consulenti

244 1435 430 1489 benigne
475 1433 857 1477 commodauerunt
906 1432 1129 1489 Augustus
1174 1433 1506 1489 Wilmannsius,
1554 1433 1767 1476 Gustavus

247 1505 391 1560 Thilo,
422 1504 631 1560 Iosephus
663 1503 870 1546 Kleinius.
908 1503 1073 1545 Deinde
1105 1503 1380 1546 Hermannus
1411 1504 1629 1547 Usenerus
1661 1519 1768 1559 quae

247 1591 295 1617 ex
316 1575 536 1631 glossariis
555 1574 788 1616 Helveticis
808 1577 1075 1629 excerpserat
1099 1575 1260 1630 insigni
1281 1575 1481 1618 comitate
1501 1575 1606 1616 mihi
1631 1577 1769 1616 trans-

246 1646 380 1700 misit,
424 1646 459 1687 si
498 1645 598 1700 quid
635 1646 764 1700 forte,
808 1645 922 1700 quod
960 1645 1014 1687 ad
1053 1645 1319 1687 emendanda
1361 1646 1427 1687 vel
1470 1645 1770 1700 locupletanda

246 1716 462 1771 fragmina
489 1730 584 1757 mea
609 1715 840 1769 conferret,
871 1715 969 1757 inde
997 1716 1102 1758 lucri
1131 1716 1270 1758 facere
1302 1730 1483 1771 possem.
1528 1715 1624 1757 Suis
1655 1715 1769 1757 deni-

247 1801 327 1841 que
374 1786 628 1828 coniecturis
679 1788 806 1840 atque
863 1786 1227 1828 admonitionibus
1282 1786 1520 1828 utilissimis
1575 1786 1770 1827 munifice

247 1872 313 1898 me
356 1857 519 1899 adiuvit
555 1857 789 1899 amicorum
833 1857 954 1898 trias:
999 1856 1217 1899 Usenerus
1262 1856 1423 1898 scilicet
1465 1858 1509 1897 et
1544 1854 1770 1911 Adolphus

247 1927 536 1982 Kiesslingius
568 1929 611 1968 et
635 1926 889 1968 Franciscus
915 1926 1220 1981 Buechelerus,
1252 1927 1324 1981 qui
1351 1926 1542 1982 singulas
1574 1926 1772 1981 plagulas

248 2013 298 2039 ex
336 2012 561 2052 operarum
599 1997 773 2039 officina
812 1999 1003 2039 recentes
1043 1997 1343 2052 perlustrando
1382 2011 1430 2038 ac
1470 1997 1771 2052 perpurgando

249 2083 376 2122 quam
414 2068 522 2109 bene
561 2067 611 2109 de
648 2067 716 2109 his
754 2067 943 2121 reliquiis
982 2067 1216 2110 meruerint
1247 2067 1415 2110 abunde
1457 2068 1612 2109 docent
1643 2067 1771 2109 adno-

250 2138 437 2180 tationes
467 2135 597 2179 meae.

368 2206 567 2250 Ceterum
606 2208 799 2249 ordinem
831 2223 1029 2251 versuum
1068 2209 1413 2264 universamque
1432 2208 1530 2250 libri
1561 2208 1771 2249 rationem

250 2279 444 2334 quamvis
483 2293 617 2333 nunc,
649 2279 683 2319 si
716 2279 885 2334 integra
915 2294 982 2321 res
1014 2282 1143 2334 esset,
1173 2279 1243 2321 hic
1274 2279 1360 2321 illic
1390 2279 1518 2333 paulo
1551 2277 1674 2319 aliter
1710 2275 1771 2320 1‘11-

251 2350 480 2391 stituturus
511 2364 666 2403 essem,
696 2350 784 2390 fere
815 2350 991 2403 retinui3
1027 2349 1371 2405 interpretandas
1409 2351 1535 2403 atque
1573 2363 1771 2389 enarran-

252 2421 328 2462 das
372 2420 573 2475 reliquias
616 2419 743 2473 libro,
790 2434 874 2473 quo
918 2420 1163 2476 tragoediae
1206 2419 1499 2461 Romanorum
1547 2418 1771 2460 historiam

252 2491 481 2533 vernaculo
503 2504 699 2532 sermone
731 2490 1007 2546 complectar,
1038 2491 1219 2546 seposui.
1262 2488 1400 2531 Alteri
1431 2489 1771 2544 fragmentorum

250 2550 458 2603 volumini
501 2561 807 2616 prolegomena
849 2561 1056 2614 quaedam
1099 2561 1348 2616 adiungam,
1391 2558 1544 2614 quibus
1586 2559 1771 2601 fontium

251 2632 438 2674 indolem
471 2631 725 2673 adumbrare
757 2630 943 2684 artisque
970 2632 1140 2674 criticae
1172 2631 1225 2673 ad
1258 2645 1351 2672 eam
1383 2629 1771 2672 adcommodandae

251 2704 480 2756 praecepta
512 2715 750 2757 proponere
777 2702 820 2742 et
851 2703 1055 2756 exemplis
1082 2704 1290 2758 quantum
1316 2700 1420 2742 satis
1440 2700 1520 2741 erit
1543 2700 1770 2742 inlustrare

253 2773 453 2814 conabor.
513 2772 797 2814 Emendanda
835 2772 1005 2813 interim
1042 2772 1223 2814 feliciori
1260 2771 1441 2813 aliorum
1477 2771 1651 2826 ingenio
1683 2786 1771 2813 non

252 2842 393 2885 hercle
426 2857 562 2897 pauca
593 2858 659 2886 me
690 2842 911 2898 reliquisse
942 2844 990 2884 ut
1021 2857 1110 2884 non
1142 2828 1380 2897 dissimulo,
1411 2842 1471 2883 ita
1502 2841 1592 2896 ipse
1616 2841 1770 2883 iterum
