1942 3204
219 140 275 180 20
861 145 903 185 Q.
928 144 1104 178 ENNIVS

899 247 965 290 III
998 246 1064 304 (2)

337 323 569 365 H6minem
591 326 794 379 appellat:
829 324 947 379 ‘quid
968 326 1158 380 lasciuis7
1185 326 1388 367 st6lide‘?’
1411 342 1499 369 non
1520 328 1743 384 intellegit.
1768 326 1770 328 ’

901 402 964 444 IV
998 400 1064 459 (5)

336 478 463 521 Multi
483 479 554 520 alii
583 479 836 534 aduentant,
862 482 1092 534 paupertas
1120 480 1300 534 quorum
1328 481 1529 524 obscurat
1554 483 1743 524 nomina.

913 557 953 598 V
974 555 1040 614 (6)

338 632 607 687 Quapropter
640 632 783 675 Parim
813 638 1008 689 pastores
1039 638 1154 676 minc
1185 634 1477 677 Alexandrum
1508 639 1677 679 uocant.

721 711 783 752 VJ
818 709 917 755 (inc.
939 714 1047 753 atlet.
1068 712 1106 753 4.
1129 711 1166 754 5.
1188 711 1234 768 6)

888 789 1066 831 Hecuba

337 863 416 905 sed
451 865 552 919 quid
586 866 718 906 oculis
751 866 899 907 rabere
931 867 1023 908 uisa
1057 882 1100 908 es
1134 867 1360 922 derepente
1394 867 1672 908 ardentibus?

242 940 300 981 40
332 941 431 983 ‘Vbi
464 942 538 1005 illa
573 940 677 998 [tua]
711 943 840 997 paulo
874 945 973 985 {inte
1006 944 1176 999 sapiens
1208 943 1420 999 usrginali'
1457 944 1693 986 modesti-af?

853 1019 1094 1063 Cassandra
1402 1071 1404 1074 Ι

333 1095 491 1150 Mater,
524 1098 797 1151 optumarum
829 1098 963 1140 multo
996 1098 1148 1140 mulier
1179 1098 1329 1140 melior
1361 1099 1585 1139 mulierum
1591 1132 1603 1154 2

333 1171 466 1214 Missa
498 1188 592 1215 sum
625 1174 932 1229 superstitiosis
966 1175 1309 1217 ariolationibus:

331 1249 529 1305 Namque
561 1250 719 1306 Apollo
752 1251 854 1293 fatis
885 1251 1027 1293 fandis
1060 1252 1301 1295 dementem
1332 1252 1512 1294 inuitam
1545 1253 1637 1293 ciet.

209 1385 366 1425 (audio
394 1386 520 1426 co‹ld.‚
553 1397 642 1422 corr.
669 1387 711 1420 O.
737 1387 955 1430 Muellerus)
982 1389 1051 1420 ‘ab
1078 1399 1189 1430 aueo,
1223 1389 1315 1431 quod
1340 1388 1396 1421 his
1421 1399 1573 1422 auemus
1598 1389 1737 1422 discere

211 1441 363 1473 semper,
391 1432 487 1473 quod
512 1432 652 1465 Ennius
670 1432 815 1465 uidetur
832 1429 971 1475 ἔτυμον
991 1434 1182 1467 ostendere
1208 1433 1303 1466 uelle
1329 1434 1365 1466 in
1383 1433 1603 1473 Alexandro,
1631 1444 1736 1476 quom

210 1476 262 1507 ait
286 1501 292 1507 .
313 1502 320 1509 .
342 1479 370 1509 .’
480 1477 534 1509 111
558 1478 692 1510 Festus
717 1489 749 1520 p.
775 1479 842 1511 317
864 1475 912 1511 Μ.
939 1478 1179 1520 ‘stolidus,
1211 1478 1355 1512 stultus.
1405 1480 1545 1512 Ennius
1570 1497 1614 1503 -—
1640 1482 1676 1512 et
1700 1480 1737 1511 in

208 1520 417 1554 Alexandro
442 1547 448 1553 .
471 1547 478 1555 .
501 1526 529 1555 .’
631 1523 679 1556 IV
703 1523 914 1556 Macrobius
939 1523 1016 1557 Sat.
1042 1525 1093 1557 VI
1119 1526 1158 1567 1,
1186 1525 1227 1557 61
1255 1524 1478 1567 ‘Vergilium
1504 1525 1608 1557 multi
1635 1535 1737 1567 prae-

208 1570 330 1610 terea,
358 1577 447 1609 quos
473 1568 572 1600 fama
589 1568 743 1605 obscura
770 1568 945 1601 recondit.
971 1570 1115 1602 Ennius
1139 1570 1177 1601 in
1196 1569 1403 1603 Alexandro
1427 1595 1434 1602 .
1450 1595 1456 1602 .
1473 1573 1501 1603 .’
1574 1570 1603 1602 V
1621 1569 1737 1602 Varro

208 1612 251 1645 de
278 1611 302 1644 1.
328 1613 370 1645 L.
399 1612 469 1646 VII
493 1614 536 1646 82
568 1613 688 1656 ‘apud
719 1615 894 1646 Ennium:
930 1611 999 1656 [65]
1027 1615 1131 1647 item:
1158 1618 1401 1658 quapropter-⁹
1429 1626 1460 1650 e.
1485 1626 1518 1658 q.
1547 1625 1574 1648 s.
1611 1615 1736 1647 ‘imi-

208 1658 298 1689 tari
324 1657 418 1689 dum
444 1658 591 1691 uoluit
617 1658 873 1702 Euripidem
898 1662 934 1691 et
957 1670 1091 1702 ponere
1118 1656 1276 1703 ἔτυμον,
1305 1663 1361 1693 est
1385 1659 1528 1703 lapsus:
1558 1670 1642 1693 nam
1667 1659 1738 1692 Eu-

207 1702 347 1744 ripides
371 1703 463 1745 quod
491 1703 633 1736 Graeca
658 1705 798 1747 posuit,
831 1699 948 1747 ἔτυμα
981 1709 1066 1737 sunt
1097 1708 1254 1748 apertast
1349 1706 1398 1738 VI
1435 1705 1565 1738 Cicero
1591 1705 1635 1737 ‹le
1662 1705 1734 1737 (liu.

205 1747 222 1778 I
250 1749 312 1788 31,
339 1750 381 1780 66
408 1748 651 1792 (praesagitio
676 1750 821 1783 inclusa
852 1748 1042 1793 diuinitus)
1075 1751 1126 1782 ‘si
1153 1751 1290 1783 exarsit
1315 1751 1450 1791 acrius,
1483 1750 1585 1783 furor
1613 1750 1735 1793 appel-

211 1793 319 1832 latur,
345 1804 424 1825 cum
450 1804 471 1826 a
497 1805 646 1837 corpore
671 1795 815 1827 animus
839 1795 1049 1828 abstractus
1075 1795 1199 1828 diuino
1224 1796 1399 1828 instinctu
1426 1796 1647 1828 concitatur:
1676 1793 1735 1837 [39

206 1836 316 1881 *47J
351 1838 381 1870 O
413 1849 544 1881 poema
574 1842 742 1872 tenerum
776 1844 814 1873 et
838 1842 1015 1873 moratum
1042 1844 1153 1883 atque
1179 1841 1302 1873 molle!
1346 1841 1416 1874 Sed
1446 1840 1513 1872 hoc
1543 1840 1662 1872 minus
1688 1840 1734 1872 ad

209 1893 294 1917 rem.
344 1883 458 1924 Illud,
485 1885 581 1927 quod
605 1884 787 1926 uolumus,
815 1895 1025 1929 expressum
1054 1891 1127 1926 est,
1153 1890 1193 1918 ut
1218 1885 1417 1918 uaticinari
1440 1885 1541 1918 furor
1565 1895 1653 1917 uera
1677 1895 1734 1918 so-

206 1929 298 1960 leat:
333 1926 405 1970 [48.
430 1927 490 1972 49]
543 1931 644 1962 Deus
674 1929 839 1963 inclusus
872 1941 1023 1974 corpore
1055 1931 1232 1972 humano,
1271 1932 1343 1963 iam
1375 1942 1446 1963 non
1477 1930 1734 1963 cassandra

317 2048 369 2086 36
401 2048 564 2096 lasciuis,
595 2049 726 2086 stolide
750 2050 926 2098 Scaliyer
957 2049 1078 2086 lasciui
1109 2049 1240 2086 stolide
1271 2051 1354 2087 cod.
1375 2050 1506 2087 Possis
1535 2052 1646 2086 etiam
1678 2052 1733 2086 sic

205 2106 461 2153 ‹listinyuere:
493 2104 670 2142 hominem
703 2106 852 2155 appella.
878 2128 925 2132 —
953 2106 1038 2154 quid
1070 2106 1232 2154 lasciuis,
1263 2105 1415 2143 stolide?
1448 2127 1492 2131 —
1524 2117 1597 2142 non
1628 2106 1730 2142 inlel-

206 2161 304 2210 legit.
336 2164 399 2198 uel
410 2179 419 2198 .·
450 2161 628 2199 hominem
661 2162 812 2211 appella.
847 2184 896 2188 —
930 2162 1015 2211 quid
1045 2163 1204 2209 Lasciuis,
1236 2161 1391 2199 stolide?
1421 2174 1493 2199 non
1523 2162 1731 2211 intellegis?

319 2219 371 2256 37
404 2218 461 2255 alii
493 2231 562 2256 om.
595 2219 736 2256 Salisb.
863 2219 914 2256 39
945 2218 1071 2256 rabere
1100 2220 1308 2256 Lambinus
1345 2230 1365 2256 e
1395 2221 1525 2267 codd„
1556 2219 1732 2256 Muretus

215 2275 253 2311 V.
288 2276 330 2311 L.
362 2275 426 2311 IX
456 2275 504 2313 19
536 2287 661 2324 rapere
690 2277 781 2313 libri
809 2278 939 2323 optimi
995 2277 1068 2312 uisa
1100 2287 1137 2312 es
1169 2275 1374 2313 Lambinus
1406 2276 1482 2312 uisa
1512 2281 1567 2312 est
1595 2276 1686 2312 libri

313 2328 370 2369 40
399 2331 457 2368 uhi
474 2354 488 2377 ¹·
500 2332 557 2368 illa
599 2338 657 2368 tua
695 2332 803 2381 paulo
836 2338 916 2369 ante
954 2333 1096 2380 sapiens
1128 2333 1283 2370 Reizius
1314 2331 1624 2369 ‘Burmannum'
1656 2337 1727 2369 etc.

200 2399 239 2433 p.
272 2388 296 2424 8
330 2387 389 2424 uhi
419 2388 478 2424 illa
518 2389 624 2437 paulo
656 2401 687 2425 a.
719 2401 748 2425 s.
779 2390 870 2426 libri
905 2394 966 2425 aut
1007 2388 1064 2424 ubi
1095 2389 1152 2425 illa
1190 2389 1297 2438 paulo
1335 2400 1367 2427 a.
1398 2401 1428 2430 s,
1459 2389 1730 2426 Lachmamms

201 2447 240 2480 in
271 2445 389 2481 Lucr.
421 2444 543 2482 1186
575 2444 635 2481 ubi
666 2446 787 2494 paullo
819 2451 900 2482 ante
931 2446 1071 2493 sapiens
1101 2445 1160 2481 illa
1190 2446 1365 2483 Aur-atus
1450 2444 1616 2494 uirginali
1641 2446 1732 2482 libri

201 2500 254 2547 cf.
286 2502 560 2538 Lachmannus
589 2504 613 2539 l.
637 2504 662 2539 l.
751 2502 802 2538 41
838 2508 1063 2550 optumarum
1094 2502 1148 2538 M.
1171 2503 1371 2549 Hauptius
1399 2502 1536 2538 Philol.
1566 2499 1613 2538 II
1633 2500 1727 2548 279,

201 2557 398 2606 Berylcius
428 2563 574 2607 optuma
599 2564 672 2595 tum
695 2559 800 2595 Leid.
830 2561 861 2595 A
895 2556 1126 2607 V(ind0bon.)
1150 2563 1372 2606 optumatum
1396 2558 1500 2594 Leia.
1529 2557 1567 2593 B
1597 2558 1726 2605 optima

200 2614 303 2650 Leid.
327 2614 366 2649 H
451 2615 567 2651 multo
598 2627 669 2652 om.
692 2616 735 2652 H
763 2615 872 2651 multa
894 2616 926 2650 A
1027 2615 1159 2663 optima
1190 2615 1403 2663 optimarum
1434 2619 1547 2650 maier
1575 2618 1725 2649 matrum

200 2670 328 2706 mulier
358 2671 546 2707 mulierum
567 2672 769 2709 Dobraeus
790 2672 886 2708 Adu.
910 2671 959 2708 ΙΙ
975 2670 1056 2708 374
1119 2670 1247 2707 mulier
1276 2670 1402 2706 melior
1466 2670 1571 2723 ffliS.⁸³
1604 2670 1724 2716 Vinci„

201 2736 316 2763 erasa
345 2732 433 2773 post
464 2728 590 2764 melior
619 2739 714 2765 uoce
744 2730 890 2776 aliqua,
922 2730 1032 2765 cuius
1062 2731 1256 2775 apparent
1279 2729 1412 2774 apices
1440 2727 1491 2773 is,
1523 2737 1723 2772 suprascr.

200 2795 247 2819 m.
289 2785 355 2823 alt.
396 2784 584 2820 mulierum
743 2785 796 2821 42
839 2783 1110 2821 :n-iolationihus
1147 2784 1190 2821 H
1199 2784 1241 2834 V,
1280 2782 1571 2819 hariolationibus
1609 2785 1729 2820 celeri

311 2839 363 2876 43
397 2837 568 2891 namque]
604 2852 719 2889 neque
752 2852 805 2876 me
836 2842 926 2877 libri
961 2852 1114 2889 namque
1145 2851 1199 2876 me
1231 2840 1498 2886 Hoctinyerus‚
1537 2839 1725 2886 Berylcius
