1942 3204
281 193 365 235 :350

285 298 429 329 sentio
454 295 544 330 Pae.
570 298 613 330 69
639 299 703 330 210
729 299 828 331 sensi
859 298 935 334 Att.
962 301 1027 332 470

330 343 446 375 sensit
471 341 552 374 Att.
577 345 641 376 437
667 345 845 376 sensimus
863 343 941 378 Att.
962 346 1026 376 225

284 398 372 419 saxo
398 392 527 420 sento
551 387 629 421 Att.
650 390 709 420 111
728 388 744 406 ³⁸

286 432 455 474 sepelit
486 431 576 466 Pac.
610 435 647 465 91
687 434 799 476 sepeli
838 432 929 468 Pae.
964 436 1027 467 198

285 480 453 519 septem
480 476 556 510 Att.
582 479 647 510 566
679 476 762 511 Voer.
789 480 810 511 4

284 522 494 564 sepulcro
521 523 599 565 ipse
627 528 682 556 est
710 534 843 567 parens
866 523 943 556 Att.
962 525 1027 556 226

326 567 531 608 sepulcrum
549 565 650 600 Emz.
670 571 733 601 311
761 568 930 611 sepulcra
947 567 1026 601 Att.

284 667 327 689 se
340 658 489 699 quitur
505 656 577 690 inc.
602 656 672 691 inc.
699 657 773 699 fab.
794 660 857 691 138
884 658 1026 700 (perui-

327 700 444 742 cacia)
470 703 578 735 fortis
597 704 764 745 sequitur
779 702 856 736 Att.
876 706 895 735 6
922 706 1026 746 sequi

326 746 398 780 ine.
434 746 505 780 inc.
541 745 614 787 fab.
653 750 717 781 170
755 749 940 791 sequentis
979 774 985 781 .
1012 774 1019 782 .

327 792 476 834 plantas
503 789 654 825 Graceh.
680 796 700 826 3

282 838 482 878 (remouete
509 847 635 870 seras
660 836 750 871 Pae.
777 840 860 879 360)

283 892 469 915 serenas
501 907 531 915 ..
564 883 692 925 plagas
716 882 793 916 Att.
817 882 922 926 ‚40(*)

282 927 442 969 sparteis
467 927 629 967 serilib
642 939 689 961 us
713 927 804 963 Pac.
831 931 894 962 251

281 983 525 1005 sermonem
543 971 632 1006 Pac.
653 975 716 1007 185
735 985 898 1007 sermone
925 974 1026 1007 inde-

327 1027 455 1050 corans
480 1016 557 1052 Att.
584 1020 650 1051 459

281 1073 380 1095 sero
404 1060 473 1104 Eq.
501 1061 561 1096 Tr.
589 1065 605 1095 1
632 1065 750 1096 serius
774 1063 851 1097 Att.
879 1066 922 1097 93

281 1108 359 1140 eius
386 1109 615 1150 serpentis
639 1107 716 1142 Att.
745 1111 809 1142 571

281 1163 435 1185 serues
472 1151 548 1185 Att.
591 1155 657 1187 313
694 1155 889 1188 seruauisti
924 1153 1026 1189 Emz.

325 1199 390 1230 233
416 1208 525 1230 serua
556 1196 656 1232 Eun.
687 1201 701 1231 l
736 1201 900 1240 (seruate
924 1197 1025 1233 Emz.

324 1243 406 1281 386)
422 1253 570 1276 seruare
588 1241 730 1277 Ouid-1
752 1255 921 1277 seruasse
935 1243 1026 1279 Pac.

281 1333 428 1364 seruis
446 1330 535 1365 Liu.
553 1334 596 1366 25
612 1333 659 1375 (*)
688 1335 853 1367 seruiunt
874 1333 965 1367 Pac.
985 1337 1028 1368 74

281 1378 451 1410 seruiti
478 1378 584 1410 finem
610 1377 686 1411 Att.
713 1378 785 1412 37*

281 1423 550 1455 seruitutem
575 1421 676 1456 Eun.
706 1426 768 1457 129

282 1478 409 1500 seras
434 1467 501 1509 (an
525 1471 715 1510 serenas?)
742 1470 933 1512 potiuntur
950 1471 1024 1513 pla-

329 1523 395 1555 gas
420 1511 499 1545 Att.
525 1512 598 1546 40*
837 1532 839 1534 ·

281 1558 401 1590 serui
418 1555 520 1591 Emz.
533 1561 654 1600 praet.
672 1562 691 1591 3
717 1561 833 1593 seruis
859 1565 1025 1603 praesto-

327 1602 433 1635 labas
459 1601 547 1636 Lm.
573 1603 642 1636 25*

280 1649 413 1680 Setus
437 1647 526 1681 Pac.
551 1647 639 1682 Ant.
665 1650 749 1682 XVI
772 1671 780 1681 ,

280 1703 354 1725 seu
376 1691 451 1726 inc.
475 1692 547 1726 inc.
572 1692 645 1734 fab.
674 1694 764 1728 197*

280 1737 475 1781 (seuero)
507 1763 515 1772 .
531 1763 539 1772 .
569 1749 683 1781 regno
700 1738 791 1774 Pac.
811 1743 853 1774 74
878 1752 1024 1776 seueros

324 1782 404 1819 Att.
429 1783 526 1817 379’ἰ

281 1839 508 1861 seuorsum
531 1827 608 1862 Att.
636 1829 726 1863 117*

279 1884 355 1906 sex
379 1872 458 1907 Att.
482 1875 581 1907 679*

277 1919 376 1952 uirili
400 1930 507 1952 sexu
532 1918 622 1952 Pac.
647 1922 691 1953 68

279 1965 315 1996 si
346 1962 436 1997 Pac.
473 1966 535 1997 153
562 1965 594 1996 si
627 1965 722 1999 forte
751 1965 822 1999 inc.
847 1965 920 2002 inc.
944 1966 1020 2009 fab.

324 2011 388 2042 257
415 2010 446 2042 si
471 2010 531 2052 qui
555 2007 656 2044 Emz.
683 2010 775 2044 259*
800 2012 831 2045 si
857 2013 953 2045 euist
983 2037 1013 2046 ..

322 2055 509 2097 negotium
525 2052 626 2087 Erm.
644 2056 705 2088 184
716 2056 763 2099 (²¹⁸)
784 2057 814 2089 si
838 2082 845 2089 .
861 2082 868 2089 .
894 2058 1019 2090 existi·

323 2109 491 2131 matteras
522 2097 623 2132 Erm.
660 2102 720 2133 115
752 2099 798 2141 cf.
828 2100 920 2135 Pac.
954 2104 1019 2135 249

323 2146 389 2177 280
413 2146 479 2177 344
503 2146 569 2176 424
590 2144 667 2178 Att.
685 2147 750 2178 368
776 2148 839 2186 371
866 2148 931 2179 619
947 2144 1017 2189 Εᾳ.

325 2187 387 2221 Tr.
406 2191 425 2221 2
442 2187 514 2222 inc.
531 2187 603 2222 ine.
619 2187 692 2230 fab.
714 2193 775 2223 117
802 2193 866 2225 178
892 2193 923 2224 si
949 2203 1018 2224 non

325 2237 381 2267 est
405 2235 588 2277 ingratum
613 2233 704 2268 Pac.
723 2237 766 2268 26
793 2237 863 2269 nisi
889 2238 920 2269 si
947 2247 1019 2278 qua

324 2279 449 2312 Vlixes
473 2280 582 2312 lintre
609 2281 728 2313 euasit
752 2279 824 2314 inc.
847 2279 918 2314 inc.
943 2279 1018 2322 fab.

323 2327 366 2357 90
390 2325 512 2365 iubet,
541 2325 650 2367 potiri
669 2326 700 2358 si
719 2326 930 2359 studeamus
946 2325 1017 2360 inc.

323 2368 395 2402 inc.
431 2367 506 2410 fab.
542 2372 583 2402 51
623 2370 756 2403 famam
793 2371 946 2412 tollunt,
988 2373 1018 2404 si

324 2425 432 2457 quam
463 2415 577 2447 solam
614 2416 738 2448 uidere
768 2414 889 2449 Naeu.
922 2419 942 2450 8
972 2415 1018 2458 cf.

323 2458 415 2495 Pae.
439 2461 504 2492 227
530 2458 611 2502 (bis)
637 2459 708 2493 inc.
732 2459 804 2494 inc.
822 2460 896 2502 fab.
913 2463 957 2495 45
972 2461 1018 2504 (*)

324 2507 355 2536 si
388 2529 417 2537 ..
449 2505 639 2546 accidunt,
665 2506 791 2539 Minus'
811 2508 936 2540 mirum
963 2512 1019 2540 est

322 2548 398 2582 Att.
419 2551 538 2591 praet.
565 2552 608 2583 30
640 2551 750 2593 quid?
782 2553 814 2583 si
844 2577 851 2583 .
873 2577 881 2585 .
912 2562 1018 2585 nemo

324 2596 478 2637 reperiri
503 2598 626 2637 potest
650 2594 726 2629 Att.
744 2597 810 2628 446
835 2597 865 2629 si
891 2598 952 2639 qui
983 2622 1012 2630 ..

324 2650 420 2672 mors
444 2640 602 2672 (lenitur-i
629 2644 749 2683 potest
773 2639 872 2676 Emz.
898 2644 964 2675 3⁶20
988 2644 1019 2675 si

324 2695 396 2726 qua
421 2688 586 2727 potestur
612 2686 827 2728 inuestigari
846 2687 909 2719 uia
925 2685 1016 2722 Pac.

323 2732 389 2762 100
407 2732 437 2762 si
456 2730 511 2762 tui
528 2736 675 2763 ueretur
699 2735 735 2763 te
762 2733 1017 2774 progenitoris,

325 2774 416 2806 cedo
440 2773 518 2808 Att.
546 2777 587 2808 76
612 2775 736 2808 audire
762 2776 862 2817 uolo,
897 2776 934 2809 Si
961 2782 1017 2809 est

322 2818 400 2852 Att.
432 2821 491 2852 181
526 2818 572 2860 Cf.
603 2819 679 2856 Att.
710 2820 810 2853 326*
840 2823 869 2853 si
902 2822 1016 2854 malos

324 2865 474 2897 imitabo
507 2890 535 2897 ..
569 2865 672 2898 «labis
697 2864 786 2899 Lz'u.
813 2868 830 2898 1
856 2867 887 2898 si
915 2867 1016 2899 uoles

895 200 1013 236 sentio
1044 219 1099 226 --
1128 199 1206 235 sine

1111 299 1302 332 aduortere
1319 301 1475 332 animum
1496 325 1524 334 ..
1546 303 1810 337 monstrabitur

1109 342 1210 377 Eun.
1228 346 1294 378 365
1312 355 1367 376 me
1389 345 1510 379 occide
1543 372 1550 378 .
1565 371 1573 379 .
1605 348 1635 379 si
1654 351 1806 390 usquam

1111 390 1287 431 probitum
1335 390 1487 432 gradum
1528 390 1619 426 Pae.
1655 393 1718 426 341
1760 391 1807 434 cf.

1108 432 1185 468 Att.
1211 437 1253 468 93
1285 433 1382 467 266*
1413 436 1444 468 si
1470 438 1504 468 te
1537 461 1546 468 .
1566 462 1574 470 .
1607 437 1807 479 offendero,

1108 480 1265 512 Moriere
1297 477 1397 515 Eun.
1429 482 1495 513 224
1525 492 1596 517 11011
1627 482 1806 526 intellegi-

1111 535 1205 565 mus,
1238 525 1308 556 nisi
1339 526 1371 558 si
1403 530 1528 567 aperte
1557 526 1690 560 dixeris
1714 526 1806 562 Pac.

1111 568 1162 602 7*
1186 571 1217 603 si
1243 581 1298 602 me
1329 595 1337 603 .
1358 596 1366 603 .

1110 613 1188 647 Att.
1207 616 1274 648 453
1301 615 1331 647 si
1357 617 1438 657 quis
1464 615 1533 649 hac
1557 627 1612 649 me
1638 619 1826 652 oratione*

1110 660 1256 699 ineilet,
1294 660 1380 702 quid
1411 661 1678 704 respondeam?
1713 661 1803 700 Pae.

1111 707 1172 737 131
1199 703 1245 746 cf.
1262 704 1339 740 Act.
1358 707 1400 746 87
1425 707 1491 739 310
1516 706 1611 749 (542)
1634 705 1707 742 inc,
1731 706 1805 743 ine.

1107 747 1181 790 fab.
1206 752 1250 783 49
1278 752 1341 783 120
1367 752 1430 783 150
1462 751 1557 785 158*
1588 752 1700 785 miser
1723 753 1803 796 sim,

1109 795 1139 826 si
1171 820 1178 828 .
1199 819 1205 826 .
1244 795 1358 827 faxim
1383 793 1485 829 Enn.
1511 797 1576 829 261
1602 798 1634 830 si
1659 801 1802 837 curent,

1110 839 1202 872 bene
1239 841 1345 874 bonis
1376 842 1426 874 sit
1459 839 1560 877 Eun.
1591 843 1656 875 271
1689 843 1743 876 sol
1774 844 1806 876 si

1108 889 1285 928 perpetuo
1316 887 1388 919 siet
1425 911 1462 918 ..
1501 888 1684 920 exusserit
1713 885 1804 922 Pac.

1110 932 1150 962 12
1191 933 1222 963 si
1261 931 1324 972 qui
1366 941 1459 973 quae
1499 935 1677 965 euentura
1720 937 1804 966 sunt
1833 932 1838 935 ’

1107 975 1334 1018 prouideant‚
1360 977 1600 1019 aequiperent
1617 978 1697 1011 Ioui
1712 976 1804 1012 Pae.

1107 1022 1173 1053 407
1199 1022 1229 1053 si
1255 1024 1292 1053 te
1317 1025 1464 1064 regeret
1489 1022 1620 1064 pudor,
1650 1022 1736 1056 Siue
1767 1048 1797 1057 ..

1108 1066 1205 1098 foret
1245 1065 1336 1099 Pac.
1374 1068 1439 1099 299
1483 1067 1514 1099 si
1556 1068 1662 1110 inpar
1703 1079 1804 1101 esses

1109 1111 1194 1151 tibi,
1229 1122 1297 1152 ego
1330 1122 1426 1144 1111110
1452 1123 1524 1144 non
1552 1123 1670 1146 essem
1695 1115 1805 1147 miser

1109 1154 1186 1189 Att.
1222 1155 1318 1190 561*
1356 1157 1387 1189 si
1429 1156 1576 1190 adesset
1624 1183 1631 1190 .
1658 1183 1665 1191 .
1710 1165 1803 1191 eom=

1110 1202 1366 1234 miseresceret
1389 1200 1483 1234 Pac.
1509 1204 1572 1236 391
1607 1204 1637 1235 si
1666 1213 1722 1237 me
1760 1229 1768 1237 .
1790 1228 1798 1237 .

1111 1246 1324 1279 comitasset
1361 1247 1472 1289 patri!
1510 1246 1587 1281 Att.
1619 1250 1661 1281 53
1699 1249 1729 1281 si
1767 1274 1775 1282 .
1790 1274 1798 1282 .

1111 1291 1282 1324 rediisset
1304 1289 1382 1324 Att.
1408 1294 1473 1325 695

1064 1336 1254 1369 rudentum
1282 1336 1447 1370 sibilus
1471 1336 1562 1370 Pac.
1587 1339 1652 1371 336

1066 1381 1132 1413 sic
1167 1379 1287 1415 Naeu.
1317 1380 1392 1414 42*
1426 1379 1527 1415 Eun.
1563 1383 1606 1415 59
1642 1384 1707 1415 215
1738 1385 1801 1416 251

1109 1424 1201 1462 Pac.
1233 1426 1329 1459 272*
1360 1426 1437 1460 Att.
1471 1424 1547 1471 [45]
1582 1428 1676 1469 (263)
1707 1427 1804 1462 374*

1107 1473 1170 1505 481
1197 1470 1292 1505 634*
1316 1470 1387 1505 inc.
1413 1470 1484 1505 ine.
1508 1470 1583 1514 fab.
1609 1472 1684 1505 44*

1063 1517 1179 1549 sieut
1202 1516 1279 1551 Att.
1303 1519 1371 1550 403

1063 1561 1214 1594 sidera
1238 1561 1315 1596 Att.
1340 1563 1406 1595 679

1062 1607 1457 1647 signitenentibus
1496 1633 1504 1641 .
1526 1633 1534 1641 .

1063 1707 1078 1730 s
1090 1698 1163 1740 ign
1175 1708 1236 1729 um
1253 1695 1345 1730 Pac.
1361 1699 1404 1730 62
1421 1699 1565 1740 signum
1582 1702 1803 1742 praepotens

1106 1741 1185 1777 Att.
1204 1744 1324 1784 praet.
1341 1744 1384 1776 37
1409 1743 1673 1786 astrologorum
1698 1745 1803 1787 signa

1105 1785 1206 1823 Emt.
1242 1790 1306 1821 199
1342 1789 1449 1831 signa
1486 1813 1521 1822 ..
1560 1800 1692 1823 canere
1723 1788 1800 1826 Att.

1061 1878 1193 1911 silete
1215 1876 1317 1912 Ewn.
1346 1880 1386 1910 14
1409 1878 1520 1911 silens
1545 1877 1621 1912 Att.
1646 1880 1711 1913 476

1061 1923 1287 1956 silescunt
1312 1924 1415 1956 uenti
1439 1922 1530 1958 Pac.
1556 1926 1598 1958 77

1061 1968 1205 2001 siluas
1229 1967 1304 2001 Att.
1330 1970 1393 2001 441

1060 2012 1238 2046 Siluani
1261 2012 1339 2046 Ait.
1364 2015 1430 2047 405

1057 2058 1323 2091 siluestrum
1350 2059 1501 2091 exuuias
1524 2057 1601 2091 Att.
1618 2058 1715 2092 256*
1740 2059 1800 2093 sil-

1101 2103 1286 2135 uestribus
1303 2104 1475 2145 saepibus
1491 2101 1563 2137 inc.
1577 2102 1647 2139 ine.
1664 2102 1738 2145 fab.
1757 2107 1799 2137 72

1057 2147 1301 2180 siluicolae
1326 2146 1403 2180 Att.
1429 2150 1494 2181 237

1057 2194 1134 2224 ueri
1160 2192 1308 2224 simile
1335 2191 1426 2226 Pac.
1453 2195 1519 2226 374
1550 2194 1639 2227 nihil
1674 2194 1799 2227 horum

1102 2238 1259 2270 similest
1282 2236 1353 2270 inc.
1379 2236 1449 2271 inc.
1475 2236 1550 2279 fab.
1576 2240 1641 2272 206

1057 2283 1366 2315 similitudine
1390 2282 1482 2316 Pac.
1509 2286 1573 2318 240

1058 2328 1208 2360 simitu
1232 2327 1324 2361 Pac.
1350 2327 1423 2361 79*

1056 2373 1185 2406 simul
1216 2371 1293 2406 Att.
1321 2375 1385 2406 281
1416 2372 1543 2416 Pomp.
1569 2377 1587 2407 7
1619 2373 1690 2407 inc.
1723 2372 1797 2407 inc.

1100 2416 1174 2459 fab.
1211 2420 1254 2450 95
1299 2419 1405 2450 simul
1443 2429 1515 2451 una
1550 2418 1642 2452 Pac.
1679 2418 1797 2452 365²*

1101 2463 1207 2496 simul
1238 2473 1281 2495 ac
1312 2461 1388 2496 Att.
1421 2465 1487 2496 449
1519 2464 1624 2497 simul
1658 2467 1696 2496 et
1719 2463 1797 2496 Att.

1103 2510 1166 2540 196
1190 2510 1254 2541 571
1690 2523 1692 2525 ·

1057 2553 1206 2585 simum
1233 2563 1345 2595 pecus
1369 2551 1456 2586 Lm.
1484 2555 1504 2585 5

1057 2598 1124 2630 sin
1150 2595 1249 2630 Eam.
1278 2594 1340 2631 116
1364 2596 1433 2631 inc.
1454 2597 1525 2631 inc.
1541 2597 1615 2640 fab.
1633 2601 1676 2631 45
1690 2598 1707 2616 *
1734 2600 1796 2632 178

1101 2644 1158 2675 sin
1183 2643 1387 2676 flaccebunt
1411 2644 1659 2683 conditiones,
1690 2654 1795 2686 repu-

1101 2688 1202 2721 diato
1227 2685 1326 2722 Emt.
1352 2686 1446 2721 301*
1471 2689 1539 2721 sist
1563 2691 1728 2731 potestas
1757 2713 1788 2722 ..

1100 2733 1157 2765 sin
1182 2743 1319 2765 mecum
1342 2733 1434 2765 uelit
1456 2731 1548 2768 Pac.
1571 2735 1638 2765 424

1056 2778 1235 2810 sineere
1262 2782 1396 2810 sonunt
1419 2775 1518 2810 Ewn.
1543 2779 1587 2810 69

1056 2824 1154 2855 sine
1178 2821 1297 2855 Naeu.
1325 2825 1367 2855 47
1392 2821 1491 2855 Emz.
1517 2823 1582 2855 338
1614 2821 1704 2856 Pac.
1729 2825 1772 2856 29

1098 2869 1163 2900 327
1187 2866 1265 2901 Att.
1294 2869 1357 2900 159
1382 2869 1447 2900 296

1570 1608 1667 1651 bigis
1698 1606 1799 1642 Ewn.

1397 571 1648 604 misericordia
1674 571 1806 616 Capsit
1852 588 1855 590 “
