1942 3204
266 195 351 237 204
901 203 945 237 L.
965 201 1146 236 'ATTIVS

473 303 668 361 Pectore,
699 304 879 348 Achiuis
911 305 1121 348 classssous
1153 307 1321 364 ductor,

474 379 627 424 Grauis
658 382 889 425 Dardaniis
921 382 1126 439 gentibus
1158 385 1284 440 ultor,

475 457 718 502 Laertiade!

516 534 560 577 II
593 534 667 592 <11
700 536 837 591 Nae-u.
866 538 949 580 inc.
980 538 1066 580 fab.
1102 539 1153 582 17
1187 538 1278 581 Ait.
1309 538 1450 582 Prom.
1483 537 1531 597 3)
1589 555 1591 557 ·

263 610 349 652 525
482 646 491 654 .
554 646 562 654 .
625 647 633 655 .
696 647 704 655 .
766 613 947 657 Lemnia
976 618 1149 671 praesto

474 689 622 731 Litora
653 706 767 747 rara,
798 694 841 733 'et
872 693 984 735 celszi,
1016 692 1218 736 Cabirum

474 766 666 809 Dehibra
697 770 836 825 tenes,
867 770 1058 812 misteria
1090 786 1197 826 quae

474 843 664 887 Pristsna
695 846 823 888 castis
856 848 1063 902 concepta
1095 848 1225 889 sacris

895 924 918 949 ³1⁶
1124 925 1147 950 ²1:

1010 954 1033 978 ἦε

471 998 683 1041 Volcania
717 998 832 1057 [iam]
866 1002 1028 1057 temple,
1059 1003 1138 1044 sub
1170 1003 1274 1058 ipsis

257 1074 343 1116 530
477 1075 687 1132 Collssous,
718 1077 764 1119 in
796 1093 902 1133 quos
935 1078 1101 1121 delatus
1132 1080 1250 1122 locos

469 1152 639 1195 Dicitur
670 1155 757 1196 alto
790 1155 844 1196 ab
876 1153 1024 1198 limine
1056 1157 1163 1198 caeli

895 1232 918 1257 ²10
1122 1233 1145 1258 ἧς

1009 1262 1031 1287 ἧς

255 1335 381 1368 urbem
406 1336 543 1378 primus
569 1338 614 1369 ab
641 1338 714 1371 oris
742 1335 842 1382 [520]
872 1339 1004 1372 terruit
1033 1340 1159 1371 urbem
1184 1340 1320 1381 primus
1346 1339 1392 1372 ab
1418 1341 1491 1373 oris
1517 1340 1646 1385 [52l].’
1688 1342 1778 1375 Cha-

255 1381 367 1413 risius
399 1392 432 1424 p.
459 1383 524 1415 289
549 1393 601 1425 sq.
636 1383 692 1415 ed.
719 1383 814 1416 Keil.
847 1382 909 1425 (cs.
937 1384 1207 1417 Schneidewini
1239 1387 1497 1419 commentatio
1524 1387 1782 1430 Gottingensis

256 1427 339 1458 1841
368 1438 401 1468 p,
427 1429 488 1466 20,
522 1428 565 1460 H.
590 1428 734 1461 Keilius
758 1429 891 1462 Philol.
918 1429 975 1462 111
999 1441 1034 1472 p.
1059 1432 1103 1463 90
1126 1429 1234 1463 Anal.
1266 1441 1414 1472 gramm.
1444 1441 1479 1472 p.
1506 1430 1564 1474 38)
1598 1433 1783 1475 ‘rythmos

255 1475 377 1504 autem
402 1473 439 1503 in
464 1477 528 1513 spt‘i
543 1498 640 1506 .....
668 1471 849 1517 [car]men
876 1472 956 1516 [520
979 1473 1049 1517 sq.]
1076 1492 1118 1498 -—
1136 1492 1178 1498 —
1201 1479 1242 1506 ut
1271 1486 1315 1508 ex
1340 1475 1396 1507 his
1418 1473 1422 1518 Ι
1445 1477 1508 1517 qui
1533 1478 1626 1510 forte
1651 1489 1780 1511 uersus

252 1517 427 1559 inclyte
454 1528 570 1560 parua
603 1529 671 1560 ego
704 1530 782 1551 com
798 1544 896 1552 .....
912 1519 991 1552 dem
1017 1531 1082 1552 uer
1102 1545 1132 1554 ..
1154 1520 1277 1552 fecero
1308 1521 1412 1553 euius
1445 1525 1530 1554 sunt
1553 1523 1618 1555 illa
1645 1533 1782 1565 quae-

253 1572 347 1594 nam
385 1566 428 1594 te
461 1563 654 1606 adigunt
687 1565 851 1606 hospes
886 1564 1040 1607 [inclyte
1071 1591 1078 1605 ,
1118 1566 1285 1598 manebit
1319 1565 1434 1598 isdem
1466 1568 1622 1600 uocibus
1655 1571 1692 1601 et
1725 1572 1782 1601 est

254 1607 380 1639 eodem
406 1608 492 1640 flore
512 1613 548 1641 et
566 1620 610 1641 ex
627 1612 741 1641 metro
760 1614 967 1643 remouetur
985 1607 1040 1654 [et
1078 1614 1240 1643 mutatur
1257 1614 1294 1643 et
1310 1611 1350 1642 fit
1366 1611 1479 1645 melos
1496 1613 1677 1655 profecto,
1697 1617 1734 1646 et
1750 1615 1782 1647 si

253 1652 364 1685 melos
390 1654 620 1692 extenderis,
645 1658 686 1686 ut
709 1656 747 1686 in
772 1655 865 1688 hanc
888 1656 1016 1688 ueniat
1034 1656 1282 1699 quantitatem
1299 1666 1428 1689 uorsus
1451 1658 1493 1689 in
1506 1658 1628 1700 clyte
1656 1656 1781 1702 [hos-

252 1709 303 1739 pe
315 1697 350 1740 s]
382 1709 519 1740 parua
545 1699 751 1742 praedite
778 1706 853 1742 pat
865 1701 930 1732 ria
952 1705 989 1734 et
1007 1701 1078 1734 duo
1094 1705 1272 1734 commata
1289 1701 1350 1734 uel
1366 1702 1600 1735 hemistichia
1617 1704 1780 1737 iunxeris

253 1746 292 1775 nt
311 1741 442 1785 falcias
460 1744 530 1777 sic:
556 1755 771 1787 quaenam
789 1750 824 1777 te
851 1746 1042 1788 adigunt
1059 1747 1224 1789 hospes
1243 1753 1406 1790 stagna
1425 1749 1612 1791 capacis
1629 1749 1779 1782 uisere

255 1789 440 1821 auerni.’
536 1790 572 1822 lI
598 1791 713 1823 Varro
740 1791 784 1823 de
810 1790 831 1823 l.
849 1792 890 1824 L.
907 1791 977 1824 VII
1002 1793 1042 1824 11
1070 1792 1116 1824 Μ.
1145 1791 1250 1824 ‘loca
1276 1793 1456 1834 quaedam
1482 1794 1658 1838 agrestius,
1686 1794 1781 1837 quod

254 1834 437 1876 aliquoius
463 1834 523 1867 dei
549 1838 650 1872 sunt,
682 1836 855 1868 dicuntur
880 1841 1022 1870 tesca.
1071 1838 1163 1869 Nam
1196 1837 1294 1879 apud
1316 1837 1467 1870 Accium
1500 1839 1538 1871 in
1571 1839 1780 1872 Philocteta

254 1880 405 1912 Lemnio
439 1878 574 1924 [xlm.
614 1881 709 1913 enim
740 1881 822 1913 loca
854 1892 947 1923 quae
982 1883 1070 1920 sint,
1103 1882 1275 1924 designat
1306 1893 1386 1915 cum
1412 1882 1520 1915 dicit:
1552 1881 1777 1927 [525—528]

254 1924 360 1956 dein’
385 1943 428 1947 »-
454 1927 508 1958 sic
533 1927 645 1958 etiam
669 1925 766 1958 Flor.
795 1937 876 1958 cum
903 1926 1010 1960 Goth.
1036 1928 1158 1960 Haun.
1184 1928 1268 1960 Par.
1294 1939 1316 1960 a
1347 1931 1385 1960 et
1410 1928 1431 1961 b
1459 1931 1519 1960 ‘ut
1544 1929 1709 1962 uidetur’
1735 1947 1778 1952 -—

254 1969 500 2013 ‘[529—-531]
529 1974 584 2004 et:
618 1982 770 2004 nemus
803 1973 1042 2014 expirante
1074 1997 1110 2006 ..
1133 1997 1140 2004 .
1171 1972 1374 2006 diuisus-,²
1417 1974 1480 2014 (iu
1512 1974 1778 2007 Philocteta

368 2101 448 2138 522
487 2102 617 2139 ductor
656 2104 972 2159 Sarifberiensis,
1010 2105 1262 2141 Hermannus
1298 2110 1422 2141 auctor
1458 2105 1663 2152 Apuleius,
1693 2106 1777 2142 Ma-

252 2160 335 2194 rius
367 2159 582 2196 Victorinus
674 2159 754 2196 525
776 2172 859 2208 sqq.
891 2161 1133 2207 ,anapaestos
1154 2163 1309 2209 caynouit
1331 2161 1503 2210 Scaliqer
1537 2162 1638 2198 Coni.
1661 2174 1701 2209 p.
1725 2163 1776 2199 67

364 2214 445 2251 525
474 2227 530 2263 sq.
562 2222 708 2263 praesto
747 2216 867 2253 littora
906 2227 983 2253 rara
1014 2218 1249 2265 Achustinus
1279 2220 1316 2254 in
1353 2230 1424 2266 my.
1456 2229 1508 2255 ex
1542 2219 1640 2256 libro
1678 2224 1779 2266 prest

252 2271 409 2318 (praeest
434 2270 542 2308 Goth.
565 2272 698 2308 Hazcn.
729 2270 750 2320 β
773 2279 828 2319 est
847 2274 942 2311 Par.
965 2273 1000 2319 b)
1033 2274 1142 2310 olitor
1172 2279 1286 2310 ararat
1306 2275 1394 2311 libri
1411 2285 1535 2322 aspera
1558 2280 1653 2311 tesca
1674 2280 1777 2311 tuere

254 2328 430 2376 Scaliger
461 2339 480 2364 ε
513 2330 628 2366 Festo
657 2341 692 2365 u.
728 2335 822 2366 tesca
850 2341 889 2376 p.
914 2330 995 2367 356
1027 2335 1170 2378 praesto
1206 2331 1327 2367 littora
1358 2331 1496 2366 iamiam
1526 2332 1776 2368 Hermannus

254 2385 374 2421 Elem.
397 2386 433 2420 d.
456 2397 502 2420 m.
523 2397 563 2432 p.
588 2386 668 2422 387
701 2398 735 2433 p.
766 2385 790 2422 Ι.
823 2397 907 2422 raua
936 2388 1032 2423 idem
1057 2386 1195 2434 Opusc.
1217 2386 1287 2424 ΙΙΙ
1307 2387 1388 2424 120
1417 2399 1451 2435 p.
1483 2387 1507 2426 l.
1539 2387 1632 2424 clara
1654 2388 1776 2436 Bery-

250 2441 338 2477 Arius
375 2446 476 2488 grata
508 2442 773 2479 Buechelerus
917 2443 997 2480 527
1036 2448 1116 2479 tues
1154 2443 1345 2492 Berylcius
1380 2444 1539 2490 Ephem.
1575 2445 1772 2481 archaeol.

254 2497 359 2534 1849
392 2510 429 2534 n.
459 2497 484 2533 4
599 2499 755 2535 misteria
787 2511 877 2547 quae
909 2501 1017 2537 Flor.
1047 2499 1289 2548 mysteriaque
1325 2502 1446 2535 ceteri
1474 2501 1643 2548 mysteria
1673 2501 1775 2548 queis

253 2555 503 2590 Hermannns
527 2555 666 2602 Opusc.
689 2557 715 2592 l.
737 2557 763 2592 l.
856 2556 936 2593 528
968 2556 1075 2592 castis
1107 2561 1278 2604 concepta
1299 2557 1393 2592 Par.
1424 2569 1446 2592 α
1478 2561 1513 2592 et
1543 2557 1564 2592 b
1595 2554 1652 2593 ‘ut
1671 2558 1774 2593 uide-

251 2610 335 2646 rur'
369 2611 493 2647 eastris
524 2618 697 2659 concepta
727 2614 847 2649 ceteri
873 2614 962 2649 libri
990 2613 1089 2648 cistis
1119 2618 1290 2660 consepta
1311 2613 1503 2660 Berqlcius
1531 2614 1556 2649 l.
1587 2614 1613 2648 l.
1702 2613 1776 2649 His

250 2678 349 2714 quae
383 2666 516 2704 Cicero
547 2670 592 2704 de
622 2673 700 2704 nat.
732 2670 836 2705 deor.
867 2670 893 2706 I
918 2668 992 2715 42,
1025 2669 1103 2705 119
1139 2670 1256 2705 habet
1289 2670 1531 2716 adiungenda
1566 2679 1648 2705 esse
1684 2680 1773 2706 con-

251 2725 363 2759 sentit
397 2734 481 2760 eum
517 2725 742 2762 Hermanno
776 2725 913 2772 Opusc.
944 2728 969 2762 l.
999 2726 1024 2762 l.
1056 2725 1251 2774 Berylcius
1378 2724 1458 2761 529
1489 2724 1654 2761 Volcania
1685 2725 1771 2772 (uel,

251 2786 290 2815 ιιί
320 2782 464 2816 mauult
495 2782 780 2830 Buechelerus,
803 2781 960 2827 Volcani)
991 2783 1057 2817 iau]
1088 2785 1241 2828 scripsi.
1273 2781 1438 2818 Volcania
1459 2781 1552 2817 Par.
1574 2782 1595 2817 b
1628 2781 1685 2817 ‘ut
1715 2784 1770 2818 ui-

249 2836 376 2872 detur’
410 2837 437 2870 V
441 2837 583 2885 olgania
603 2838 705 2874 Med.
738 2849 822 2874 cum
854 2841 991 2875 ceteris
1010 2838 1120 2875 libris
1140 2844 1176 2875 et
1196 2837 1364 2874 Volcania
1385 2834 1558 2885 Scazigjer
1587 2837 1669 2874 dein
1692 2838 1772 2874 Vol-

251 2892 349 2927 eauia
380 2894 632 2930 Hermannus
726 2894 805 2932 531
838 2893 959 2930 limine
990 2897 1102 2943 uulgo
1133 2895 1266 2930 lumine
1294 2895 1384 2931 libri
1481 2893 1559 2930 531
1583 2905 1639 2942 sq.
1671 2894 1773 2941 caeli,
