1942 3204
640 232 682 273 Q.
712 230 883 265 ENNIVS
923 231 973 264 Μ.
998 229 1240 264 PAcvvle
1655 225 1710 267 75

818 335 895 379 LX
928 333 1070 393 (LXII)

293 415 466 460 ‘Omnes
509 415 616 459 dant
659 412 890 459 consilium
940 427 1120 468 uanum,
1169 413 1298 467 atque
1343 410 1395 453 Ad
1441 411 1706 468 uoluptatem

1048 489 1206 534 6mnia.

888 569 989 613 LXI

293 649 503 695 Perui‘nce
535 649 745 707 pertinfici
777 647 1030 705 peruicaicia.

644 806 716 862 M.
782 802 1238 862 PAGVVIVS

810 918 1071 963 ANTIOPA

323 1012 525 1071 Hyginus
562 1011 648 1054 fab.
687 1011 713 1053 8
753 1007 992 1067 (praecedit
1029 1008 1260 1066 Antiopa
1299 1023 1389 1065 cap.
1430 1007 1476 1066 7)
1515 1008 1711 1050 ‘eadem

173 1091 462 1149 Euripidis,
499 1104 647 1146 quam
685 1088 868 1131 scribit
898 1086 1120 1131 Ennius'
1162 1085 1313 1145 (immo
1351 1086 1627 1142 Pacuuius,
1664 1087 1713 1127 ut

175 1169 359 1214 correxit
376 1168 634 1225 Hartungus
653 1165 756 1212 Eur.
776 1168 876 1208 rest.
896 1165 941 1208 II
960 1163 1082 1223 415).
1115 1164 1292 1222 ‘Nyctei
1318 1165 1432 1222 regis
1464 1164 1511 1206 in
1530 1163 1712 1207 Boeotia

174 1247 260 1291 fuit
295 1244 384 1290 filia
426 1245 631 1302 Antiopa.
699 1244 789 1287 eius
826 1244 991 1286 formae
1035 1243 1232 1287 bonitate
1270 1243 1465 1300 Iuppiter
1503 1242 1712 1284 adductus

176 1325 402 1383 grauidam
431 1324 546 1367 fecit.
608 1337 738 1379 quam
774 1324 898 1378 pater
936 1336 1033 1364 oum
1064 1322 1217 1378 punire
1250 1321 1381 1364 uellet
1417 1322 1595 1377 propter
1627 1322 1712 1362 stu-

175 1418 320 1460 prum,
356 1402 562 1445 minitans
599 1400 838 1457 perieulum
874 1398 1069 1456 Antiopa
1107 1399 1268 1456 effugit.
1338 1414 1438 1441 casu
1477 1399 1523 1441 in
1562 1398 1712 1440 eodem

175 1481 291 1537 loco,
321 1495 406 1537 quo
438 1480 513 1523 illa
538 1481 817 1536 peruenerat,
846 1477 1052 1534 Epopeus
1064 1475 1098 1535 ¹)
1120 1476 1346 1533 Sicyonius
1367 1477 1521 1519 stabat.
1553 1476 1590 1518 is
1622 1491 1712 1518 mu-

176 1559 325 1603 lierem
356 1558 582 1601 aduectam
614 1553 788 1613 d0m02)
821 1550 1098 1598 matrimonio
1119 1552 1242 1612 'suo3)
1274 1554 1425 1597 iunxit.
1456 1554 1499 1596 id
1519 1553 1713 1610 Nyeteus

178 1651 306 1694 aegre
337 1637 494 1692 ferens,
526 1650 623 1678 cum
656 1636 910 1690 moreretur,
941 1633 1057 1690 Lyco
1089 1624 1215 1676 fratri
1247 1648 1324 1675 suo
1357 1647 1434 1689 per
1465 1632 1714 1675 obtestatio-

269 1772 336 1807 Lx
359 1773 498 1806 Fronto
521 1770 630 1815 epist.
654 1771 692 1804 11
720 1772 763 1804 10
786 1782 821 1815 p.
849 1773 892 1805 33
917 1770 1012 1804 Nab.
1061 1769 1271 1803 ‘adfinitate
1303 1770 1483 1802 sociatum
1514 1779 1633 1811 neque
1658 1772 1716 1801 tu-

178 1818 278 1853 telae
303 1818 508 1853 subditum:
535 1819 726 1861 praeterea
752 1818 791 1850 iu
817 1827 861 1850 ea
887 1816 1038 1850 fortuna
1063 1816 1323 1855 constitutum,
1351 1815 1388 1847 in
1406 1824 1498 1857 qua,
1522 1818 1564 1847 ut
1581 1814 1624 1855 Q.
1643 1815 1716 1847 En-

177 1865 261 1898 nius
292 1864 366 1907 ait,
399 1874 525 1897 omnes
558 1862 668 1896 dant'
702 1873 734 1896 e.
770 1873 803 1906 q.
837 1873 865 1895 s.
920 1862 1082 1895 Possunt
1113 1861 1158 1894 de
1192 1860 1319 1893 ariolis
1354 1859 1543 1903 intellegi,
1581 1860 1643 1903 qui
1677 1861 1716 1892 in

177 1909 378 1944 Telamone
403 1909 448 1943 fr.
465 1909 501 1942 11
526 1910 741 1951 carpuntur.
834 1907 920 1942 LXI
944 1907 1146 1941 Frontonis
1171 1906 1279 1950 epist.
1297 1905 1347 1940 1v
1363 1907 1384 1938 2
1411 1916 1444 1948 p.
1463 1906 1508 1939 60
1524 1906 1619 1940 Nab.
1654 1904 1716 1938 ‘de

177 1955 327 1989 Herode
353 1955 449 1999 quod
474 1954 566 1988 dicis
591 1963 716 1997 perge,
741 1964 805 1987 oro
830 1956 886 1995 te,
915 1950 984 1998 [et]
1011 1956 1051 1986 ut
1076 1953 1271 1995 Quintus
1296 1954 1424 1984 noster
1447 1951 1512 1989 ait,
1539 1951 1714 1994 peruinee

179 2012 213 2045 p.
237 2003 287 2045 p.’
323 1999 482 2034 Ennium
506 1999 760 2033 indicaueram
786 1999 824 2032 in
843 1999 1083 2033 adnotatione
1110 1998 1156 2031 ad
1173 1997 1268 2031 Attii
1284 1996 1452 2039 Myrmid.
1470 1996 1514 2030 fr.
1532 1997 1562 2038 1,
1588 1996 1652 2029 sed
1674 1999 1716 2029 ut

178 2050 382 2080 statuerem
406 2046 581 2080 memoria
606 2044 740 2079 falsum
764 2044 814 2078 M.
831 2043 1027 2078 caesarem
1051 2054 1118 2087 pro
1134 2042 1303 2076 Enniano
1320 2042 1509 2075 Attianum
1535 2042 1654 2075 locum
1678 2042 1717 2074 in

179 2092 293 2126 breue
325 2094 555 2125 contractum
586 2090 725 2124 imitari
755 2091 875 2133 magis
906 2101 1014 2133 quam
1044 2089 1216 2123 laudare:
1254 2098 1351 2120 nuuc
1387 2098 1433 2120 ne
1465 2087 1552 2130 quid
1585 2087 1715 2120 deesse

179 2137 371 2172 uideretur
402 2136 514 2170 Ennii
536 2135 716 2179 reliquiis,
741 2140 888 2172 secutus
906 2146 984 2169 sum
1006 2146 1087 2169 mea
1105 2136 1338 2177 ignorantem
1356 2133 1404 2166 M.
1419 2133 1636 2176 Resupnum,
1656 2133 1718 2176 qui

178 2181 255 2217 ind.
273 2181 404 2219 sehon.
420 2181 543 2217 Berol.
562 2185 656 2218 aest.
675 2182 762 2215 186⁷
787 2193 822 2224 p.
841 2182 862 2215 5
886 2181 983 2215 hunc
1007 2180 1126 2215 locum
1144 2180 1271 2222 tetigit
1295 2179 1465 2221 idemque
1489 2182 1534 2212 et
1560 2178 1717 2212 addidit.

271 2229 376 2270 Quae
400 2229 519 2262 Varro
543 2227 590 2261 de
616 2227 640 2263 l.
666 2227 710 2261 L.
726 2227 799 2261 VII
817 2228 858 2260 12
877 2227 927 2263 Μ.
953 2237 989 2264 u.
1015 2227 1134 2260 tueri
1159 2225 1329 2259 laudauit
1354 2225 1455 2267 quis
1480 2227 1615 2268 pater
1638 2228 1717 2257 aut

181 2276 404 2318 cognatus
427 2273 555 2308 uolet
579 2282 658 2307 nos
683 2276 841 2307 eontra
865 2274 988 2306 tueri
1012 2283 1087 2306 non
1113 2281 1260 2315 possum
1284 2280 1358 2303 non
1377 2271 1431 2303 eis
1448 2269 1630 2304 adsentiri
1655 2271 1718 2313 qui

181 2330 246 2364 pro
270 2319 484 2354 hexametro
508 2318 694 2352 annalium
710 2318 864 2352 habent:
889 2318 938 2353 ef.
956 2319 1143 2352 Vsenerus
1168 2316 1244 2350 ind.
1268 2315 1370 2350 lectt.
1391 2315 1597 2359 Gryphisw.
1623 2319 1715 2351 aest.

183 2365 271 2400 1866
300 2376 336 2408 p.
370 2366 422 2400 10.
477 2363 711 2408 'tragoediae
741 2364 889 2398 restitui
926 2363 1046 2398 uoluit
1079 2361 1306 2397 Ritschelms
1338 2361 1412 2397 ind.
1443 2361 1571 2396 sehon.
1601 2361 1717 2395 Bonn.

184 2413 278 2446 aest.
306 2411 393 2444 1862
417 2421 452 2454 p.
476 2409 541 2443 XV
567 2410 622 2444 sie
646 2410 891 2454 transposita:

663 2467 763 2511 quis
787 2478 866 2502 nos
890 2467 1020 2512 pziter
1046 2471 1123 2500 aut
1150 2465 1371 2511 cognatus
1397 2465 1521 2500 uolet

295 2512 465 2547 Contraet
490 2513 629 2547 tueri?

275 2571 420 2605 PAcvvr
444 2570 617 2604 Annon
641 2581 685 2604 ex
708 2569 900 2613 Euripidis
918 2569 1047 2603 fabula
1072 2571 1287 2614 cognomine
1305 2580 1494 2614 expressa:
1520 2569 1648 2602 Cicero
1673 2567 1718 2600 de

184 2615 244 2652 fin.
268 2617 286 2650 1
310 2618 351 2659 2,
374 2617 408 2650 4.
450 2616 498 2652 ef.
524 2615 632 2650 acad.
658 2626 711 2660 pr.
738 2616 775 2650 11
799 2617 832 2657 7,
857 2617 902 2650 20
927 2615 972 2649 de
998 2615 1059 2650 off.
1086 2617 1103 2649 1
1127 2618 1182 2655 31,
1210 2617 1273 2649 114
1384 2615 1417 2657 1)
1443 2614 1655 2658 Epaphus
1682 2615 1718 2645 et

182 2662 282 2696 infra
305 2661 514 2705 Epapho,
540 2662 703 2695 correxit
729 2665 813 2705 post
828 2661 1020 2705 Micyllum
1047 2664 1086 2695 et
1102 2661 1310 2695 Nanokium
1337 2661 1506 2694 nuntius,
1581 2659 1616 2697 2)
1643 2658 1717 2690 do·

183 2717 302 2786 miuml
318 2710 406 2786 plost
430 2706 525 2741 alios
550 2706 592 2743 Ο.
618 2706 772 2742 Iahnius
796 2706 937 2751 ephem.
964 2706 1150 2742 archaeol.
1177 2709 1265 2742 1853
1290 2718 1325 2751 p.
1343 2708 1386 2740 73
1462 2705 1497 2746 3)
1524 2704 1611 2738 sibi
1636 2702 1718 2738 Iah-

183 2763 206 2786 n
223 2762 267 2786 us
305 2777 315 2787 .
355 2779 364 2790 .

231 2948 258 2984 d
299 2890 381 2930 407
413 2896 522 2942 atque
551 2891 595 2928 ad
627 2891 851 2942 uoluptatem
883 2893 1001 2929 omnin
1023 2904 1093 2929 om.
1117 2893 1175 2928 ed.
1199 2891 1351 2927 Mediol.
1376 2894 1411 2925 2¹1
1434 2888 1543 2925 Nieb.
1603 2886 1718 2937 adque

185 2958 229 2985 co
260 2977 268 2985 .
