1942 3204
267 203 350 244 246
578 202 644 234 EX
668 200 899 234 INCERTIS
924 196 1250 232 INCERTORVM
1276 194 1485 229 FABVLIS

386 305 526 348 'Altae
558 290 819 348 Acheruntis
853 304 965 346 salso
999 302 1209 359 sanguine
1253 333 1586 343 .......

991 397 1069 440 XL

387 477 547 534 'Vsque
580 491 747 533 quaque
780 477 927 532 sapere
960 476 1148 531 oportet:
1179 472 1224 516 1'd
1256 474 1336 517 erit
1366 474 1501 517 telum
1533 473 1797 516 acerrimum.

981 570 1083 613 XLI

772 649 898 690 mane
929 663 1074 704 mane,
1105 662 1233 704 porro
1266 649 1315 689 ut
1348 646 1513 689 audias!

909 743 1032 786 XLII
1065 741 1162 800 (29)

301 824 359 866 80
391 822 484 872 Qua
514 822 770 877 tempestate
802 820 1013 863 Helenam
1043 819 1165 862 Paris
1196 820 1391 876 innuptis
1422 819 1562 862 iunxit
1591 819 1771 876 nuptiis,

390 898 501 955 ‘Ego
533 901 626 940 tum
659 897 839 953 grauida
870 898 1049 954 expletis
1080 897 1167 940 iam
1198 898 1286 939 fere
1319 897 1373 940 ad
1399 897 1653 953 pariendum
1683 897 1800 939 men-

1341 975 1458 1017 sibus

389 1054 471 1096 Per
514 1053 626 1096 idem
669 1055 838 1108 tempus
882 1051 1144 1108 Polydorum
1188 1051 1368 1094 Hecuba
1412 1009 1540 1107 partu
1583 1051 1799 1107 postremo

1337 1129 1462 1184 parit.

966 1188 1112 1231 XLIII

390 1267 450 1310 Et
480 1281 560 1323 ego
594 1265 667 1309 ibo
700 1266 748 1309 ut
778 1266 968 1308 latebras
999 1269 1182 1321 ruspans
1213 1265 1342 1308 1111101·
1373 1266 1622 1308 maritimas.

968 1360 1111 1403 XLIV

391 1439 651 1496 warzigia,
681 1439 800 1481 labes
833 1438 1001 1495 generis
1033 1439 1228 1494 ignoraS‚
1260 1438 1418 1480 senex?
1460 1473 1470 1480 ,

759 1528 880 1571 XLV
913 1526 1046 1584 (Eun.
1079 1527 1240 1569 Telam.
1273 1525 1320 1584 8)

950 1605 1126 1647 Telamo

303 1683 360 1726 85
389 1682 498 1739 'Ego
531 1697 628 1725 cum
659 1683 807 1739 genui,
837 1685 931 1726 tam
961 1682 1193 1725 morituros
1226 1681 1333 1725 sciui
1365 1685 1409 1725 et
1440 1684 1478 1726 ei
1510 1684 1572 1726 rei
1605 1683 1771 1726 sustuli.

362 1790 428 1822 XL
455 1789 584 1822 Cicero
610 1789 657 1822 ad
682 1789 766 1822 fam.
790 1789 858 1822 VII
883 1791 924 1823 16
949 1792 1007 1822 ‘in
1033 1791 1136 1833 Equo
1162 1790 1323 1823 Troiano
1348 1791 1422 1823 scis
1448 1801 1528 1824 esse
1552 1791 1590 1823 111
1617 1794 1804 1824 extremo:

273 1846 356 1868 sero
382 1835 531 1877 sapiunt
554 1860 584 1869 ..
600 1859 609 1869 .
630 1835 989 1878 Vsquequaque’
1016 1847 1047 1868 e.
1074 1846 1108 1878 (1.
1131 1846 1160 1868 s.
1237 1835 1322 1868 XLI
1347 1834 1537 1869 Charisius
1562 1837 1599 1870 II
1624 1847 1658 1879 p.
1676 1837 1742 1869 216
1761 1837 1802 1869 Ρ.

275 1883 442 1913 ‘mane'
469 1891 500 1912 e.
526 1890 560 1922 q.
588 1891 615 1914 s.
658 1880 897 1923 ‘cupiditatis
922 1880 1096 1914 adfectus
1121 1883 1206 1915 est.’
1285 1881 1390 1914 XLII
1415 1881 1544 1915 Cicero
1570 1881 1615 1914 de
1642 1885 1733 1914 orat.
1750 1881 1806 1915 III

273 1927 328 1967 58,
347 1927 412 1959 219
438 1925 580 1958 ‘aliud'
608 1924 727 1967 (uocis
753 1936 869 1969 genus
895 1926 966 1958 sibi
991 1924 1120 1967 sumit)
1147 1926 1358 1960 ‘molestia:
1387 1926 1466 1959 sine
1485 1927 1803 1960 commiseratione

274 1981 388 2014 graue
414 1971 594 2013 quoddam
626 1974 663 2004 et
691 1982 763 2004 uno
794 1981 923 2014 pressu
956 1982 1001 2003 ac
1025 1981 1114 2004 sono
1138 1971 1353 2004 obductum:
1387 1982 1473 2015 qua
1507 1974 1803 2014 tempestate’

275 2028 306 2049 e.
332 2027 366 2059 q.
393 2026 420 2052 s.
453 2016 557 2049 Idem
583 2020 672 2049 orat.
698 2018 760 2057 49,
786 2017 851 2049 164
876 2019 1004 2059 ‘quare
1029 2016 1198 2050 bonitate
1221 2016 1346 2059 potius
1377 2019 1582 2050 nostrorum
1611 2018 1804 2050 uerborum

274 2063 420 2094 utamur
445 2072 553 2104 quam
578 2062 772 2104 splendore
798 2061 1038 2100 Graecorum,
1069 2061 1143 2094 nisi
1173 2062 1266 2094 forte
1296 2061 1350 2094 sic
1374 2062 1476 2105 loqui
1500 2062 1683 2105 paenitetz
1719 2073 1805 2105 qua

276 2110 303 2139 t.
336 2107 558 2139 Helenam
582 2107 624 2142 P.
656 2110 693 2140 et
725 2117 818 2150 quae
850 2109 1080 2149 sequuntur.'
1128 2108 1184 2139 Ex
1213 2106 1371 2139 Pacuuii
1400 2107 1518 2140 Iliona
1548 2111 1692 2150 sumpta
1723 2118 1804 2141 esse

276 2152 466 2185 intellexit
490 2152 723 2185 Welckerus.
839 2152 964 2185 XLIII
986 2153 1124 2185 Festus
1149 2162 1183 2195 p.
1208 2153 1276 2185 265
1298 2151 1346 2187 Μ.
1380 2153 1581 2195 ‘ruspari
1612 2155 1670 2186 est
1694 2162 1806 2195 quae-

277 2208 355 2230 rere
382 2199 529 2238 crebm,
555 2201 597 2230 ut
622 2197 691 2230 hoc
715 2207 825 2230 uersu
848 2197 1052 2230 indicatur:
1079 2200 1124 2230 et
1149 2200 1249 2240 ego'
1277 2207 1309 2230 e.
1334 2207 1368 2239 q.
1394 2209 1423 2231 s.
1471 2198 1527 2231 Cf.
1551 2199 1707 2231 Pacuuii
1731 2199 1804 2232 inc.

277 2243 351 2275 fab.
376 2243 511 2276 XXXI.
618 2242 736 2275 XLIV
762 2242 955 2276 Charisius
979 2244 1010 2276 V
1036 2253 1070 2286 p.
1097 2243 1161 2276 251
1187 2243 1228 2277 Ρ.
1255 2238 1462 2276 ‘atdtvtov
1487 2246 1544 2276 est
1569 2243 1647 2276 siue
1673 2237 1804 2277 διάλυ-

277 2297 334 2326 σις
360 2288 480 2320 oratio
505 2287 607 2321 nulla
633 2288 890 2321 coniunctione
914 2288 1155 2331 interposita,
1180 2290 1240 2320 ut:
1267 2288 1334 2320 alii
1358 2288 1557 2321 naualibus
1581 2288 1655 2321 ite’
1673 2299 1704 2321 0.
1722 2298 1753 2331 q.
1773 2298 1804 2322 s.

278 2336 338 2365 ‘et
363 2333 496 2366 aliubi:
521 2333 789 2375 naufragia’
814 2344 844 2366 0.
865 2343 898 2376 q.
917 2344 944 2366 s.
971 2333 1196 2366 ‘sententiae
1214 2333 1275 2365 hic
1298 2333 1422 2376 plures
1447 2334 1526 2366 sine
1545 2334 1804 2367 coniunctione

277 2378 479 2412 finiuntur)
526 2379 583 2412 Ad
608 2379 788 2412 Teucrum
811 2378 968 2412 Pacuuii
991 2379 1128 2412 rettuli.
1220 2379 1321 2413 XLV
1347 2378 1477 2412 Cic-ero
1502 2380 1609 2413 Tusc.
1635 2379 1728 2422 disp.
1751 2379 1807 2412 111

393 2498 443 2535 79
475 2498 536 2535 An
565 2498 731 2534 audiam?
824 2498 879 2536 80
910 2509 979 2546 qua
1008 2499 1045 2534 in
1065 2498 1220 2547 Layom.
1244 2497 1268 2533 2
1293 2498 1343 2535 13
1366 2497 1419 2535 36
1451 2509 1556 2546 quam
1577 2499 1728 2547 Layom.
1752 2498 1805 2536 32

281 2567 386 2592 corr.
486 2560 700 2603 tempestate
730 2554 898 2591 Helenam
929 2554 1027 2590 Paris
1057 2555 1330 2592 Lachmannus
1367 2559 1581 2603 tempestate
1610 2555 1706 2591 Paris
1737 2555 1806 2592 He-

280 2612 396 2648 lenam
425 2611 515 2648 libri
542 2611 640 2647 Paris
682 2615 896 2659 tempestate
925 2610 1094 2648 Helenam
1125 2612 1288 2648 Bolkius
1379 2611 1554 2659 innuptiis
1584 2612 1739 2648 Abrinc.
1770 2617 1806 2649 et

277 2670 458 2716 plerique
488 2670 607 2704 ceteri
691 2668 834 2716 nuptias
863 2668 1020 2705 Abrinc.
1044 2668 1129 2706 Erl.
1150 2669 1172 2705 b
1192 2667 1348 2716 Layom.
1368 2669 1459 2715 aliq.
1482 2668 1578 2705 Gud.
1599 2681 1622 2705 a
1645 2673 1681 2705 et
1701 2679 1723 2704 c

283 2724 334 2761 81
367 2724 444 2760 fere
472 2724 564 2761 libri
591 2724 642 2760 sui
673 2724 837 2762 Bothius
866 2724 942 2761 sere
973 2736 1067 2761 eram
1089 2725 1268 2762 Halmius
1354 2723 1407 2761 82
1438 2721 1598 2774 Hecuba]
1630 2724 1717 2761 haec
1746 2724 1805 2761 ubi

283 2782 370 2818 Erl.
393 2782 414 2817 b
548 2780 600 2818 83
632 2781 740 2817 rimer
769 2782 963 2817 maritimas
995 2782 1170 2830 Scaliyer
1204 2781 1368 2817 rimeram
1405 2781 1553 2828 aptimas
1585 2782 1666 2818 cod.
1698 2781 1806 2818 rimer

283 2837 437 2884 optimas
467 2839 530 2874 uel
559 2837 683 2873 rimeni
714 2838 913 2886 aptissimas
943 2838 985 2874 L.
1009 2839 1174 2875 Mueller
1203 2839 1249 2875 de
1269 2848 1314 2874 re
1333 2849 1381 2873 m.
1403 2836 1484 2873 442
1578 2837 1632 2874 84
1662 2838 1807 2886 ignorat

280 2894 364 2929 cod.
470 2894 746 2942 Interroyandi
773 2897 919 2944 siynum
951 2896 1065 2944 uulyo
1094 2896 1199 2932 deest
1311 2892 1364 2931 85
1395 2893 1611 2931 moriturum
1641 2888 1803 2942 Seneca,
