1942 3204
234 184 290 226 90
842 187 890 218 Μ.
916 186 1153 221 PAcvvws

859 290 988 333 XVII
1020 287 1116 347 (22)

396 418 403 426 .
437 387 563 440 atque
595 400 716 428 eccos
748 385 860 427 iinde
893 385 1120 426 certiscent
1151 418 1159 427 .
1193 419 1201 426 .

867 497 1019 540 XVIII
1050 495 1128 554 (9)χ

353 626 526 634 .....
558 593 765 648 fugimus:
799 594 888 634 arte
919 593 1001 634 hac
1032 593 1253 635 uescimur.

851 766 855 769 ἱ
876 704 981 747 XIX
1015 702 1112 762 (2ο)

351 798 516 854 Perque
567 801 761 842 nostram
806 800 1134 842 unanimitatem
1184 801 1419 857 egregiam,
1468 816 1597 856 quam
1647 800 1756 859 [nec]

1119 878 1325 920 memoria

242 954 324 994 110
355 953 565 1009 Deiugat¹

894 1048 976 1090 XX
1004 1046 1100 1106 (12)

354 1141 427 1184 Set
458 1144 575 1185 cesso
608 1143 875 1186 inimicitiam
907 1141 1155 1199 integrare?

887 1256 993 1298 XXI
1027 1254 1093 1314 (1)

350 1351 406 1393 Di
455 1351 672 1393 mouerint
721 1351 897 1394 meliora
947 1352 1074 1407 atque
1125 1353 1357 1394 amentiam
1408 1351 1757 1396 auerruncassint

1157 1430 1294 1471 tuam!

326 1559 431 1593 XVII
456 1560 550 1593 Non.
574 1560 636 1595 89.
661 1559 704 1590 21
732 1559 1021 1598 ‘certissant‚
1048 1562 1150 1592 certa
1174 1558 1274 1592 fiant.
1301 1561 1343 1593 P.
1369 1559 1567 1603 Chrysae
1592 1563 1665 1594 ...'

234 1605 362 1639 XVIII
385 1604 476 1637 Non.
502 1605 586 1645 415,
612 1605 655 1637 34
681 1604 827 1636 ‘uesci
853 1604 964 1636 etiam
990 1603 1174 1646 significat
1198 1605 1329 1638 uti
1361 1605 1400 1637 P.
1427 1604 1580 1639 Crisse
1603 1609 1678 1640 ...’

234 1650 320 1683 XIX
336 1650 429 1683 Non.
450 1651 526 1691 101,
544 1651 587 1682 27
614 1649 872 1692 ‘deiugare,
899 1649 1107 1691 deiungere,
1132 1660 1317 1692 separare,
1336 1650 1534 1684 dissociare
1558 1675 1566 1684 .
1581 1676 1589 1683 .
1603 1654 1633 1685 .'
1657 1651 1758 1685 Idem

236 1696 310 1736 142,
328 1696 370 1730 31
399 1695 670 1727 ‘memoriam
695 1695 853 1737 positum
880 1705 943 1737 pro
968 1697 1188 1728 uetustate.'
1273 1695 1340 1727 XX
1364 1696 1457 1731 Non.
1476 1697 1552 1737 127,
1571 1698 1593 1729 4
1618 1697 1755 1730 ‘inte-

231 1751 382 1782 grare,
408 1739 655 1782 redintegrare
681 1742 755 1773 ...’
825 1739 913 1773 XXI
937 1739 1047 1772 Pauli
1070 1740 1203 1773 Festus
1230 1752 1264 1783 p.
1281 1743 1347 1774 373
1364 1741 1413 1773 Μ.
1440 1744 1754 1783 ‘uerruncent,

230 1788 390 1819 uertant.
423 1785 626 1818 Pacuuius:
651 1785 709 1817 di'
736 1796 767 1819 e.
795 1795 817 1827 q
843 1796 870 1818 s.
912 1784 970 1817 ‘id
995 1787 1052 1818 est
1075 1786 1328 1819 auertissent.'
1344 1785 1614 1829 (auertissint?)
1639 1787 1756 1820 Varro

232 1831 278 1863 de
304 1830 331 1862 1.
347 1831 392 1863 L.
410 1831 480 1863 VII
501 1831 564 1864 102
581 1830 631 1865 M.
657 1829 776 1873 ‘apud
800 1830 998 1863 Pacuium’
1026 1829 1095 1872 (sic
1119 1830 1249 1873 Flor.):
1277 1830 1355 1863 ‘di’
1381 1842 1414 1863 e.
1439 1841 1472 1873 q.
1499 1842 1527 1864 s.
1555 1833 1622 1864 ‘ab
1649 1842 1755 1865 auer-

229 1876 341 1909 tendo
367 1878 701 1909 auerruncare.’
735 1876 827 1908 Non.
855 1876 932 1914 507,
950 1876 993 1908 26
1019 1876 1233 1908 ‘moneris
1257 1886 1321 1918 pro
1345 1877 1540 1910 monueris.
1571 1877 1755 1910 Pacuuius

229 1922 416 1953 Armorum
434 1921 570 1954 iudicio
672 1920 766 1953 idem
785 1920 937 1963 Chryse:
966 1920 1008 1952 di
1031 1921 1255 1954 mouerint
1280 1921 1492 1954 meliora.'
1517 1921 1620 1954 Idem
1639 1923 1692 1963 74,
1710 1924 1754 1955 22

230 1967 581 2008 ‘aberruncare,
612 1969 792 1998 auertere.
840 1965 1046 1998 Lucilius
1070 1965 1146 1998 lib.
1172 1976 1279 1999 xxv1:
1320 1966 1362 1998 di
1393 1966 1636 1999 minuerint
1670 1978 1753 2000 me-

231 2012 369 2053 liora,
401 2011 639 2044 amentiam
670 2011 1053 2044 aberruncassint
1083 2012 1216 2043 tuam!
1257 2011 1442 2044 Pacuuius
1470 2011 1579 2044 Medo
1611 2009 1751 2055 [XVII]

231 2059 279 2090 M.
310 2056 487 2089 Tullius
523 2055 574 2088 de
612 2056 789 2088 finibus
825 2055 1037 2088 bonorum
1075 2058 1117 2088 et
1152 2056 1380 2089 malorum:
1419 2056 1462 2089 di
1497 2057 1755 2090 maluerunt

230 2102 420 2134 meliora
445 2104 577 2143 atque
604 2101 843 2134 amentiam
869 2101 1250 2134 aberruncassint
1273 2102 1450 2134 meam!’
1490 2101 1551 2144 (cf.
1576 2101 1672 2134 idem
1697 2104 1752 2144 70,

233 2148 274 2180 15
299 2144 393 2189 sqq.)
434 2147 577 2188 Tetigit
600 2147 667 2179 has
692 2146 819 2179 turbas
843 2145 980 2179 Paulus
1005 2146 1170 2180 Schmidt
1201 2146 1244 2180 de
1269 2147 1379 2180 Nonii
1402 2146 1572 2180 Marcelli
1595 2148 1754 2180 auctori-

229 2194 296 2226 bus
322 2192 571 2233 grammaticis
597 2203 632 2234 p.
659 2192 711 2227 11,
758 2191 967 2224 Referenda
991 2190 1163 2225 uidentur
1194 2191 1241 2224 ad
1270 2192 1365 2224 hanc
1389 2192 1553 2226 fabulam
1577 2192 1648 2227 inc.
1677 2193 1750 2227 fab.

229 2236 346 2270 XIIIb
371 2236 468 2271 XIV.
494 2237 572 2270 XV.
598 2238 670 2269 inc.
696 2237 765 2269 inc.
791 2236 865 2269 fab.
890 2236 1065 2277 LXX111;
1099 2247 1167 2270 nec
1198 2237 1322 2270 aliena
1353 2238 1399 2270 ab
1426 2237 1553 2271 eadem
1579 2237 1650 2271 inc.
1675 2238 1751 2271 fab.

230 2282 313 2315 XII.
337 2281 459 2315 ΧΙΙΙᾶ.
486 2283 584 2318 XIX.
610 2282 727 2315 XXII.
753 2281 887 2314 XXIII.

343 2425 420 2463 107
452 2430 560 2475 atquc
600 2424 727 2462 Vrbin.
759 2424 854 2471 307,
887 2424 1077 2462 Benlinus
1108 2436 1219 2473 aquae
1247 2425 1339 2462 libri
1430 2426 1623 2462 coruscent
1663 2426 1749 2463 Vos-

227 2485 307 2519 sius
342 2482 536 2519 ccrtisscnt
570 2483 661 2519 libri
795 2481 873 2519 108
904 2480 1062 2530 fugimus
1095 2482 1154 2530 qui
1192 2486 1269 2518 arie
1306 2482 1406 2518 libri.
1465 2481 1596 2518 Minus
1621 2484 1752 2529 placet

229 2539 474 2586 sugimnsquc,
505 2543 581 2575 arto
671 2537 748 2576 109
780 2538 962 2587 egregiam
983 2539 1251 2575 unanimitatem
1271 2538 1377 2576 libri:
1409 2541 1633 2586 transposui
1661 2549 1750 2575 cae-

228 2605 345 2632 surae
375 2606 516 2642 causa,
547 2596 616 2632 sed
643 2595 697 2642 cf.
724 2593 801 2631 123
896 2605 962 2630 nec
983 2606 1052 2631 om.
1073 2596 1163 2632 libri
1260 2595 1480 2631 immemoris
1512 2594 1667 2632 Vossius

228 2652 397 2688 memoria
417 2652 514 2688 nulla
535 2654 619 2689 olim
642 2653 825 2698 temptaui
911 2649 1059 2699 desugat
1087 2651 1191 2688 Leid.
1217 2663 1261 2698 p.
1296 2650 1372 2687 142
1509 2650 1586 2687 111
1630 2651 1748 2699 Vuzqo

227 2710 310 2745 sine
339 2710 608 2757 interroqandi
641 2710 750 2755 siyno
785 2709 925 2758 leyicur
1077 2707 1157 2743 112
1189 2707 1227 2743 di
1265 2708 1452 2745 Varronis
1480 2707 1588 2744 Flor.
1622 2706 1666 2743 de
1705 2707 1753 2744 W

225 2776 266 2811 p.
298 2763 378 2802 507
475 2765 668 2801 minuerint
698 2768 734 2800 el
763 2765 968 2801 maluerunt
999 2763 1145 2801 Nonius
1170 2774 1211 2810 p.
1237 2763 1288 2800 74
1319 2764 1488 2800 minei-int
1527 2763 1583 2800 W.
1604 2774 1643 2809 p.
1666 2762 1747 2801 507

314 2825 422 2868 atque
453 2833 523 2858 om.
546 2821 692 2859 Nonius
718 2832 759 2867 p.
784 2820 850 2870 74,
875 2819 929 2855 24
1014 2825 1312 2857 auerruneassent
1341 2821 1491 2857 Paulus
1519 2818 1750 2856 aberruncas-

228 2877 300 2913 sint
330 2877 478 2915 Nonius
508 2878 563 2916 bis
650 2882 745 2914 tuam
777 2889 846 2915 om.
880 2877 1004 2915 Varro
1034 2888 1146 2913 meam
1177 2877 1323 2914 Nonius
1348 2888 1390 2924 p.
1423 2875 1497 2922 74,
1529 2874 1580 2912 29
