1942 3204
473 222 539 258 Ex
563 222 790 258 mol-:lens
815 222 1137 258 INCBR'I‘ORVM
1165 221 1375 257 FABVLIS
1609 221 1690 263 261

274 327 375 371 Non
401 329 514 385 quod
541 329 687 372 domui
710 327 799 372 ufm
819 331 1043 373 taurorum
1063 331 1107 372 et
1126 328 1285 385 segetis
1313 329 1505 371 armatae
1526 344 1691 371 manus

677 411 797 457 XCV
830 411 949 470 (Pae.
980 412 1092 456 Med.
1125 409 1172 470 6)

844 489 997 534 Medea
1222 486 1225 489 ¹

1245 568 1475 625 coniugem

153 645 237 689 175
267 644 425 702 'lllun1‚
467 644 599 689 Amor
637 661 763 702 quem
802 646 995 703 dfflemb,
1039 647 1111 703 qui
1150 647 1246 703 plus
1285 647 1419 703 pollen
1460 646 1689 703 potiorque

1225 725 1291 767 esf,
1321 725 1455 779 passre.

585 801 727 845 XCVI
760 800 872 860 (Att.
904 801 1024 845 Arm.
1055 802 1140 846 iud.
1178 800 1252 858 16)

753 895 920 936 nequeo
973 915 982 923 .
1034 914 1042 923 .
1094 914 1101 923 .

266 956 361 1008 Qua
393 961 522 1000 causa
554 973 751 1001 accusem
782 958 916 1015 hunc,
947 958 1195 1015 exputando
1228 958 1440 1002 eu6luere.

267 1033 382 1078 Nam
415 1034 457 1078 ss
485 1037 675 1092 ueretur,
706 1034 811 1091 qul'd
843 1051 942 1078 eum
974 1051 1167 1092 accuses,
1199 1036 1273 1092 qui
1305 1037 1372 1079 cst
1401 1036 1594 1092 probus?

237 1141 337 1176 XCV
361 1142 491 1176 Cicero
517 1143 627 1176 Tusc.
646 1140 740 1186 disp.
758 1143 809 1176 IV
826 1144 882 1184 32,
901 1143 945 1176 69
971 1146 982 1163 ‘
995 1143 1081 1187 quid
1099 1143 1154 1176 ait
1179 1154 1222 1176 ex
1241 1143 1440 1183 tragoedia
1465 1144 1685 1188 princeps

134 1186 207 1233 'ille
232 1187 620 1232 Argonautarum?
655 1186 765 1230 [Enn.
792 1188 886 1222 Med.
912 1187 981 1233 XI]
1027 1188 1113 1232 quid
1138 1191 1251 1231 erg-0⁴?
1284 1189 1346 1229 hic
1371 1199 1473 1222 amor
1497 1189 1683 1224 Medeae

144 1236 282 1276 quanta
306 1233 535 1267 miseriarum
567 1234 745 1267 excitauit
775 1234 966 1268 incendia!
1014 1238 1124 1278 atque
1158 1245 1208 1267 ea
1239 1237 1363 1268 tamen
1396 1235 1515 1278 apud
1546 1236 1683 1268 alium

145 1282 317 1321 poetam
350 1280 470 1322 patri
501 1279 652 1313 dicere
683 1279 818 1313 audet
851 1290 896 1313 se
929 1280 1165 1323 coniugem
1197 1279 1415 1314 habuisse
1449 1278 1581 1326 [175].’
1623 1282 1680 1314 Ad

142 1324 297 1358 Pacuuii
322 1324 467 1358 Medum
494 1324 579 1359 olim
605 1328 885 1359 reuocauerunt.
979 1325 1096 1359 XCVI
1120 1325 1229 1359 Rhet.
1257 1325 1303 1358 ad
1327 1325 1491 1359 Herenn.
1511 1327 1547 1360 11
1564 1328 1620 1368 26,
1639 1329 1683 1360 42

144 1370 252 1404 ‘item
277 1370 449 1404 uitiosum
475 1375 548 1413 est,
575 1371 695 1414 ipsum
719 1371 791 1404 sibi
816 1371 854 1404 in
871 1381 938 1404 sua
957 1372 1124 1404 oratione
1142 1371 1339 1404 dissentire
1366 1375 1406 1405 et
1422 1375 1552 1405 contra
1570 1377 1682 1415 atquc

143 1417 232 1450 ante
258 1415 394 1453 dixerit
417 1416 559 1462 dicere,
585 1416 654 1449 hoe
680 1415 786 1450 modo
805 1415 969 1460 [XCVIJ.
1002 1416 1083 1450 Non
1108 1416 1339 1450 incommoda
1365 1417 1510 1451 ratione
1537 1417 1684 1451 uidetur

142 1460 214 1494 sibi
238 1461 458 1499 ostendisse.
485 1471 600 1504 qnare
618 1471 690 1495 non
710 1465 915 1497 accusaret.
952 1461 1073 1505 Quid?
1099 1466 1261 1505 postea
1287 1462 1374 1505 quid
1391 1462 1472 1495 ait?
1494 1461 1681 1506 [XCVIIJ’

142 1506 275 1539 Cicero
301 1506 346 1540 de
364 1507 439 1543 iun,
455 1508 471 1541 1
489 1507 552 1548 45,
570 1508 614 1540 83
640 1511 650 1527 ‘
663 1511 725 1540 ant
750 1508 993 1540 conum-sione
1018 1510 1084 1540 aut
1101 1507 1256 1540 alterius
1274 1508 1392 1550 partis
1409 1507 1656 1542 infirmatione
1668 1512 1679 1530 ’

142 1550 441 1598 (reprehenditur
466 1553 565 1586 falsa
590 1552 811 1596 complexio)
837 1553 930 1586 ‘hoc
951 1553 1074 1586 modo:
1103 1551 1328 1597 [178—180]
1359 1553 1431 1586 Hic
1456 1553 1536 1587 siue
1561 1555 1682 1587 uereri

141 1597 278 1630 dixeris
308 1598 387 1631 siue
421 1608 492 1631 non
524 1599 663 1640 uereri,
697 1597 969 1631 eoncedendum
998 1598 1068 1631 hoc
1094 1602 1218 1641 putat,
1251 1602 1291 1631 ut
1315 1609 1427 1642 neges
1458 1609 1539 1632 esse
1571 1610 1681 1633 accu-

141 1642 306 1676 sandum.
354 1643 459 1685 Quod
488 1643 730 1678 conuersione
761 1644 815 1677 sic
846 1644 1154 1687 reprehendetur:
1186 1644 1295 1677 immo
1327 1655 1416 1678 uero
1447 1646 1679 1679 accusandus

142 1693 210 1721 est.
242 1699 327 1722 nam
353 1689 620 1730 sineretur,
644 1699 819 1723 accuses:
845 1700 916 1722 non
934 1690 1030 1723 enim
1054 1690 1187 1733 parui
1212 1689 1371 1723 auditu
1397 1691 1678 1726 aestimabit.

117 1742 125 1748 ·
141 1733 214 1767 sin
236 1733 585 1768 inuerecundum
604 1734 741 1768 animi
764 1734 994 1779 ingenium
1012 1734 1237 1780 possidet,
1264 1735 1387 1769 tamen
1405 1746 1576 1770 accuses:
1601 1747 1674 1770 non

141 1865 304 1891 memoro
325 1856 408 1893 cod.
435 1866 478 1903 p.
503 1854 584 1893 253
673 1854 839 1893 draconis
870 1856 968 1892 saeui
998 1855 1119 1904 sopiui
1138 1856 1311 1904 impetum
1332 1855 1560 1902 Fabricius,
1584 1858 1676 1894 Pul-

138 1912 269 1948 scmus
297 1910 464 1949 ‹lraconis
494 1912 592 1949 saeui
623 1913 759 1961 sopiuit
788 1913 963 1961 impetum
994 1914 1077 1950 cod.
1105 1924 1146 1960 p.
1178 1912 1279 1950 253.
1298 1911 1430 1949 latroni
1469 1915 1579 1950 statui
1611 1925 1675 1963 op-

139 1968 254 2016 pressi
283 1969 365 2006 cod.
391 1980 430 2016 p.
455 1968 559 2016 252,
592 1970 692 2006 mede
721 1969 880 2007 diuersa
908 1970 1007 2008 haec
1035 1970 1180 2007 abillis
1204 1974 1350 2017 pudens
1370 1969 1536 2007 draconis
1570 1971 1676 2008 taetri

139 2025 304 2073 oppressi
335 2025 508 2074 impetum
531 2026 817 2064 Lindemannus
906 2026 985 2064 173
1017 2038 1090 2063 non
1122 2025 1219 2075 quod
1241 2025 1364 2063 domui
1386 2027 1457 2063 uim
1490 2033 1677 2064 taurorum

139 2081 426 2119 Lindemannus
456 2083 509 2120 ad
533 2094 574 2130 p.
597 2082 679 2121 252
711 2089 748 2120 et
777 2083 907 2121 domus
937 2084 1004 2120 ista
1026 2083 1186 2120 uirorum
1207 2084 1290 2120 cod.
1309 2095 1347 2131 p.
1371 2082 1452 2121 252
1483 2095 1557 2121 nou
1579 2084 1677 2133 quod

140 2137 301 2176 domauit
330 2139 431 2176 uiros
461 2141 544 2176 cod.
565 2151 605 2187 p.
627 2139 730 2187 253,
761 2141 863 2178 unde
892 2141 956 2178 hic
987 2141 1147 2177 uirorum
1170 2140 1456 2178 Lindemannus
1485 2152 1557 2178 uon
1591 2153 1676 2178 uros

139 2194 239 2243 quod
267 2194 410 2232 domani
440 2196 664 2234 Scm'uerius
786 2203 917 2234 armata
946 2198 1026 2235 cod.
1051 2208 1092 2244 p.
1124 2196 1205 2235 252
1339 2197 1419 2235 175
1452 2197 1540 2235 haec
1570 2210 1674 2235 corr.

138 2263 186 2288 m.
218 2253 350 2288 eadem
379 2254 419 2289 in
449 2257 508 2290 est
537 2253 633 2291 Gud.
752 2254 831 2291 176
852 2265 910 2303 sq.
942 2254 1084 2302 nequeo
1128 2282 1138 2292 .
1163 2282 1172 2292 .
1201 2283 1210 2292 .
1249 2250 1324 2302 (uel
1354 2265 1427 2291 non
1459 2254 1569 2303 queo)
1601 2254 1675 2299 Qua

137 2318 243 2344 eausa
273 2319 437 2347 accusem
469 2309 564 2347 hunc
583 2312 727 2358 scripsi
754 2321 824 2359 qua
855 2321 961 2347 causa
989 2321 1155 2347 accusem
1185 2311 1282 2347 hunc
1309 2321 1451 2359 nequeo
1481 2322 1619 2348 mecum
1641 2311 1674 2348 id

139 2365 275 2401 Bamb.
298 2365 320 2402 b
350 2366 389 2402 in
419 2377 492 2414 my.
525 2376 594 2414 qua
624 2377 731 2403 causa
771 2377 934 2404 accusem
974 2364 1079 2404 caus}
1118 2367 1215 2404 hunc
1244 2366 1288 2404 εὖ
1321 2367 1358 2410 id
1390 2367 1570 2405 Wuerzb.
1604 2379 1674 2416 qua

139 2432 245 2458 causa
276 2431 440 2459 accusem
471 2422 569 2460 huuc
607 2428 682 2460 tum
719 2422 755 2460 id
787 2426 910 2461 ceteri
936 2425 1046 2470 libri,
1084 2426 1162 2461 nisi
1189 2425 1292 2473 quod
1319 2435 1403 2461 caus
1438 2425 1530 2461 Tur.
1563 2435 1675 2473 quare

138 2488 303 2515 accusem
334 2478 451 2526 hunc,
482 2483 624 2528 nequeo
655 2479 864 2518 Lambinus
969 2479 1174 2529 exputando
1204 2480 1300 2518 Par.
1323 2492 1369 2518 m.
1398 2492 1462 2528 pr.
1494 2471 1673 2519 Wuerzle.

136 2534 350 2583 exponendo
373 2534 431 2572 uel
451 2535 658 2585 exputando
679 2537 791 2574 Fris:
806 2549 854 2574 m.
877 2548 957 2575 rec.
979 2536 1197 2586 disputando
1231 2537 1288 2574 uel
1308 2537 1515 2586 exputando
1541 2538 1670 2575 Tross.

137 2590 356 2640 disputando
386 2592 483 2630 Par.
521 2603 624 2631 corr.
656 2594 790 2631 Bamb.
821 2595 843 2631 b
880 2595 919 2631 in
959 2606 1030 2643 my.
1070 2594 1285 2643 exponendo
1317 2594 1406 2642 Erf.
1445 2594 1672 2643 disponendo

136 2649 270 2696 Bamb.
293 2660 317 2685 a
338 2649 441 2686 Fris.
504 2689 506 2691 ‚
530 2648 680 2687 uoluere
710 2650 759 2687 W
759 2651 889 2688 uerzb.
976 2651 1090 2688 Haec
1120 2655 1268 2688 lanlwn
1289 2662 1358 2700 qua
1380 2662 1485 2687 causa
1507 2662 1671 2687 accusem

138 2704 231 2741 hunc
264 2710 404 2752 poetae
442 2706 617 2744 tribuens
653 2707 788 2744 deinde
827 2713 902 2744 tum
938 2707 974 2745 id
1005 2707 1209 2756 exputando
1248 2707 1422 2744 euoluere
1459 2720 1482 2743 α
1515 2708 1672 2744 rhetore

134 2763 363 2808 interposita
394 2772 478 2799 esse
509 2765 644 2800 statuit
663 2764 882 2812 Kayser-us.
923 2775 992 2813 qua
1023 2775 1128 2801 causa
1159 2775 1345 2810 accusem,
1378 2775 1433 2800 me
1464 2764 1671 2812 exputando

135 2817 332 2855 euoluere?
363 2830 434 2857 om.
466 2830 608 2868 nequeo
632 2819 938 2868 Sauppiusjml.
970 2821 1105 2859 scholl.
1130 2821 1291 2869 Gottiny.
1319 2819 1473 2871 1867s8
1491 2832 1533 2867 p.
1562 2820 1611 2857 13

140 2873 218 2911 178
249 2884 329 2911 cum
359 2876 451 2913 libri
475 2877 652 2926 plerique
682 2878 776 2914 enim
806 2878 903 2915 Par.
935 2889 982 2915 m.
1010 2890 1074 2926 pr.
1108 2878 1286 2914 Wuerzb.
1318 2878 1443 2915 altero
1472 2879 1557 2915 loco
1588 2889 1669 2914 cum

139 2931 232 2968 Tur.
261 2932 346 2969 loco
371 2934 507 2980 priore
593 2937 741 2971 accuses
770 2934 860 2982 Ers.
893 2935 1069 2972 Wuerzb.
1094 2934 1227 2974 Bamb.
1250 2946 1273 2971 a
1294 2945 1399 2973 corr.
1419 2936 1502 2973 loco
1521 2938 1666 2984 priore,
