1942 3204
841 213 883 247 L.
909 212 1088 248 AT'rxvs
1652 211 1731 254 185

832 318 981 361 XVIII
1017 316 1085 376 (6)

315 431 323 439 .
375 430 383 439 .
434 396 494 439 sie
526 397 693 440 attritus
725 399 865 440 taetra
897 398 1016 440 ueste
1048 399 1092 439 et
1123 396 1387 440 uastittidine

196 474 284 519 375
314 474 593 518 Deformatus

844 558 950 602 XIX
983 557 1080 616 (21)

884 637 956 679 ille
988 637 1138 693 6rbus,
1169 651 1323 693 exspes
1354 634 1541 679 liberum

856 713 939 758 XX
973 713 1070 772 (12)

316 792 533 850 Opinione
565 794 727 836 finctum
761 795 842 849 est,
874 794 1038 849 quanto
1071 791 1219 835 mitius

318 871 504 928 Stirpem
537 868 799 929 educabant)
831 872 955 914 tituto
987 873 1036 913 ut
1066 874 1258 913 rerenuir
1289 871 1427 927 magis

318 949 500 993 Seueros
533 964 624 992 esse

846 1008 952 1052 XXI
985 1007 1082 1067 (18)

196 1087 284 1131 380
321 1087 458 1138 Quem
501 1086 733 1131 admodum
783 1088 992 1144 impetum
1037 1088 1296 1144 6ceupemus
1344 1087 1486 1130 faeere
1530 1088 1644 1130 ultro
1690 1086 1735 1129 in

1268 1179 1416 1223 regem
1448 1199 1457 1208 .
1490 1198 1499 1208 .
1532 1199 1541 1208 .

833 1225 963 1269 XXII
996 1223 1095 1284 (14)

315 1302 518 1361 Repn'me
549 1319 781 1360 parumper
811 1302 903 1347 ul'm
935 1304 1115 1347 citatum
1147 1303 1484 1361 quadrupedum.

831 1381 983 1425 XXIII
1003 1379 1101 1439 (17)

317 1460 400 1504 Sed
431 1462 590 1504 memet
620 1461 783 1503 caluor:
816 1461 894 1503 uos
926 1460 1075 1517 istum,
1107 1462 1155 1503 ut
1186 1460 1309 1516 iussi,
1341 1460 1460 1504 (Seius

319 1538 586 1582 Abstrzihite.
883 1533 886 1536 ¹

245 1684 251 1690 .
290 1657 414 1692 XVIII
439 1658 533 1692 Non.
561 1658 639 1698 184,
665 1659 708 1691 30
735 1657 933 1690 ‘uastities
957 1659 995 1690 et
1019 1657 1259 1691 uastitudo
1286 1665 1323 1691 et
1348 1658 1523 1696 uastitas,
1550 1657 1678 1691 horror
1702 1661 1738 1690 et

198 1703 362 1738 desertio
387 1706 425 1736 et
450 1703 662 1746 contagium
686 1727 694 1736 .
710 1705 762 1736 ..²
789 1703 1052 1743 (Eurisaees
1076 1702 1195 1746 Leid.)
1276 1702 1364 1738 XIX
1388 1703 1482 1737 Non.
1509 1705 1564 1745 12,
1591 1706 1610 1737 7
1636 1706 1710 1737 ‘ex
1726 1721 1735 1726 -

199 1760 277 1794 pes
302 1748 437 1782 dieitur
461 1749 541 1782 sine
567 1751 662 1792 spe)
689 1748 872 1791 (exspes
898 1748 1002 1782 Leid.
1029 1748 1171 1790 Bamb.)
1243 1748 1311 1782 XX
1335 1749 1428 1783 Non.
1446 1750 1525 1791 356,
1553 1750 1595 1783 18
1621 1749 1738 1792 ‘opi-

166 1823 172 1829 .
199 1796 293 1836 nio,
319 1794 476 1838 suspitio
500 1796 575 1828 ...’
685 1793 772 1828 XXI
797 1794 892 1828 Non.
917 1796 1001 1835 355,
1030 1795 1072 1828 10
1104 1798 1353 1838 ‘occupare
1378 1798 1435 1829 est
1458 1795 1605 1838 proprie
1632 1804 1734 1838 prae-

199 1841 327 1875 uenire
349 1865 358 1874 .
379 1865 387 1873 .
407 1864 415 1873 .
435 1842 466 1874 .’
583 1839 690 1872 XXII
713 1839 806 1873 Non.
831 1840 918 1880 495,
943 1841 987 1873 20
1019 1841 1340 1873 ‘accusatiuus
1369 1841 1512 1874 numeri
1536 1839 1736 1883 singularis

200 1887 344 1930 positus
370 1895 435 1930 pro
460 1885 637 1929 genetiuo
663 1884 799 1928 plurali
822 1910 829 1918 .
845 1909 874 1919 ..
890 1887 920 1919 .’
1007 1885 1131 1918 XXIII
1155 1886 1248 1919 Non.
1275 1887 1313 1928 6,
1341 1887 1384 1919 32
1410 1885 1636 1919 ‘caluitur
1661 1885 1738 1917 dic-

199 1936 276 1966 tum
302 1934 359 1966 est
385 1931 583 1965 frustratur
675 1933 705 1964 .’
728 1930 1012 1974 (Eurysacae
1038 1930 1182 1974 Bamb.)
1204 1962 1206 1964 .
1268 1930 1370 1965 Adde
1395 1931 1467 1967 inc.
1493 1931 1564 1965 ine.
1593 1931 1668 1964 fab.
1696 1931 1737 1963 L.

200 2063 376 2102 nusquam
399 2052 563 2090 Rotkius
583 2050 717 2088 abbitat
739 2052 870 2100 quouis
901 2052 1077 2100 gentium.
1099 2072 1152 2077 ——-
1178 2050 1289 2096 Quam
1312 2051 1509 2101 Berylcius
1528 2054 1554 2089 l.
1576 2053 1602 2089 l.
1620 2063 1662 2099 p.
1685 2051 1738 2090 85

258 2109 435 2159 propitius
459 2109 560 2146 Leid.
582 2109 775 2158 propitius,
798 2119 902 2145 corr.
927 2109 1091 2158 propius,
1112 2109 1171 2157 W,
1194 2119 1260 2146 ms.
1278 2110 1420 2146 Victor.
1443 2110 1594 2158 propIus
1615 2111 1739 2146 ceteri

199 2168 291 2206 libri
299 2195 307 2213 ‚
341 2166 506 2204 Rothius
609 2165 690 2202 ilico
723 2176 876 2214 unquam
899 2164 1034 2203 adbitat
1055 2166 1243 2215 quisquam
1272 2165 1447 2215 propius?
1469 2165 1737 2203 Bueclaeelerus

298 2222 400 2261 ’374
431 2221 495 2260 sed
527 2228 566 2259 ut
597 2227 696 2259 ratus
725 2223 816 2259 libri
843 2222 906 2259 sed
939 2227 1075 2259 atratus
1107 2223 1312 2260 Mer-cerus
1420 2223 1502 2261 375
1534 2228 1588 2259 tra
1619 2222 1740 2259 desor-

203 2280 332 2317 matuis
362 2280 450 2317 libri
477 2284 548 2316 tam
578 2278 802 2316 deformatus
823 2278 1029 2317 Mercerus
1116 2279 1273 2318 Senarii
1302 2282 1387 2318 olim
1417 2280 1555 2317 atratus
1588 2286 1613 2316 t.
1637 2290 1670 2316 u.
1703 2284 1739 2315 et

210 2348 244 2373 u.
268 2336 353 2374 Tam
384 2335 605 2373 deformatus
633 2336 863 2383 placebant,
895 2337 964 2373 sed
994 2342 1046 2374 tra
1068 2347 1175 2374 mera
1207 2341 1320 2374 taetra
1351 2339 1459 2374 uocis
1478 2337 1738 2386 dittoyraphia

203 2399 272 2432 est.
304 2393 367 2430 sed
397 2397 472 2430 atra
506 2398 607 2430 ueste
638 2397 674 2429 et
706 2392 925 2430 uastitudine
956 2393 1061 2430 Tetra
1094 2392 1271 2430 sorumtus
1294 2394 1470 2443 Scaliyer
1500 2393 1562 2430 sed
1595 2393 1636 2430 ut
1666 2398 1735 2429 era!

204 2455 317 2487 taetra
337 2449 562 2487 deformatus
584 2454 687 2487 ueste
708 2454 746 2486 et
766 2449 988 2487 uastitudIne
1008 2450 1277 2488 Buechelerus
1299 2452 1352 2488 ad
1370 2451 1526 2488 Petron.
1545 2462 1584 2498 p.
1610 2450 1738 2496 188,5›

317 2506 398 2545 377
437 2511 571 2555 quanto
610 2506 733 2543 mitius
765 2507 1031 2545 Buce-helerus
1069 2512 1204 2556 quanto
1243 2508 1359 2544 minus
1398 2508 1489 2545 libri
1526 2513 1564 2543 ut
1603 2512 1738 2555 quanto

203 2564 321 2601 minus
353 2563 509 2601 Vossius
540 2568 579 2600 ut
609 2568 744 2612 quanto
781 2564 897 2612 magis
930 2564 1092 2602 Botkius
1236 2564 1317 2602 378
1356 2570 1458 2602 tanto
1500 2569 1539 2599 ut
1577 2573 1739 2599 rerennn·

203 2619 345 2659 Iunius
373 2623 411 2657 in
433 2629 509 2668 my.
544 2625 644 2657 tauto
677 2624 716 2656 ut
746 2631 889 2657 eremur
917 2622 1007 2659 libri
1036 2626 1135 2658 tanto
1167 2631 1329 2659 reremur
1361 2622 1517 2659 Vossius
1547 2625 1647 2656 tanto
1679 2630 1740 2655 ue·

202 2688 324 2714 remur
356 2677 516 2715 Bothius
611 2676 691 2715 379
723 2687 874 2714 seueros
894 2676 971 2726 (uel
992 2688 1056 2715 eos
1077 2677 1124 2725 s.)
1145 2689 1226 2715 esse
1257 2681 1400 2726 scripsi
1429 2688 1492 2713 eos
1524 2687 1604 2712 esse
1635 2676 1736 2722 libri,

203 2734 303 2772 delet
324 2734 479 2772 Grotius
503 2733 601 2772 Bitu.
622 2736 708 2771 crit.
730 2744 818 2771 nou.
839 2734 862 2772 1
874 2735 906 2771 V
932 2746 995 2771 sos
1022 2745 1103 2772 esse
1126 2735 1287 2772 Bothius
1307 2746 1371 2771 eos
1392 2744 1471 2770 esse
1503 2732 1614 2768 duros
1637 2734 1736 2768 com'.

208 2790 475 2830 Buecheler-us
581 2790 665 2830 380
695 2790 994 2843 quemadmodum
1027 2802 1244 2840 occupemus
1276 2792 1392 2827 facere
1424 2789 1520 2826 ultro
1551 2790 1587 2825 in
1617 2799 1739 2837 regem

205 2847 379 2896 impetum
401 2848 564 2886 Botkius
670 2846 749 2885 381
781 2848 937 2897 reprime
969 2859 1051 2897 para
1082 2849 1269 2898 imperium
1302 2848 1454 2883 cicatum
1491 2846 1622 2883 Bamb.

207 2925 288 2962 382
319 2931 360 2963 ut
390 2926 549 2971 Aldina,
581 2939 650 2965 om.
681 2927 776 2965 libri
862 2928 958 2964 otius
988 2900 1158 2966 abstra'he
1192 2927 1326 2963 Bamb.
