<?xml version="1.0" encoding="UTF-8"?>
<!DOCTYPE html PUBLIC "-//W3C//DTD XHTML 1.0 Transitional//EN"
    "http://www.w3.org/TR/xhtml1/DTD/xhtml1-transitional.dtd">
<html xmlns="http://www.w3.org/1999/xhtml" xml:lang="en" lang="en">
 <head>
  <title>
</title>
<meta http-equiv="Content-Type" content="text/html;charset=utf-8" />
  <meta name='ocr-system' content='tesseract 3.04.00' />
  <meta name='ocr-capabilities' content='ocr_page ocr_carea ocr_par ocr_line ocrx_word'/>
</head>
<body>
  <div class='ocr_page' id='page_1' title='image "./romanorumpoes01ribbuoft_0224.png"; bbox 0 0 1942 3204; ppageno 0'>
   <div class='ocr_carea' id='block_1_1' title="bbox 278 211 1155 252">
    <p class='ocr_par' dir='ltr' id='par_1_1' title="bbox 278 211 1155 252">
     <span class='ocr_line' id='line_1_1' title="bbox 278 211 1155 252; baseline -0.002 0"><span class='ocrx_word' id='word_1_1' title='bbox 278 211 359 252; x_wconf 88' lang='grc'>140</span> <span class='ocrx_word' id='word_1_2' title='bbox 911 216 954 248; x_wconf 87' lang='lat' dir='ltr'>L.</span> <span class='ocrx_word' id='word_1_3' title='bbox 979 215 1155 250; x_wconf 78' lang='lat' dir='ltr'>-A&#39;r‘r1vs</span> 
     </span>
    </p>
   </div>
   <div class='ocr_carea' id='block_1_2' title="bbox 305 318 1797 769">
    <p class='ocr_par' dir='ltr' id='par_1_2' title="bbox 305 318 1797 769">
     <span class='ocr_line' id='line_1_2' title="bbox 972 318 1115 377; baseline 0 -15"><span class='ocrx_word' id='word_1_4' title='bbox 972 319 1016 362; x_wconf 94' lang='lat' dir='ltr'>II</span> <span class='ocrx_word' id='word_1_5' title='bbox 1049 318 1115 377; x_wconf 88' lang='grc'>(4)</span> 
     </span>
     <span class='ocr_line' id='line_1_3' title="bbox 305 367 1616 468; baseline 0.004 -30"><span class='ocrx_word' id='word_1_6' title='bbox 305 367 363 468; x_wconf 47' lang='grc' dir='ltr'>ἐξ</span> <span class='ocrx_word' id='word_1_7' title='bbox 394 395 552 439; x_wconf 77' lang='lat' dir='ltr'>Omnes</span> <span class='ocrx_word' id='word_1_8' title='bbox 587 395 662 455; x_wconf 83' lang='lat' dir='ltr'>[se]</span> <span class='ocrx_word' id='word_1_9' title='bbox 697 398 887 454; x_wconf 69' lang='lat' dir='ltr'>gaudent</span> <span class='ocrx_word' id='word_1_10' title='bbox 917 398 1057 440; x_wconf 55' lang='lat' dir='ltr'>facere</span> <span class='ocrx_word' id='word_1_11' title='bbox 1088 400 1220 455; x_wconf 65' lang='lat' dir='ltr'>reciae,</span> <span class='ocrx_word' id='word_1_12' title='bbox 1251 400 1360 442; x_wconf 59' lang='lat' dir='ltr'>maile</span> <span class='ocrx_word' id='word_1_13' title='bbox 1391 401 1575 456; x_wconf 71' lang='lat' dir='ltr'>pigrenb.</span> <span class='ocrx_word' id='word_1_14' title='bbox 1609 401 1616 405; x_wconf 84' lang='grc'><em>”</em></span> 
     </span>
     <span class='ocr_line' id='line_1_4' title="bbox 956 474 1122 533; baseline 0.006 -16"><span class='ocrx_word' id='word_1_15' title='bbox 956 475 1022 518; x_wconf 88' lang='lat' dir='ltr'>III</span> <span class='ocrx_word' id='word_1_16' title='bbox 1055 474 1122 533; x_wconf 88' lang='lat'>(5)</span> 
     </span>
     <span class='ocr_line' id='line_1_5' title="bbox 391 550 1797 610; baseline 0.004 -17"><span class='ocrx_word' id='word_1_17' title='bbox 391 550 531 593; x_wconf 75' lang='lat' dir='ltr'>Delim</span> <span class='ocrx_word' id='word_1_18' title='bbox 562 554 767 608; x_wconf 73' lang='lat' dir='ltr'>regnator</span> <span class='ocrx_word' id='word_1_19' title='bbox 797 554 923 595; x_wconf 74' lang='lat' dir='ltr'>n60te</span> <span class='ocrx_word' id='word_1_20' title='bbox 957 567 1082 595; x_wconf 82' lang='lat' dir='ltr'>caeca</span> <span class='ocrx_word' id='word_1_21' title='bbox 1102 554 1266 596; x_wconf 77' lang='lat' dir='ltr'>caelum</span> <span class='ocrx_word' id='word_1_22' title='bbox 1298 569 1319 596; x_wconf 88' lang='lat' dir='ltr'>e</span> <span class='ocrx_word' id='word_1_23' title='bbox 1346 557 1577 610; x_wconf 64' lang='lat' dir='ltr'>conspeessu</span> <span class='ocrx_word' id='word_1_24' title='bbox 1605 556 1797 598; x_wconf 60' lang='lat' dir='ltr'><em>abstulit.</em></span> 
     </span>
     <span class='ocr_line' id='line_1_6' title="bbox 941 620 1496 693; baseline 0.005 -16"><span class='ocrx_word' id='word_1_25' title='bbox 941 635 1006 678; x_wconf 87' lang='lat' dir='ltr'>IV</span> <span class='ocrx_word' id='word_1_26' title='bbox 1039 634 1135 693; x_wconf 87' lang='lat'>(10)</span> <span class='ocrx_word' id='word_1_27' title='bbox 1485 620 1496 626; x_wconf 76' lang='lat'>&#39;</span> 
     </span>
     <span class='ocr_line' id='line_1_7' title="bbox 392 711 1696 769; baseline 0.004 -16"><span class='ocrx_word' id='word_1_28' title='bbox 392 711 532 754; x_wconf 75' lang='lat' dir='ltr'><em>Fhicti</em></span> <span class='ocrx_word' id='word_1_29' title='bbox 563 713 903 755; x_wconf 80' lang='lat' dir='ltr'>inmiserio6rdes</span> <span class='ocrx_word' id='word_1_30' title='bbox 934 714 1089 769; x_wconf 79' lang='lat' dir='ltr'>iacere,</span> <span class='ocrx_word' id='word_1_31' title='bbox 1120 715 1260 756; x_wconf 66' lang='lat' dir='ltr'>{zaetra</span> <span class='ocrx_word' id='word_1_32' title='bbox 1291 715 1344 756; x_wconf 81' lang='lat' dir='ltr'>ad</span> <span class='ocrx_word' id='word_1_33' title='bbox 1377 730 1478 757; x_wconf 81' lang='lat' dir='ltr'>saxa</span> <span class='ocrx_word' id='word_1_34' title='bbox 1510 715 1696 758; x_wconf 75' lang='lat' dir='ltr'>adlidere</span> 
     </span>
    </p>
   </div>
   <div class='ocr_carea' id='block_1_3' title="bbox 303 790 1796 1144">
    <p class='ocr_par' dir='ltr' id='par_1_3' title="bbox 303 790 1796 1144">
     <span class='ocr_line' id='line_1_8' title="bbox 965 791 1085 833; baseline 0 0"><span class='ocrx_word' id='word_1_35' title='bbox 965 791 1006 833; x_wconf 91' lang='lat' dir='ltr'><strong>V</strong></span> <span class='ocrx_word' id='word_1_36' title='bbox 1059 792 1085 833; x_wconf 84' lang='lat'>6</span> 
     </span>
     <span class='ocr_line' id='line_1_9' title="bbox 303 790 1732 937; baseline 0.004 -30"><span class='ocrx_word' id='word_1_37' title='bbox 303 836 361 937; x_wconf 50' lang='grc' dir='ltr'>ἐξ</span> <span class='ocrx_word' id='word_1_38' title='bbox 392 866 569 908; x_wconf 68' lang='lat' dir='ltr'>Pectore</span> <span class='ocrx_word' id='word_1_39' title='bbox 601 867 852 908; x_wconf 57' lang='lat' dir='ltr'>incohatum</span> <span class='ocrx_word' id='word_1_40' title='bbox 882 793 1056 910; x_wconf 72' lang='lat' dir='ltr'>fulmen&lt;</span> <span class='ocrx_word' id='word_1_41' title='bbox 1079 790 1295 911; x_wconf 52' lang='lat' dir='ltr'>gammam</span> <span class='ocrx_word' id='word_1_42' title='bbox 1328 870 1574 912; x_wconf 61' lang='lat' dir='ltr'>osizenfiabziss</span> <span class='ocrx_word' id='word_1_43' title='bbox 1603 870 1732 913; x_wconf 81' lang='lat' dir='ltr'><em>Iouis.</em></span> 
     </span>
     <span class='ocr_line' id='line_1_10' title="bbox 954 944 1117 1002; baseline -0.006 -14"><span class='ocrx_word' id='word_1_44' title='bbox 954 945 1018 988; x_wconf 86' lang='lat' dir='ltr'>VI</span> <span class='ocrx_word' id='word_1_45' title='bbox 1050 944 1117 1002; x_wconf 81' lang='lat'>(9)</span> 
     </span>
     <span class='ocr_line' id='line_1_11' title="bbox 395 1019 1796 1079; baseline 0.004 -18"><span class='ocrx_word' id='word_1_46' title='bbox 395 1019 480 1062; x_wconf 54' lang='lat' dir='ltr'>Car</span> <span class='ocrx_word' id='word_1_47' title='bbox 517 1035 584 1061; x_wconf 88' lang='lat' dir='ltr'>me</span> <span class='ocrx_word' id='word_1_48' title='bbox 615 1021 821 1063; x_wconf 81' lang='lat' dir='ltr'>miseram</span> <span class='ocrx_word' id='word_1_49' title='bbox 858 1021 1034 1078; x_wconf 65' lang='lat' dir='ltr'>inrffleiz,</span> <span class='ocrx_word' id='word_1_50' title='bbox 1077 1024 1246 1078; x_wconf 80' lang='lat' dir='ltr'><em>magnis</em></span> <span class='ocrx_word' id='word_1_51' title='bbox 1285 1026 1526 1079; x_wconf 74' lang='lat' dir='ltr'>compo’nem</span> <span class='ocrx_word' id='word_1_52' title='bbox 1564 1026 1607 1067; x_wconf 70' lang='lat' dir='ltr'>et</span> <span class='ocrx_word' id='word_1_53' title='bbox 1648 1024 1796 1068; x_wconf 71' lang='lat' dir='ltr'><em>multis</em></span> 
     </span>
     <span class='ocr_line' id='line_1_12' title="bbox 1336 1102 1490 1144; baseline 0 -1"><span class='ocrx_word' id='word_1_54' title='bbox 1336 1102 1490 1144; x_wconf 73' lang='lat' dir='ltr'><em>malis?</em></span> 
     </span>
    </p>
   </div>
   <div class='ocr_carea' id='block_1_4' title="bbox 941 1159 1127 1217">
    <p class='ocr_par' dir='ltr' id='par_1_4' title="bbox 941 1159 1127 1217">
     <span class='ocr_line' id='line_1_13' title="bbox 941 1159 1127 1217; baseline 0.005 -15"><span class='ocrx_word' id='word_1_55' title='bbox 941 1159 1027 1202; x_wconf 87' lang='lat' dir='ltr'>VII</span> <span class='ocrx_word' id='word_1_56' title='bbox 1060 1159 1127 1217; x_wconf 87' lang='lat'>(7)</span> 
     </span>
    </p>
   </div>
   <div class='ocr_carea' id='block_1_5' title="bbox 392 1234 1795 1292">
    <p class='ocr_par' dir='ltr' id='par_1_5' title="bbox 392 1234 1795 1292">
     <span class='ocr_line' id='line_1_14' title="bbox 392 1234 1795 1292; baseline 0.004 -16"><span class='ocrx_word' id='word_1_57' title='bbox 392 1234 565 1277; x_wconf 76' lang='lat' dir='ltr'><em>Scibam</em></span> <span class='ocrx_word' id='word_1_58' title='bbox 595 1235 708 1277; x_wconf 84' lang='lat' dir='ltr'>hanc</span> <span class='ocrx_word' id='word_1_59' title='bbox 740 1236 844 1277; x_wconf 83' lang='lat' dir='ltr'><em>mihi</em></span> <span class='ocrx_word' id='word_1_60' title='bbox 872 1238 1115 1292; x_wconf 79' lang='lat' dir='ltr'>supremam</span> <span class='ocrx_word' id='word_1_61' title='bbox 1145 1238 1283 1280; x_wconf 87' lang='lat' dir='ltr'>lucem</span> <span class='ocrx_word' id='word_1_62' title='bbox 1310 1240 1353 1280; x_wconf 73' lang='lat' dir='ltr'>et</span> <span class='ocrx_word' id='word_1_63' title='bbox 1378 1239 1525 1281; x_wconf 72' lang='lat' dir='ltr'><em>seruiti</em></span> <span class='ocrx_word' id='word_1_64' title='bbox 1544 1239 1673 1282; x_wconf 80' lang='lat' dir='ltr'>finem</span> <span class='ocrx_word' id='word_1_65' title='bbox 1693 1240 1795 1282; x_wconf 82' lang='lat' dir='ltr'><em>dari.</em></span> 
     </span>
    </p>
   </div>
   <div class='ocr_carea' id='block_1_6' title="bbox 267 1365 1795 1819">
    <p class='ocr_par' dir='ltr' id='par_1_6' title="bbox 267 1365 1795 1772">
     <span class='ocr_line' id='line_1_15' title="bbox 362 1365 1795 1411; baseline 0.003 -13"><span class='ocrx_word' id='word_1_66' title='bbox 362 1365 624 1407; x_wconf 81' lang='lat' dir='ltr'>11N0n.219‚</span> <span class='ocrx_word' id='word_1_67' title='bbox 654 1366 695 1398; x_wconf 87' lang='grc'>14</span> <span class='ocrx_word' id='word_1_68' title='bbox 721 1365 893 1408; x_wconf 75' lang='lat' dir='ltr'>‘pigret</span> <span class='ocrx_word' id='word_1_69' title='bbox 917 1391 924 1399; x_wconf 92' lang='lat'><em>.</em></span> <span class='ocrx_word' id='word_1_70' title='bbox 945 1367 1139 1400; x_wconf 78' lang='lat' dir='ltr'><em>..Accius</em></span> <span class='ocrx_word' id='word_1_71' title='bbox 1163 1371 1490 1409; x_wconf 74' lang='lat' dir='ltr'>tytesemestra</span> <span class='ocrx_word' id='word_1_72' title='bbox 1519 1393 1527 1402; x_wconf 87' lang='lat'><em>.</em></span> <span class='ocrx_word' id='word_1_73' title='bbox 1547 1394 1555 1402; x_wconf 94' lang='lat'><em>.</em></span> <span class='ocrx_word' id='word_1_74' title='bbox 1575 1373 1605 1403; x_wconf 89' lang='lat'>.&#39;</span> <span class='ocrx_word' id='word_1_75' title='bbox 1638 1368 1795 1411; x_wconf 78' lang='lat' dir='ltr'>(clite-</span> 
     </span>
     <span class='ocr_line' id='line_1_16' title="bbox 273 1411 1794 1454; baseline 0.005 -12"><span class='ocrx_word' id='word_1_76' title='bbox 273 1414 439 1443; x_wconf 84' lang='lat' dir='ltr'>mestra</span> <span class='ocrx_word' id='word_1_77' title='bbox 466 1411 589 1443; x_wconf 89' lang='lat' dir='ltr'><em>Vrbin.</em></span> <span class='ocrx_word' id='word_1_78' title='bbox 616 1411 680 1443; x_wconf 85' lang='lat'>308</span> <span class='ocrx_word' id='word_1_79' title='bbox 707 1411 1044 1454; x_wconf 71' lang='lat' dir='ltr'><strong>clytemnestra</strong></span> <span class='ocrx_word' id='word_1_80' title='bbox 1071 1411 1168 1453; x_wconf 79' lang='lat' dir='ltr'>edd.)</span> <span class='ocrx_word' id='word_1_81' title='bbox 1275 1414 1332 1446; x_wconf 83' lang='lat'>111</span> <span class='ocrx_word' id='word_1_82' title='bbox 1358 1413 1506 1447; x_wconf 84' lang='lat' dir='ltr'>Seruius</span> <span class='ocrx_word' id='word_1_83' title='bbox 1531 1415 1569 1446; x_wconf 90' lang='lat' dir='ltr'><em>in</em></span> <span class='ocrx_word' id='word_1_84' title='bbox 1592 1414 1682 1448; x_wconf 88' lang='lat' dir='ltr'>Aen.</span> <span class='ocrx_word' id='word_1_85' title='bbox 1708 1416 1727 1448; x_wconf 95' lang='lat'>1</span> <span class='ocrx_word' id='word_1_86' title='bbox 1751 1417 1794 1449; x_wconf 87' lang='lat'>88</span> 
     </span>
     <span class='ocr_line' id='line_1_17' title="bbox 272 1456 1794 1501; baseline 0.005 -14"><span class='ocrx_word' id='word_1_87' title='bbox 272 1457 514 1498; x_wconf 82' lang='lat' dir='ltr'><em>‘eripiunt‚</em></span> <span class='ocrx_word' id='word_1_88' title='bbox 541 1457 565 1489; x_wconf 84' lang='lat' dir='ltr'><em>i.</em></span> <span class='ocrx_word' id='word_1_89' title='bbox 584 1466 614 1488; x_wconf 86' lang='lat' dir='ltr'>e.</span> <span class='ocrx_word' id='word_1_90' title='bbox 635 1456 866 1489; x_wconf 73' lang='lat' dir='ltr'>abstollant.’</span> <span class='ocrx_word' id='word_1_91' title='bbox 938 1458 988 1490; x_wconf 89' lang='lat' dir='ltr'>IV</span> <span class='ocrx_word' id='word_1_92' title='bbox 1011 1458 1103 1493; x_wconf 82' lang='lat' dir='ltr'>Non.</span> <span class='ocrx_word' id='word_1_93' title='bbox 1121 1459 1198 1498; x_wconf 82' lang='lat'>488,</span> <span class='ocrx_word' id='word_1_94' title='bbox 1220 1460 1260 1490; x_wconf 77' lang='lat'>12</span> <span class='ocrx_word' id='word_1_95' title='bbox 1286 1459 1443 1492; x_wconf 76' lang='lat' dir='ltr'>‘flucti</span> <span class='ocrx_word' id='word_1_96' title='bbox 1468 1470 1533 1501; x_wconf 85' lang='lat' dir='ltr'>pro</span> <span class='ocrx_word' id='word_1_97' title='bbox 1558 1459 1700 1493; x_wconf 86' lang='lat' dir='ltr'>fluctus.</span> <span class='ocrx_word' id='word_1_98' title='bbox 1725 1462 1794 1494; x_wconf 79' lang='lat' dir='ltr'>Ac-</span> 
     </span>
     <span class='ocr_line' id='line_1_18' title="bbox 271 1500 1793 1544; baseline 0.003 -11"><span class='ocrx_word' id='word_1_99' title='bbox 271 1501 349 1534; x_wconf 86' lang='lat' dir='ltr'><em>cius</em></span> <span class='ocrx_word' id='word_1_100' title='bbox 368 1501 494 1533; x_wconf 87' lang='lat' dir='ltr'>Telefo</span> <span class='ocrx_word' id='word_1_101' title='bbox 519 1525 548 1533; x_wconf 92' lang='lat'>..</span> <span class='ocrx_word' id='word_1_102' title='bbox 563 1525 571 1533; x_wconf 87' lang='lat'><em>.</em></span> <span class='ocrx_word' id='word_1_103' title='bbox 595 1501 690 1533; x_wconf 84' lang='lat' dir='ltr'><em>idem</em></span> <span class='ocrx_word' id='word_1_104' title='bbox 710 1500 1044 1544; x_wconf 80' lang='lat' dir='ltr'>Cly-taemystra</span> <span class='ocrx_word' id='word_1_105' title='bbox 1069 1528 1077 1536; x_wconf 91' lang='lat'><em>.</em></span> <span class='ocrx_word' id='word_1_106' title='bbox 1092 1529 1099 1536; x_wconf 94' lang='lat'><em>.</em></span> <span class='ocrx_word' id='word_1_107' title='bbox 1113 1506 1142 1536; x_wconf 89' lang='lat'>.’</span> <span class='ocrx_word' id='word_1_108' title='bbox 1206 1505 1237 1536; x_wconf 95' lang='lat' dir='ltr'>V</span> <span class='ocrx_word' id='word_1_109' title='bbox 1251 1503 1395 1537; x_wconf 82' lang='lat' dir='ltr'>Seruius</span> <span class='ocrx_word' id='word_1_110' title='bbox 1419 1505 1456 1536; x_wconf 88' lang='lat' dir='ltr'><em>in</em></span> <span class='ocrx_word' id='word_1_111' title='bbox 1475 1504 1564 1537; x_wconf 87' lang='lat' dir='ltr'>Aen.</span> <span class='ocrx_word' id='word_1_112' title='bbox 1582 1506 1600 1538; x_wconf 94' lang='lat' dir='ltr'>I</span> <span class='ocrx_word' id='word_1_113' title='bbox 1616 1507 1660 1538; x_wconf 82' lang='lat'>44</span> <span class='ocrx_word' id='word_1_114' title='bbox 1676 1505 1793 1538; x_wconf 81' lang='lat' dir='ltr'><em>‘illum</em></span> 
     </span>
     <span class='ocr_line' id='line_1_19' title="bbox 272 1545 1794 1591; baseline 0.004 -14"><span class='ocrx_word' id='word_1_115' title='bbox 272 1547 498 1588; x_wconf 79' lang='lat' dir='ltr'>expirantem</span> <span class='ocrx_word' id='word_1_116' title='bbox 526 1545 700 1578; x_wconf 81' lang='lat' dir='ltr'>transfixo</span> <span class='ocrx_word' id='word_1_117' title='bbox 718 1549 865 1588; x_wconf 79' lang='lat' dir='ltr'>pectore</span> <span class='ocrx_word' id='word_1_118' title='bbox 883 1548 1047 1580; x_wconf 84' lang='lat' dir='ltr'><strong>flammas</strong></span> <span class='ocrx_word' id='word_1_119' title='bbox 1073 1549 1233 1581; x_wconf 77' lang='lat' dir='ltr'>Turbine</span> <span class='ocrx_word' id='word_1_120' title='bbox 1260 1549 1448 1591; x_wconf 79' lang='lat' dir='ltr'>corripuit]</span> <span class='ocrx_word' id='word_1_121' title='bbox 1473 1550 1611 1582; x_wconf 83' lang='lat' dir='ltr'>Probus</span> <span class='ocrx_word' id='word_1_122' title='bbox 1630 1554 1666 1583; x_wconf 82' lang='lat' dir='ltr'>et</span> <span class='ocrx_word' id='word_1_123' title='bbox 1690 1553 1794 1583; x_wconf 82' lang='lat' dir='ltr'>tem-</span> 
     </span>
     <span class='ocr_line' id='line_1_20' title="bbox 271 1591 1791 1635; baseline 0.003 -12"><span class='ocrx_word' id='word_1_124' title='bbox 271 1602 377 1634; x_wconf 83' lang='lat' dir='ltr'>pore</span> <span class='ocrx_word' id='word_1_125' title='bbox 402 1591 493 1633; x_wconf 77' lang='lat' dir='ltr'><em>legit.</em></span> <span class='ocrx_word' id='word_1_126' title='bbox 593 1591 657 1623; x_wconf 83' lang='lat' dir='ltr'>sed</span> <span class='ocrx_word' id='word_1_127' title='bbox 684 1593 746 1633; x_wconf 86' lang='lat' dir='ltr'><em>qui</em></span> <span class='ocrx_word' id='word_1_128' title='bbox 770 1592 900 1634; x_wconf 81' lang='lat' dir='ltr'>legunt</span> <span class='ocrx_word' id='word_1_129' title='bbox 924 1596 1127 1635; x_wconf 78' lang='lat' dir='ltr'>pectore,</span> <span class='ocrx_word' id='word_1_130' title='bbox 1153 1594 1197 1626; x_wconf 87' lang='lat' dir='ltr'>de</span> <span class='ocrx_word' id='word_1_131' title='bbox 1223 1593 1326 1627; x_wconf 79' lang='lat' dir='ltr'>Actio</span> <span class='ocrx_word' id='word_1_132' title='bbox 1352 1595 1570 1627; x_wconf 77' lang='lat' dir='ltr'>translatum</span> <span class='ocrx_word' id='word_1_133' title='bbox 1597 1595 1791 1634; x_wconf 80' lang='lat' dir='ltr'>affirmant,</span> 
     </span>
     <span class='ocr_line' id='line_1_21' title="bbox 271 1635 1791 1683; baseline 0.003 -14"><span class='ocrx_word' id='word_1_134' title='bbox 271 1637 333 1678; x_wconf 85' lang='lat' dir='ltr'><em>qui</em></span> <span class='ocrx_word' id='word_1_135' title='bbox 350 1637 404 1668; x_wconf 83' lang='lat' dir='ltr'><em>ait</em></span> <span class='ocrx_word' id='word_1_136' title='bbox 421 1637 458 1668; x_wconf 89' lang='lat' dir='ltr'><em>in</em></span> <span class='ocrx_word' id='word_1_137' title='bbox 477 1635 771 1677; x_wconf 82' lang='lat' dir='ltr'>Clytaemnestra</span> <span class='ocrx_word' id='word_1_138' title='bbox 788 1638 832 1670; x_wconf 85' lang='lat' dir='ltr'>de</span> <span class='ocrx_word' id='word_1_139' title='bbox 857 1638 996 1670; x_wconf 84' lang='lat' dir='ltr'>Aiace</span> <span class='ocrx_word' id='word_1_140' title='bbox 1021 1664 1028 1671; x_wconf 95' lang='lat'><em>.</em></span> <span class='ocrx_word' id='word_1_141' title='bbox 1044 1664 1052 1672; x_wconf 93' lang='lat'><em>.</em></span> <span class='ocrx_word' id='word_1_142' title='bbox 1067 1642 1096 1672; x_wconf 87' lang='lat'>.&#39;</span> <span class='ocrx_word' id='word_1_143' title='bbox 1122 1639 1424 1681; x_wconf 80' lang='lat' dir='ltr'>(Clytemetra</span> <span class='ocrx_word' id='word_1_144' title='bbox 1443 1638 1559 1683; x_wconf 83' lang='lat' dir='ltr'>cass.)</span> <span class='ocrx_word' id='word_1_145' title='bbox 1631 1641 1682 1674; x_wconf 90' lang='lat' dir='ltr'>VI</span> <span class='ocrx_word' id='word_1_146' title='bbox 1698 1641 1791 1675; x_wconf 88' lang='lat' dir='ltr'>Non.</span> 
     </span>
     <span class='ocr_line' id='line_1_22' title="bbox 269 1683 1792 1725; baseline 0.004 -12"><span class='ocrx_word' id='word_1_147' title='bbox 269 1683 349 1720; x_wconf 79' lang='lat'>521,</span> <span class='ocrx_word' id='word_1_148' title='bbox 375 1683 418 1714; x_wconf 77' lang='lat'>27</span> <span class='ocrx_word' id='word_1_149' title='bbox 445 1685 710 1724; x_wconf 79' lang='lat' dir='ltr'>‘compotem</span> <span class='ocrx_word' id='word_1_150' title='bbox 734 1683 853 1723; x_wconf 65' lang='lat' dir='ltr'>bonae</span> <span class='ocrx_word' id='word_1_151' title='bbox 879 1684 933 1716; x_wconf 85' lang='lat' dir='ltr'>rei</span> <span class='ocrx_word' id='word_1_152' title='bbox 958 1683 1069 1715; x_wconf 85' lang='lat' dir='ltr'>solum</span> <span class='ocrx_word' id='word_1_153' title='bbox 1096 1684 1168 1716; x_wconf 86' lang='lat' dir='ltr'><em>dici</em></span> <span class='ocrx_word' id='word_1_154' title='bbox 1196 1685 1437 1725; x_wconf 81' lang='lat' dir='ltr'>existimatur,</span> <span class='ocrx_word' id='word_1_155' title='bbox 1465 1695 1545 1717; x_wconf 83' lang='lat' dir='ltr'>cum</span> <span class='ocrx_word' id='word_1_156' title='bbox 1565 1686 1677 1718; x_wconf 82' lang='lat' dir='ltr'><em>etiam</em></span> <span class='ocrx_word' id='word_1_157' title='bbox 1693 1687 1792 1719; x_wconf 84' lang='lat' dir='ltr'>mala</span> 
     </span>
     <span class='ocr_line' id='line_1_23' title="bbox 267 1727 1722 1772; baseline 0.004 -13"><span class='ocrx_word' id='word_1_158' title='bbox 267 1738 306 1759; x_wconf 88' lang='lat' dir='ltr'>re</span> <span class='ocrx_word' id='word_1_159' title='bbox 333 1727 489 1770; x_wconf 74' lang='lat' dir='ltr'><em>positum</em></span> <span class='ocrx_word' id='word_1_160' title='bbox 515 1727 574 1761; x_wconf 79' lang='lat' dir='ltr'><em>sit.</em></span> <span class='ocrx_word' id='word_1_161' title='bbox 612 1727 746 1760; x_wconf 78' lang='lat' dir='ltr'>Accius</span> <span class='ocrx_word' id='word_1_162' title='bbox 772 1728 1084 1770; x_wconf 78' lang='lat' dir='ltr'>Clytemestra</span> <span class='ocrx_word' id='word_1_163' title='bbox 1114 1755 1121 1762; x_wconf 93' lang='lat'><em>.</em></span> <span class='ocrx_word' id='word_1_164' title='bbox 1143 1755 1150 1761; x_wconf 89' lang='lat'><em>.</em></span> <span class='ocrx_word' id='word_1_165' title='bbox 1172 1732 1200 1762; x_wconf 83' lang='lat'>.’</span> <span class='ocrx_word' id='word_1_166' title='bbox 1234 1729 1557 1772; x_wconf 59' lang='lat' dir='ltr'>(Clytemestra</span> <span class='ocrx_word' id='word_1_167' title='bbox 1584 1730 1722 1772; x_wconf 83' lang='lat' dir='ltr'><em>Bamb.)</em></span> 
     </span>
    </p>

    <p class='ocr_par' dir='ltr' id='par_1_7' title="bbox 359 1771 1794 1819">
     <span class='ocr_line' id='line_1_24' title="bbox 359 1771 1794 1819; baseline 0.003 -14"><span class='ocrx_word' id='word_1_168' title='bbox 359 1773 430 1805; x_wconf 88' lang='lat' dir='ltr'>VII</span> <span class='ocrx_word' id='word_1_169' title='bbox 454 1771 547 1805; x_wconf 82' lang='lat' dir='ltr'>Non.</span> <span class='ocrx_word' id='word_1_170' title='bbox 567 1773 644 1813; x_wconf 77' lang='lat'><strong>226,</strong></span> <span class='ocrx_word' id='word_1_171' title='bbox 662 1773 682 1804; x_wconf 93' lang='grc'>8</span> <span class='ocrx_word' id='word_1_172' title='bbox 713 1774 905 1807; x_wconf 81' lang='lat' dir='ltr'>‘suasione</span> <span class='ocrx_word' id='word_1_173' title='bbox 931 1775 1077 1817; x_wconf 83' lang='lat' dir='ltr'>generis</span> <span class='ocrx_word' id='word_1_174' title='bbox 1102 1775 1270 1807; x_wconf 82' lang='lat' dir='ltr'><em>feminini</em></span> <span class='ocrx_word' id='word_1_175' title='bbox 1298 1773 1394 1818; x_wconf 87' lang='lat'>[...</span> <span class='ocrx_word' id='word_1_176' title='bbox 1426 1777 1623 1808; x_wconf 81' lang='lat' dir='ltr'>seruitus</span> <span class='ocrx_word' id='word_1_177' title='bbox 1648 1778 1794 1819; x_wconf 83' lang='lat' dir='ltr'>generis</span> 
     </span>
    </p>
   </div>
   <div class='ocr_carea' id='block_1_7' title="bbox 292 1846 551 1853">
    <p class='ocr_par' dir='ltr' id='par_1_8' title="bbox 292 1846 551 1853">
     <span class='ocr_line' id='line_1_25' title="bbox 292 1846 551 1853; baseline 0 0"><span class='ocrx_word' id='word_1_178' title='bbox 292 1846 551 1853; x_wconf 95' lang='lat' dir='ltr'> </span> 
     </span>
    </p>
   </div>
   <div class='ocr_carea' id='block_1_8' title="bbox 258 1891 1792 2955">
    <p class='ocr_par' dir='ltr' id='par_1_9' title="bbox 258 1891 1792 2955">
     <span class='ocr_line' id='line_1_26' title="bbox 385 1891 1791 1942; baseline 0.004 -15"><span class='ocrx_word' id='word_1_179' title='bbox 385 1891 439 1928; x_wconf 87' lang='lat'>30</span> <span class='ocrx_word' id='word_1_180' title='bbox 470 1891 535 1927; x_wconf 86' lang='lat' dir='ltr'>Sic</span> <span class='ocrx_word' id='word_1_181' title='bbox 573 1903 676 1928; x_wconf 81' lang='lat' dir='ltr'>nunc</span> <span class='ocrx_word' id='word_1_182' title='bbox 714 1895 864 1940; x_wconf 77' lang='lat' dir='ltr'>scripsi.</span> <span class='ocrx_word' id='word_1_183' title='bbox 898 1904 1021 1929; x_wconf 87' lang='lat' dir='ltr'>omnes</span> <span class='ocrx_word' id='word_1_184' title='bbox 1059 1906 1095 1941; x_wconf 79' lang='lat' dir='ltr'>g.</span> <span class='ocrx_word' id='word_1_185' title='bbox 1128 1894 1152 1930; x_wconf 85' lang='lat' dir='ltr'>f.</span> <span class='ocrx_word' id='word_1_186' title='bbox 1185 1906 1215 1933; x_wconf 83' lang='lat' dir='ltr'>r.</span> <span class='ocrx_word' id='word_1_187' title='bbox 1248 1894 1340 1936; x_wconf 79' lang='lat' dir='ltr'><em>mali,</em></span> <span class='ocrx_word' id='word_1_188' title='bbox 1359 1906 1392 1942; x_wconf 82' lang='lat' dir='ltr'>g.</span> <span class='ocrx_word' id='word_1_189' title='bbox 1423 1896 1522 1931; x_wconf 81' lang='lat' dir='ltr'>libri.</span> <span class='ocrx_word' id='word_1_190' title='bbox 1575 1895 1667 1932; x_wconf 84' lang='lat' dir='ltr'><em>Olim</em></span> <span class='ocrx_word' id='word_1_191' title='bbox 1706 1898 1791 1933; x_wconf 83' lang='lat' dir='ltr'>coll.</span> 
     </span>
     <span class='ocr_line' id='line_1_27' title="bbox 270 1947 1792 1997; baseline 0.003 -14"><span class='ocrx_word' id='word_1_192' title='bbox 270 1948 451 1995; x_wconf 75' lang='lat' dir='ltr'>Aeschyli</span> <span class='ocrx_word' id='word_1_193' title='bbox 480 1947 611 1996; x_wconf 71' lang='lat' dir='ltr'><em>Ayam.</em></span> <span class='ocrx_word' id='word_1_194' title='bbox 645 1948 723 1985; x_wconf 87' lang='lat'>501</span> <span class='ocrx_word' id='word_1_195' title='bbox 757 1959 811 1997; x_wconf 83' lang='lat' dir='ltr'>sq.</span> <span class='ocrx_word' id='word_1_196' title='bbox 845 1949 928 1986; x_wconf 78' lang='lat'>580</span> <span class='ocrx_word' id='word_1_197' title='bbox 958 1960 1076 1986; x_wconf 82' lang='lat' dir='ltr'><em>ausus</em></span> <span class='ocrx_word' id='word_1_198' title='bbox 1106 1962 1186 1986; x_wconf 82' lang='lat' dir='ltr'>sum</span> <span class='ocrx_word' id='word_1_199' title='bbox 1218 1962 1341 1986; x_wconf 86' lang='lat' dir='ltr'>omnes</span> <span class='ocrx_word' id='word_1_200' title='bbox 1372 1951 1455 1987; x_wconf 80' lang='lat' dir='ltr'>honi</span> <span class='ocrx_word' id='word_1_201' title='bbox 1477 1950 1639 1987; x_wconf 80' lang='lat' dir='ltr'>Gaude&#39;nt</span> <span class='ocrx_word' id='word_1_202' title='bbox 1674 1952 1792 1988; x_wconf 73' lang='lat' dir='ltr'>ualere</span> 
     </span>
     <span class='ocr_line' id='line_1_28' title="bbox 268 2004 1791 2054; baseline 0.004 -15"><span class='ocrx_word' id='word_1_203' title='bbox 268 2009 387 2052; x_wconf 76' lang='lat' dir='ltr'>recte,</span> <span class='ocrx_word' id='word_1_204' title='bbox 419 2004 481 2040; x_wconf 86' lang='lat' dir='ltr'>sed</span> <span class='ocrx_word' id='word_1_205' title='bbox 513 2005 592 2041; x_wconf 82' lang='lat' dir='ltr'><em>mali</em></span> <span class='ocrx_word' id='word_1_206' title='bbox 626 2018 676 2053; x_wconf 67' lang='grc' dir='ltr'>μ,</span> <span class='ocrx_word' id='word_1_207' title='bbox 707 2008 745 2042; x_wconf 88' lang='lat' dir='ltr'>in</span> <span class='ocrx_word' id='word_1_208' title='bbox 774 2007 910 2054; x_wconf 83' lang='lat' dir='ltr'><em>quibus</em></span> <span class='ocrx_word' id='word_1_209' title='bbox 938 2005 1023 2041; x_wconf 88' lang='lat' dir='ltr'><em>boni</em></span> <span class='ocrx_word' id='word_1_210' title='bbox 1057 2006 1062 2052; x_wconf 89' lang='grc' dir='ltr'>Ι</span> <span class='ocrx_word' id='word_1_211' title='bbox 1098 2018 1222 2043; x_wconf 83' lang='lat' dir='ltr'>omncs</span> <span class='ocrx_word' id='word_1_212' title='bbox 1248 2010 1480 2053; x_wconf 79' lang='lat' dir='ltr'>praez‘uerat</span> <span class='ocrx_word' id='word_1_213' title='bbox 1512 2009 1676 2045; x_wconf 82' lang='lat' dir='ltr'><em>Vossius.</em></span> <span class='ocrx_word' id='word_1_214' title='bbox 1708 2008 1791 2045; x_wconf 85' lang='lat' dir='ltr'>boni</span> 
     </span>
     <span class='ocr_line' id='line_1_29' title="bbox 269 2060 1791 2111; baseline 0.003 -15"><span class='ocrx_word' id='word_1_215' title='bbox 269 2071 392 2096; x_wconf 86' lang='lat' dir='ltr'>omnes</span> <span class='ocrx_word' id='word_1_216' title='bbox 424 2072 459 2108; x_wconf 85' lang='lat' dir='ltr'>g.</span> <span class='ocrx_word' id='word_1_217' title='bbox 492 2060 518 2099; x_wconf 86' lang='lat' dir='ltr'>s.</span> <span class='ocrx_word' id='word_1_218' title='bbox 550 2073 594 2107; x_wconf 83' lang='lat' dir='ltr'>r.‚</span> <span class='ocrx_word' id='word_1_219' title='bbox 625 2061 715 2097; x_wconf 79' lang='lat' dir='ltr'>male</span> <span class='ocrx_word' id='word_1_220' title='bbox 745 2063 889 2109; x_wconf 76' lang='lat' dir='ltr'><em>pigram</em></span> <span class='ocrx_word' id='word_1_221' title='bbox 919 2064 1080 2099; x_wconf 79' lang='lat' dir='ltr'><em>coniecit</em></span> <span class='ocrx_word' id='word_1_222' title='bbox 1110 2063 1272 2100; x_wconf 78' lang='lat' dir='ltr'><em>Bothius</em></span> <span class='ocrx_word' id='word_1_223' title='bbox 1303 2075 1426 2100; x_wconf 86' lang='lat' dir='ltr'>omnes</span> <span class='ocrx_word' id='word_1_224' title='bbox 1456 2065 1508 2100; x_wconf 85' lang='lat' dir='ltr'><em>sic</em></span> <span class='ocrx_word' id='word_1_225' title='bbox 1536 2064 1668 2101; x_wconf 83' lang='lat' dir='ltr'>audent</span> <span class='ocrx_word' id='word_1_226' title='bbox 1698 2064 1724 2100; x_wconf 77' lang='grc' dir='ltr'>Ῑ.</span> <span class='ocrx_word' id='word_1_227' title='bbox 1747 2077 1791 2111; x_wconf 85' lang='lat' dir='ltr'>r.‚</span> 
     </span>
     <span class='ocr_line' id='line_1_30' title="bbox 267 2114 1787 2169; baseline 0.003 -17"><span class='ocrx_word' id='word_1_228' title='bbox 267 2116 358 2152; x_wconf 79' lang='lat' dir='ltr'>male</span> <span class='ocrx_word' id='word_1_229' title='bbox 389 2117 535 2164; x_wconf 74' lang='lat' dir='ltr'>pigrcnt</span> <span class='ocrx_word' id='word_1_230' title='bbox 565 2114 778 2161; x_wconf 81' lang='grc' dir='ltr'><em>εἰρωνικῶς</em></span> <span class='ocrx_word' id='word_1_231' title='bbox 808 2120 912 2155; x_wconf 76' lang='lat' dir='ltr'><em>dicta</em></span> <span class='ocrx_word' id='word_1_232' title='bbox 942 2119 1217 2156; x_wconf 72' lang='lat' dir='ltr'>Buechelerus.</span> <span class='ocrx_word' id='word_1_233' title='bbox 1268 2120 1520 2166; x_wconf 78' lang='lat' dir='ltr'>septenarius</span> <span class='ocrx_word' id='word_1_234' title='bbox 1549 2119 1672 2156; x_wconf 77' lang='lat' dir='ltr'>omnes</span> <span class='ocrx_word' id='word_1_235' title='bbox 1703 2133 1738 2169; x_wconf 85' lang='lat' dir='ltr'>g.</span> <span class='ocrx_word' id='word_1_236' title='bbox 1763 2122 1787 2157; x_wconf 83' lang='lat' dir='ltr'>s.</span> 
     </span>
     <span class='ocr_line' id='line_1_31' title="bbox 266 2173 1785 2226; baseline 0.003 -18"><span class='ocrx_word' id='word_1_237' title='bbox 266 2178 364 2209; x_wconf 79' lang='lat' dir='ltr'>recte</span> <span class='ocrx_word' id='word_1_238' title='bbox 402 2173 511 2216; x_wconf 73' lang='lat' dir='ltr'>recti,</span> <span class='ocrx_word' id='word_1_239' title='bbox 550 2185 631 2209; x_wconf 84' lang='lat' dir='ltr'>nam</span> <span class='ocrx_word' id='word_1_240' title='bbox 672 2174 751 2209; x_wconf 76' lang='lat' dir='ltr'><em>mali</em></span> <span class='ocrx_word' id='word_1_241' title='bbox 781 2186 818 2223; x_wconf 85' lang='lat' dir='ltr'>p.</span> <span class='ocrx_word' id='word_1_242' title='bbox 852 2175 998 2221; x_wconf 83' lang='lat' dir='ltr'>Grotio,</span> <span class='ocrx_word' id='word_1_243' title='bbox 1039 2174 1162 2211; x_wconf 80' lang='lat' dir='ltr'>omncs</span> <span class='ocrx_word' id='word_1_244' title='bbox 1201 2187 1236 2223; x_wconf 84' lang='lat' dir='ltr'>g.</span> <span class='ocrx_word' id='word_1_245' title='bbox 1269 2175 1294 2211; x_wconf 89' lang='lat' dir='ltr'>s.</span> <span class='ocrx_word' id='word_1_246' title='bbox 1326 2188 1355 2212; x_wconf 88' lang='lat' dir='ltr'>r.</span> <span class='ocrx_word' id='word_1_247' title='bbox 1389 2188 1461 2213; x_wconf 90' lang='lat' dir='ltr'>non</span> <span class='ocrx_word' id='word_1_248' title='bbox 1492 2177 1593 2224; x_wconf 75' lang='lat' dir='ltr'><em>mali,</em></span> <span class='ocrx_word' id='word_1_249' title='bbox 1635 2177 1714 2213; x_wconf 84' lang='lat' dir='ltr'><em>mali</em></span> <span class='ocrx_word' id='word_1_250' title='bbox 1753 2190 1785 2226; x_wconf 88' lang='lat' dir='ltr'>p.</span> 
     </span>
     <span class='ocr_line' id='line_1_32' title="bbox 266 2231 1788 2285; baseline 0.003 -20"><span class='ocrx_word' id='word_1_251' title='bbox 266 2231 488 2266; x_wconf 80' lang='lat' dir='ltr'>Hermanno</span> <span class='ocrx_word' id='word_1_252' title='bbox 515 2232 675 2276; x_wconf 81' lang='lat' dir='ltr'><em>placuit.</em></span> <span class='ocrx_word' id='word_1_253' title='bbox 793 2231 844 2268; x_wconf 89' lang='lat'>33</span> <span class='ocrx_word' id='word_1_254' title='bbox 878 2237 990 2267; x_wconf 75' lang='lat' dir='ltr'>taetra</span> <span class='ocrx_word' id='word_1_255' title='bbox 1019 2233 1242 2273; x_wconf 79' lang='lat' dir='ltr'>Mercerus‚</span> <span class='ocrx_word' id='word_1_256' title='bbox 1283 2235 1350 2280; x_wconf 81' lang='lat' dir='ltr'>qui</span> <span class='ocrx_word' id='word_1_257' title='bbox 1383 2234 1485 2280; x_wconf 79' lang='lat' dir='ltr'>quod</span> <span class='ocrx_word' id='word_1_258' title='bbox 1517 2235 1715 2285; x_wconf 78' lang='lat' dir='ltr'>praemisit</span> <span class='ocrx_word' id='word_1_259' title='bbox 1752 2239 1788 2270; x_wconf 88' lang='lat' dir='ltr'>et</span> 
     </span>
     <span class='ocr_line' id='line_1_33' title="bbox 266 2287 1787 2337; baseline 0.003 -16"><span class='ocrx_word' id='word_1_260' title='bbox 266 2287 384 2322; x_wconf 79' lang='lat' dir='ltr'><em>omitti</em></span> <span class='ocrx_word' id='word_1_261' title='bbox 410 2288 518 2322; x_wconf 80' lang='lat' dir='ltr'><em>iussit</em></span> <span class='ocrx_word' id='word_1_262' title='bbox 547 2287 589 2323; x_wconf 89' lang='lat' dir='ltr'>L.</span> <span class='ocrx_word' id='word_1_263' title='bbox 613 2287 779 2324; x_wconf 79' lang='lat' dir='ltr'>Mueller</span> <span class='ocrx_word' id='word_1_264' title='bbox 809 2290 956 2325; x_wconf 74' lang='lat' dir='ltr'><em>annali.</em></span> <span class='ocrx_word' id='word_1_265' title='bbox 986 2289 1129 2334; x_wconf 79' lang='lat' dir='ltr'><em>philoll.</em></span> <span class='ocrx_word' id='word_1_266' title='bbox 1156 2288 1262 2326; x_wconf 82' lang='lat'>1867</span> <span class='ocrx_word' id='word_1_267' title='bbox 1291 2301 1331 2336; x_wconf 90' lang='lat' dir='ltr'>p.</span> <span class='ocrx_word' id='word_1_268' title='bbox 1355 2288 1436 2326; x_wconf 83' lang='lat'>493</span> <span class='ocrx_word' id='word_1_269' title='bbox 1467 2294 1604 2337; x_wconf 73' lang='lat' dir='ltr'>uetera,</span> <span class='ocrx_word' id='word_1_270' title='bbox 1636 2302 1705 2326; x_wconf 89' lang='lat' dir='ltr'>om.</span> <span class='ocrx_word' id='word_1_271' title='bbox 1737 2296 1787 2336; x_wconf 71' lang='lat' dir='ltr'>et,</span> 
     </span>
     <span class='ocr_line' id='line_1_34' title="bbox 266 2343 1788 2393; baseline 0.003 -15"><span class='ocrx_word' id='word_1_272' title='bbox 266 2343 402 2378; x_wconf 79' lang='lat' dir='ltr'><em>Bamb.</em></span> <span class='ocrx_word' id='word_1_273' title='bbox 436 2347 472 2378; x_wconf 78' lang='lat' dir='ltr'>ct</span> <span class='ocrx_word' id='word_1_274' title='bbox 502 2348 612 2390; x_wconf 74' lang='lat' dir='ltr'>aetra,</span> <span class='ocrx_word' id='word_1_275' title='bbox 645 2344 667 2379; x_wconf 83' lang='lat' dir='ltr'>h</span> <span class='ocrx_word' id='word_1_276' title='bbox 697 2347 992 2391; x_wconf 74' lang='lat' dir='ltr'><em>suprascripta,</em></span> <span class='ocrx_word' id='word_1_277' title='bbox 1023 2345 1126 2382; x_wconf 84' lang='lat' dir='ltr'><em>Leid.</em></span> <span class='ocrx_word' id='word_1_278' title='bbox 1159 2350 1195 2381; x_wconf 87' lang='lat' dir='ltr'>et</span> <span class='ocrx_word' id='word_1_279' title='bbox 1225 2350 1320 2381; x_wconf 76' lang='lat' dir='ltr'>aetra</span> <span class='ocrx_word' id='word_1_280' title='bbox 1353 2349 1472 2382; x_wconf 83' lang='lat' dir='ltr'>ceteri</span> <span class='ocrx_word' id='word_1_281' title='bbox 1496 2347 1587 2382; x_wconf 80' lang='lat' dir='ltr'><em>libri</em></span> <span class='ocrx_word' id='word_1_282' title='bbox 1614 2349 1788 2393; x_wconf 77' lang='lat' dir='ltr'>exceptis</span> 
     </span>
     <span class='ocr_line' id='line_1_35' title="bbox 274 2399 1788 2450; baseline 0.003 -15"><span class='ocrx_word' id='word_1_283' title='bbox 274 2399 321 2435; x_wconf 90' lang='lat' dir='ltr'><em>W</em></span> <span class='ocrx_word' id='word_1_284' title='bbox 350 2404 385 2435; x_wconf 80' lang='lat' dir='ltr'>et</span> <span class='ocrx_word' id='word_1_285' title='bbox 422 2399 556 2444; x_wconf 73' lang='lat' dir='ltr'>Bctsz’l.⁷</span> <span class='ocrx_word' id='word_1_286' title='bbox 588 2402 654 2447; x_wconf 82' lang='lat' dir='ltr'>qui</span> <span class='ocrx_word' id='word_1_287' title='bbox 683 2404 798 2437; x_wconf 79' lang='lat' dir='ltr'>totum</span> <span class='ocrx_word' id='word_1_288' title='bbox 829 2411 966 2437; x_wconf 79' lang='lat' dir='ltr'><em>uersus</em></span> <span class='ocrx_word' id='word_1_289' title='bbox 995 2402 1183 2438; x_wconf 75' lang='lat' dir='ltr'><em>dimidium</em></span> <span class='ocrx_word' id='word_1_290' title='bbox 1215 2405 1386 2439; x_wconf 83' lang='lat' dir='ltr'><em>omittunt</em></span> <span class='ocrx_word' id='word_1_291' title='bbox 1491 2401 1544 2439; x_wconf 85' lang='lat'>34</span> <span class='ocrx_word' id='word_1_292' title='bbox 1575 2403 1610 2438; x_wconf 87' lang='lat' dir='ltr'><em>in</em></span> <span class='ocrx_word' id='word_1_293' title='bbox 1640 2407 1788 2450; x_wconf 79' lang='lat' dir='ltr'>pectore</span> 
     </span>
     <span class='ocr_line' id='line_1_36' title="bbox 267 2456 1787 2506; baseline 0.002 -14"><span class='ocrx_word' id='word_1_294' title='bbox 267 2456 449 2501; x_wconf 75' lang='lat' dir='ltr'><em>Seruius,</em></span> <span class='ocrx_word' id='word_1_295' title='bbox 481 2457 583 2503; x_wconf 80' lang='lat' dir='ltr'>quod</span> <span class='ocrx_word' id='word_1_296' title='bbox 612 2458 697 2493; x_wconf 86' lang='lat' dir='ltr'><em>olim</em></span> <span class='ocrx_word' id='word_1_297' title='bbox 727 2460 765 2493; x_wconf 80' lang='lat' dir='ltr'>in</span> <span class='ocrx_word' id='word_1_298' title='bbox 797 2460 903 2494; x_wconf 72' lang='lat' dir='ltr'><em>emita</em></span> <span class='ocrx_word' id='word_1_299' title='bbox 934 2469 1072 2494; x_wconf 80' lang='lat' dir='ltr'>uersus</span> <span class='ocrx_word' id='word_1_300' title='bbox 1095 2461 1231 2504; x_wconf 81' lang='lat' dir='ltr'><em>posui,</em></span> <span class='ocrx_word' id='word_1_301' title='bbox 1273 2463 1313 2494; x_wconf 83' lang='lat' dir='ltr'>ul</span> <span class='ocrx_word' id='word_1_302' title='bbox 1343 2459 1608 2495; x_wconf 83' lang='lat' dir='ltr'>Hermannum</span> <span class='ocrx_word' id='word_1_303' title='bbox 1639 2470 1787 2506; x_wconf 77' lang='lat' dir='ltr'>quoque</span> 
     </span>
     <span class='ocr_line' id='line_1_37' title="bbox 264 2513 1786 2562; baseline 0.002 -14"><span class='ocrx_word' id='word_1_304' title='bbox 264 2514 434 2548; x_wconf 75' lang='lat' dir='ltr'><em>uoluisse</em></span> <span class='ocrx_word' id='word_1_305' title='bbox 464 2515 662 2549; x_wconf 81' lang='lat' dir='ltr'>enarraui.</span> <span class='ocrx_word' id='word_1_306' title='bbox 711 2513 795 2550; x_wconf 87' lang='lat' dir='ltr'>Non</span> <span class='ocrx_word' id='word_1_307' title='bbox 827 2517 987 2550; x_wconf 81' lang='lat' dir='ltr'>seruam·</span> <span class='ocrx_word' id='word_1_308' title='bbox 1013 2515 1060 2560; x_wconf 82' lang='lat' dir='ltr'><em>in,</em></span> <span class='ocrx_word' id='word_1_309' title='bbox 1092 2516 1181 2562; x_wconf 80' lang='lat' dir='ltr'><em>quia</em></span> <span class='ocrx_word' id='word_1_310' title='bbox 1210 2525 1262 2552; x_wconf 76' lang='lat' dir='ltr'>ex</span> <span class='ocrx_word' id='word_1_311' title='bbox 1293 2516 1423 2551; x_wconf 77' lang='lat' dir='ltr'><strong><em>eadem</em></strong></span> <span class='ocrx_word' id='word_1_312' title='bbox 1449 2516 1522 2551; x_wconf 79' lang='lat' dir='ltr'>hoc</span> <span class='ocrx_word' id='word_1_313' title='bbox 1542 2517 1667 2551; x_wconf 84' lang='lat' dir='ltr'><em>nuntii</em></span> <span class='ocrx_word' id='word_1_314' title='bbox 1694 2526 1786 2551; x_wconf 84' lang='lat' dir='ltr'>nar-</span> 
     </span>
     <span class='ocr_line' id='line_1_38' title="bbox 266 2569 1786 2617; baseline 0.001 -13"><span class='ocrx_word' id='word_1_315' title='bbox 266 2570 416 2605; x_wconf 79' lang='lat' dir='ltr'>ratione</span> <span class='ocrx_word' id='word_1_316' title='bbox 442 2569 656 2615; x_wconf 79' lang='lat' dir='ltr'><em>frustnlum</em></span> <span class='ocrx_word' id='word_1_317' title='bbox 686 2571 923 2617; x_wconf 74' lang='lat' dir='ltr'><em>desumptum</em></span> <span class='ocrx_word' id='word_1_318' title='bbox 945 2575 1010 2613; x_wconf 84' lang='lat' dir='ltr'>est,</span> <span class='ocrx_word' id='word_1_319' title='bbox 1034 2572 1135 2607; x_wconf 79' lang='lat' dir='ltr'>unde</span> <span class='ocrx_word' id='word_1_320' title='bbox 1155 2571 1225 2607; x_wconf 92' lang='lat' dir='ltr'>III</span> <span class='ocrx_word' id='word_1_321' title='bbox 1243 2576 1278 2607; x_wconf 83' lang='lat' dir='ltr'>et</span> <span class='ocrx_word' id='word_1_322' title='bbox 1298 2571 1323 2607; x_wconf 95' lang='lat' dir='ltr'><em>I</em></span> <span class='ocrx_word' id='word_1_323' title='bbox 1333 2572 1363 2608; x_wconf 82' lang='lat' dir='ltr'><em>V</em></span> <span class='ocrx_word' id='word_1_324' title='bbox 1381 2576 1482 2608; x_wconf 84' lang='lat' dir='ltr'><em>sunt.</em></span> <span class='ocrx_word' id='word_1_325' title='bbox 1569 2570 1703 2606; x_wconf 83' lang='lat' dir='ltr'>fulmen</span> <span class='ocrx_word' id='word_1_326' title='bbox 1733 2572 1786 2607; x_wconf 89' lang='lat' dir='ltr'><em>in-</em></span> 
     </span>
     <span class='ocr_line' id='line_1_39' title="bbox 264 2623 1784 2676; baseline 0.003 -16"><span class='ocrx_word' id='word_1_327' title='bbox 264 2625 430 2661; x_wconf 79' lang='lat' dir='ltr'>choatum</span> <span class='ocrx_word' id='word_1_328' title='bbox 462 2624 635 2661; x_wconf 77' lang='lat' dir='ltr'><strong>flammam</strong></span> <span class='ocrx_word' id='word_1_329' title='bbox 658 2626 818 2663; x_wconf 81' lang='lat' dir='ltr'><em>Seruius</em></span> <span class='ocrx_word' id='word_1_330' title='bbox 849 2626 984 2663; x_wconf 71' lang='lat' dir='ltr'>fiumen</span> <span class='ocrx_word' id='word_1_331' title='bbox 1014 2628 1221 2663; x_wconf 82' lang='lat' dir='ltr'>incohatum</span> <span class='ocrx_word' id='word_1_332' title='bbox 1253 2623 1473 2676; x_wconf 82' lang='lat' dir='ltr'>[flammans]</span> <span class='ocrx_word' id='word_1_333' title='bbox 1507 2627 1678 2662; x_wconf 77' lang='lat' dir='ltr'>flammam</span> <span class='ocrx_word' id='word_1_334' title='bbox 1701 2629 1784 2664; x_wconf 89' lang='lat' dir='ltr'><em>olim</em></span> 
     </span>
     <span class='ocr_line' id='line_1_40' title="bbox 263 2681 1784 2730; baseline 0.001 -13"><span class='ocrx_word' id='word_1_335' title='bbox 263 2683 371 2718; x_wconf 80' lang='lat' dir='ltr'><em>edidi.</em></span> <span class='ocrx_word' id='word_1_336' title='bbox 403 2681 537 2717; x_wconf 83' lang='lat' dir='ltr'>fulmen</span> <span class='ocrx_word' id='word_1_337' title='bbox 567 2682 753 2718; x_wconf 78' lang='lat' dir='ltr'><em>incitatum</em></span> <span class='ocrx_word' id='word_1_338' title='bbox 791 2682 964 2719; x_wconf 77' lang='lat' dir='ltr'>flammam</span> <span class='ocrx_word' id='word_1_339' title='bbox 997 2683 1159 2721; x_wconf 77' lang='lat' dir='ltr'><em>Botbius</em></span> <span class='ocrx_word' id='word_1_340' title='bbox 1195 2684 1330 2720; x_wconf 84' lang='lat' dir='ltr'>fulmen</span> <span class='ocrx_word' id='word_1_341' title='bbox 1365 2684 1564 2720; x_wconf 78' lang='lat' dir='ltr'>inchoatam</span> <span class='ocrx_word' id='word_1_342' title='bbox 1596 2682 1784 2730; x_wconf 77' lang='lat' dir='ltr'>flammam,</span> 
     </span>
     <span class='ocr_line' id='line_1_41' title="bbox 264 2737 1782 2787; baseline 0.002 -15"><span class='ocrx_word' id='word_1_343' title='bbox 264 2737 438 2773; x_wconf 75' lang='lat' dir='ltr'>flammam</span> <span class='ocrx_word' id='word_1_344' title='bbox 471 2737 636 2775; x_wconf 83' lang='lat' dir='ltr'><em>Beierus</em></span> <span class='ocrx_word' id='word_1_345' title='bbox 664 2741 702 2775; x_wconf 85' lang='lat' dir='ltr'>in</span> <span class='ocrx_word' id='word_1_346' title='bbox 726 2738 800 2775; x_wconf 79' lang='lat' dir='ltr'><em>Cic.</em></span> <span class='ocrx_word' id='word_1_347' title='bbox 824 2741 870 2775; x_wconf 80' lang='lat' dir='ltr'>de</span> <span class='ocrx_word' id='word_1_348' title='bbox 898 2741 966 2787; x_wconf 81' lang='lat' dir='ltr'>off.</span> <span class='ocrx_word' id='word_1_349' title='bbox 988 2741 1009 2776; x_wconf 90' lang='grc' dir='ltr'><em>Ι</em></span> <span class='ocrx_word' id='word_1_350' title='bbox 1030 2740 1096 2786; x_wconf 80' lang='grc'>31,</span> <span class='ocrx_word' id='word_1_351' title='bbox 1121 2739 1200 2776; x_wconf 88' lang='grc'>114</span> <span class='ocrx_word' id='word_1_352' title='bbox 1223 2739 1281 2787; x_wconf 89' lang='grc' dir='ltr'>(Τ.</span> <span class='ocrx_word' id='word_1_353' title='bbox 1302 2740 1380 2787; x_wconf 89' lang='lat' dir='ltr'>Ip.</span> <span class='ocrx_word' id='word_1_354' title='bbox 1403 2738 1497 2786; x_wconf 79' lang='lat'>244)</span> <span class='ocrx_word' id='word_1_355' title='bbox 1584 2739 1782 2775; x_wconf 77' lang='lat' dir='ltr'>incohatam</span> 
     </span>
     <span class='ocr_line' id='line_1_42' title="bbox 258 2793 1781 2842; baseline 0.002 -13"><span class='ocrx_word' id='word_1_356' title='bbox 258 2796 409 2841; x_wconf 73' lang='lat' dir='ltr'><em>flayitat</em></span> <span class='ocrx_word' id='word_1_357' title='bbox 438 2793 692 2842; x_wconf 71' lang='lat' dir='ltr'><em>Isiesslinqius</em></span> <span class='ocrx_word' id='word_1_358' title='bbox 836 2795 887 2832; x_wconf 83' lang='lat'>36</span> <span class='ocrx_word' id='word_1_359' title='bbox 927 2807 982 2832; x_wconf 86' lang='lat' dir='ltr'>me</span> <span class='ocrx_word' id='word_1_360' title='bbox 1021 2798 1104 2834; x_wconf 79' lang='lat' dir='ltr'>edd.</span> <span class='ocrx_word' id='word_1_361' title='bbox 1145 2807 1244 2832; x_wconf 79' lang='lat' dir='ltr'>meae</span> <span class='ocrx_word' id='word_1_362' title='bbox 1279 2798 1385 2833; x_wconf 81' lang='lat' dir='ltr'><em>libri:</em></span> <span class='ocrx_word' id='word_1_363' title='bbox 1427 2807 1477 2831; x_wconf 86' lang='lat' dir='ltr'>an</span> <span class='ocrx_word' id='word_1_364' title='bbox 1517 2806 1594 2831; x_wconf 89' lang='lat' dir='ltr'>mee</span> <span class='ocrx_word' id='word_1_365' title='bbox 1626 2796 1781 2832; x_wconf 81' lang='lat' dir='ltr'><em>Atticma</em></span> 
     </span>
     <span class='ocr_line' id='line_1_43' title="bbox 263 2847 1782 2901; baseline 0.001 -15"><span class='ocrx_word' id='word_1_366' title='bbox 263 2852 489 2897; x_wconf 79' lang='lat' dir='ltr'><em>scriptura?</em></span> <span class='ocrx_word' id='word_1_367' title='bbox 515 2851 566 2897; x_wconf 83' lang='lat' dir='ltr'>cf.</span> <span class='ocrx_word' id='word_1_368' title='bbox 591 2863 626 2887; x_wconf 88' lang='lat' dir='ltr'>u.</span> <span class='ocrx_word' id='word_1_369' title='bbox 650 2847 674 2888; x_wconf 85' lang='lat'>8</span> <span class='ocrx_word' id='word_1_370' title='bbox 696 2856 731 2887; x_wconf 83' lang='lat' dir='ltr'>el</span> <span class='ocrx_word' id='word_1_371' title='bbox 753 2851 804 2888; x_wconf 87' lang='lat'>53</span> <span class='ocrx_word' id='word_1_372' title='bbox 891 2853 1026 2900; x_wconf 76' lang='lat' dir='ltr'><em>magnis</em></span> <span class='ocrx_word' id='word_1_373' title='bbox 1047 2853 1199 2899; x_wconf 83' lang='lat' dir='ltr'><em>Lipsius</em></span> <span class='ocrx_word' id='word_1_374' title='bbox 1221 2854 1342 2900; x_wconf 80' lang='lat' dir='ltr'><em>Epist.</em></span> <span class='ocrx_word' id='word_1_375' title='bbox 1364 2855 1512 2901; x_wconf 78' lang='lat' dir='ltr'>quaest.</span> <span class='ocrx_word' id='word_1_376' title='bbox 1545 2852 1577 2888; x_wconf 80' lang='lat' dir='ltr'><em>V</em></span> <span class='ocrx_word' id='word_1_377' title='bbox 1597 2851 1646 2887; x_wconf 83' lang='lat'>12</span> <span class='ocrx_word' id='word_1_378' title='bbox 1670 2853 1782 2900; x_wconf 76' lang='lat' dir='ltr'><em>magis</em></span> 
     </span>
     <span class='ocr_line' id='line_1_44' title="bbox 261 2907 1782 2955; baseline 0.001 -13"><span class='ocrx_word' id='word_1_379' title='bbox 261 2908 351 2942; x_wconf 82' lang='lat' dir='ltr'><em>libri</em></span> <span class='ocrx_word' id='word_1_380' title='bbox 436 2907 488 2943; x_wconf 84' lang='lat'>37</span> <span class='ocrx_word' id='word_1_381' title='bbox 527 2918 752 2955; x_wconf 81' lang='lat' dir='ltr'>suppremam</span> <span class='ocrx_word' id='word_1_382' title='bbox 789 2909 880 2944; x_wconf 84' lang='lat' dir='ltr'><em>libri</em></span> <span class='ocrx_word' id='word_1_383' title='bbox 963 2909 1089 2945; x_wconf 86' lang='lat' dir='ltr'><em>seruiti</em></span> <span class='ocrx_word' id='word_1_384' title='bbox 1119 2909 1281 2946; x_wconf 78' lang='lat' dir='ltr'><em>Botbius</em></span> <span class='ocrx_word' id='word_1_385' title='bbox 1309 2909 1495 2945; x_wconf 80' lang='lat' dir='ltr'><em>seruitutis</em></span> <span class='ocrx_word' id='word_1_386' title='bbox 1526 2909 1616 2945; x_wconf 87' lang='lat' dir='ltr'><em>libri</em></span> <span class='ocrx_word' id='word_1_387' title='bbox 1643 2908 1782 2944; x_wconf 79' lang='lat' dir='ltr'><em>seruitii</em></span> 
     </span>
    </p>
   </div>
  </div>
 </body>
</html>
