1942 3204
483 223 803 260 INCERTORVM
828 224 1099 259 POETARVM
1123 223 1349 259 FABVLAE
1603 222 1688 266 233

295 332 754 390 INGERTORVM
796 329 1179 390 POETARVM
1221 329 1551 389 FABVLAE

753 427 1083 473 LAOMEDON

894 506 916 550 I
923 514 941 532 a
1010 536 1013 538 .

268 578 477 623 Memoria
509 580 726 623 uoluenda
757 581 887 636 sitque
918 580 1037 623 fama

683 680 868 726 NELEI
900 680 1149 726 CARMEN

906 760 927 803 Ι

267 833 338 878 En
370 836 574 889 umquam
606 848 786 876 numero
818 833 947 876 maeitri
977 833 1186 876 faciemus
1218 814 1381 888 uolup‘?

895 911 938 954 II

267 983 409 1027 Foede
442 985 673 1040 stupreque
706 984 898 1041 castigor
929 982 1099 1027 cotidie.

209 1052 213 1054 V
882 1061 949 1104 III

268 1134 440 1191 Topper
470 1134 672 1177 fortunae
687 1134 689 1136 ’
705 1135 1028 1177 cdmmutantur
1058 1134 1323 1177 hominibus.

881 1211 946 1256 IV

365 1281 615 1343 [strigo]nes
647 1285 821 1328 exerciti

893 1360 934 1406 V

207 1435 236 1478 5
326 1435 353 1488 †
368 1434 514 1478 saucia
544 1450 652 1492 puer
682 1435 772 1478 filia
803 1450 972 1478 sumam

239 1531 396 1564 Iucuu'n
422 1531 574 1563 Pom-Au
600 1530 826 1564 Lionsnon.
870 1531 991 1565 Schol.
1019 1532 1155 1565 Veron.
1183 1530 1228 1563 ad
1253 1531 1364 1573 Verg.
1394 1529 1485 1566 Aen.
1512 1530 1547 1563 11
1573 1531 1613 1562 81
1644 1540 1686 1561 ex

147 1576 346 1610 collatione
372 1575 526 1609 Arnoldi
543 1576 764 1610 Herrmanni
789 1576 843 1618 (in
869 1587 990 1620 progr.
1015 1588 1135 1620 gymn.
1154 1574 1522 1618 Donaueschingiani
1546 1585 1579 1607 a.
1602 1576 1689 1608 1869

132 1621 266 1663 edita)
293 1625 415 1655 ‘—us
441 1622 484 1654 in
510 1621 814 1665 Laomedonte
841 1633 1037 1656 memora
1066 1647 1074 1655 .
1095 1647 1103 1655 .
1123 1647 1131 1655 .
1164 1622 1282 1655 fama
1307 1640 1350 1645 —-
1376 1625 1413 1654 et
1437 1621 1625 1654 Pacuuius
1650 1621 1688 1651 in

149 1667 313 1701 'seuero'
340 1679 372 1701 e.
400 1677 434 1710 q.
460 1677 488 1700 s.
535 1666 592 1700 De
619 1667 739 1701 Ennio
764 1667 958 1702 ariolando
989 1667 1147 1711 eogitari
1178 1677 1286 1711 posse
1320 1667 1460 1700 monuit
1484 1665 1686 1700 Buechele-

152 1723 212 1747 rus
237 1723 326 1747 mus.
352 1713 471 1747 Rhen.
497 1712 584 1746 XIX
608 1713 686 1746 640.

238 1759 363 1792 Naum
390 1757 558 1794 CARMEN.
606 1759 719 1792 Posse
743 1758 914 1802 intellegi
945 1758 1171 1802 tragoediam
1203 1758 1455 1792 demonstrant
1481 1758 1518 1790 in
1544 1759 1688 1800 quaest.

148 1815 245 1838 scen.
265 1805 452 1848 p.34⁷sq.,
471 1803 535 1837 sed
553 1803 650 1837 idem
667 1815 740 1838 non
758 1804 922 1838 diffiteor
940 1804 1133 1838 admodum
1151 1804 1300 1837 dubiam
1317 1815 1394 1838 rem
1412 1813 1501 1837 esse.
1520 1804 1538 1837 I
1554 1804 1690 1836 Festus

148 1861 182 1893 p.
202 1851 268 1884 170
284 1851 334 1884 Μ.
353 1846 582 1893 ‘nume[ro
601 1867 641 1873 -
660 1869 702 1874 —
719 1847 782 1894 —]
800 1851 888 1884 item
909 1851 947 1883 in
964 1850 1116 1884 Nelei:
1144 1853 1361 1893 numquam’
1389 1861 1420 1885 e.
1438 1860 1471 1892 q.
1493 1859 1520 1882 s.
1542 1848 1601 1881 ‘id
1619 1852 1687 1888 est,

148 1906 343 1939 numquam
361 1895 514 1928 nimium
532 1895 724 1930 faciemus.
752 1895 848 1940 apud
865 1896 1070 1929 Naeuium’
1090 1906 1122 1929 e.
1143 1906 1176 1939 q.
1195 1906 1222 1929 s.
1293 1895 1330 1928 11
1355 1896 1489 1928 Festus
1506 1905 1539 1937 p.
1559 1895 1625 1928 317
1639 1893 1687 1926 Μ.

149 1944 161 1961 ‘
174 1945 374 1984 stuprum
399 1951 464 1985 pro
483 1941 712 1984 turpitudine
730 1942 902 1984 antiquos
920 1941 1058 1975 dixisse
1077 1944 1232 1985 apparet
1249 1941 1287 1974 in
1305 1942 1335 1974 N
1347 1941 1437 1974 elei
1464 1951 1515 1973 ca
1527 1939 1688 1972 rmino:

151 1986 279 2020 foede’
302 1996 333 2020 e.
358 1997 391 2030 q.
417 1997 445 2022 s,
478 1989 539 2019 ‘et
562 1987 600 2020 iu
623 1987 719 2030 Appi
744 1988 943 2021 sententiis
967 2005 1011 2011 —
1035 1987 1200 2020 Naeuius
1225 1990 1288 2011 —’
1321 1985 1462 2019 Paulus
1487 1997 1522 2028 p.
1549 1986 1615 2018 316
1638 1985 1688 2017 Μ.

149 2035 160 2052 ‘
173 2034 371 2076 stuprum
402 2043 467 2076 pro
498 2032 729 2075 turpitudine
770 2033 914 2076 antiqui
947 2033 1137 2075 dixerunt,
1174 2031 1270 2066 unde
1302 2035 1360 2066 est
1390 2033 1434 2064 iu
1467 2030 1688 2064 carmine:

149 2077 281 2111 foede'
307 2088 340 2111 e.
367 2088 401 2122 q.
429 2088 457 2115 s.
538 2078 595 2112 111
619 2078 753 2112 Festus
770 2089 804 2122 p.
829 2080 895 2112 352
919 2078 969 2112 M.
997 2081 1180 2121 ‘topper
1205 2078 1416 2121 significare
1443 2078 1497 2110 ait
1521 2076 1690 2109 Artorius

149 2123 225 2157 cito
251 2123 410 2157 fortasse
437 2123 612 2157 celeriter
635 2128 790 2167 temere,
817 2124 910 2166 cito,
937 2124 1052 2158 sicin
1077 2123 1208 2157 Nelei
1235 2124 1451 2157 carmine:
1477 2124 1632 2166 topper'
1658 2132 1688 2155 e.

149 2179 183 2212 q.
210 2179 239 2202 s.
281 2164 359 2202 ‘sic
382 2168 548 2203 Naeuius
573 2187 615 2193 —
633 2169 768 2203 Accius
793 2187 837 2193 —
861 2170 1004 2204 Ennius
1029 2187 1071 2193 -
1098 2169 1284 2203 Pacuuius
1308 2187 1353 2193 —-
1378 2169 1415 2201 in
1441 2168 1600 2210 Odyssia
1625 2178 1690 2200 ne-

148 2218 228 2247 tere
246 2217 310 2238 —-’
379 2214 433 2247 IV
456 2216 592 2249 Festus
610 2226 649 2259 p.
665 2217 732 2249 314
748 2215 796 2248 M.
823 2216 1068 2258 ‘strigores
1093 2215 1130 2248 in
1157 2213 1289 2259 Ne[lei
1314 2214 1476 2248 carmine
1500 2224 1565 2256 pro
1590 2211 1690 2256 st]ri-

151 2260 251 2302 gosis
275 2260 434 2303 positum
456 2259 679 2305 [inuenitur‚
704 2260 740 2294 id
759 2264 816 2294 est
834 2259 1049 2304 densa]rum
1067 2261 1200 2294 uirium
1217 2258 1465 2305 h0[minibus:
1491 2256 1690 2302 strigOJres

149 2305 333 2339 exereiti.’
381 2306 575 2350 Suppleuit
606 2310 644 2340 et
673 2306 835 2340 correxit
866 2307 1048 2344 (uirium
1079 2306 1102 2339 h
1115 2317 1136 2338 a
1163 2305 1258 2348 cod.)
1285 2306 1456 2347 Vrsinus,
1490 2305 1562 2337 nisi
1593 2304 1689 2346 quod

149 2350 376 2393 strigores
401 2353 442 2384 ut
460 2351 634 2385 carminis
650 2351 767 2385 uerba
786 2351 831 2387 O.
848 2351 1069 2393 Muellerus,
1097 2351 1214 2385 alias
1232 2362 1304 2384 res
1322 2351 1490 2393 Vrsinus,
1518 2349 1687 2391 strigo-

150 2406 229 2429 nes
245 2396 436 2430 Turnebus
453 2397 608 2431 Aduers.
626 2397 714 2430 XIV
728 2399 744 2430 1
765 2397 813 2434 cf.
832 2398 1065 2431 Hermannus
1083 2397 1201 2440 praef.
1220 2398 1257 2430 in
1275 2396 1401 2430 Plauti
1419 2395 1551 2429 Bacch.
1569 2406 1603 2438 p.
1620 2395 1690 2428 VII

218 2443 250 2475 V
268 2441 460 2476 Charisius
478 2443 494 2476 1
514 2453 547 2486 p.
569 2443 613 2476 64
629 2443 670 2476 Ρ.
696 2446 826 2486 ‘puer
852 2443 941 2476 etin
962 2443 1140 2477 feminino
1159 2453 1247 2476 sexu
1266 2442 1411 2485 antiqui
1430 2441 1607 2475 dicebant
1629 2466 1637 2474 .
1652 2465 1660 2474 .
1675 2465 1683 2473 .

234 2537 475 2576 LAOMEDON
531 2540 700 2576 memoria
720 2541 919 2587 temptauit
940 2539 1210 2577 Buechelerus
1231 2550 1388 2576 memora
1410 2540 1492 2576 cod.
1573 2537 1689 2585 adque

150 2595 236 2633 cod.
269 2599 307 2631 at
336 2605 427 2644 quae
457 2597 586 2633 nescio
617 2607 691 2633 cur
719 2598 758 2633 in
790 2600 900 2634 textu
926 2598 1101 2645 posuerit
1132 2596 1420 2634 Herrmannus.

119 2664 123 2667 ·
262 2650 391 2689 NELEl
421 2651 600 2689 CARMEN
670 2652 690 2689 1
714 2657 930 2702 enumquam
951 2653 1231 2691 Fleckeisenus
1260 2655 1298 2690 in
1322 2652 1526 2689 Rilsckelii
1556 2661 1687 2698 opusc.

149 2709 196 2747 11
222 2707 301 2746 451
335 2719 528 2758 numquam
559 2710 642 2746 cod.
675 2720 919 2758 numquamne
959 2709 1212 2747 Hermannus
1242 2710 1362 2746 Elem.
1391 2710 1427 2746 d.
1459 2720 1504 2743 m.
1532 2719 1572 2754 p.
1607 2706 1687 2744 639

153 2776 233 2802 nam
254 2777 450 2814 numquam
474 2768 718 2804 confeceram
797 2766 909 2815 uolup
943 2767 1103 2804 Vrsinus
1124 2766 1224 2802 uolui
1247 2767 1327 2803 cod.
1433 2764 1456 2800 2
1488 2770 1689 2812 stupreque

151 2821 303 2860 Paulus
322 2828 544 2872 stupu-aeque
565 2824 647 2861 cod.
670 2823 779 2861 Festi
882 2823 1032 2860 cottidie
1062 2823 1181 2860 Pauli
1201 2822 1328 2869 Guelf.
1360 2820 1539 2870 quottidie
1570 2822 1693 2857 celeri

152 2878 269 2915 Pauli
296 2880 448 2917 codices
552 2879 578 2916 4
611 2880 795 2928 strigones
830 2880 1032 2917 Turnebus
1060 2881 1224 2917 Aduers.
1247 2879 1311 2915 XI
1323 2879 1353 2915 V
1380 2878 1399 2914 1
1434 2877 1612 2926 strigores
1645 2876 1686 2914 0.

153 2934 366 2973 Muellerus
453 2936 477 2974 5
500 2946 548 2973 ea
581 2948 670 2985 quae
690 2937 829 2986 petisse
851 2938 970 2974 saucia
991 2937 1277 2973 Lindemannus
1299 2936 1505 2984 assumptis
1526 2944 1628 2984 quae
1648 2936 1686 2971 in
