1942 3204
806 224 848 260 L.
874 222 1049 258 A'rrlvs
1611 220 1692 263 139

274 408 355 453 Oui
387 410 541 453 mainus
573 410 769 451 materno
802 407 949 451 sdrdet
979 422 1131 464 sparsa
1162 407 1386 464 sanguine.

168 483 175 487 ⁴
845 485 914 529 ΙΙΙ
945 483 1014 543 (5)

183 536 243 639 {Z
273 563 446 609 celebri
475 564 612 622 gradu
645 578 842 621 gressum
873 564 1138 607 adeelerasse
1170 563 1358 607 dedecet.

848 641 913 686 IV
946 640 1014 700 (1)

186 722 244 766 25
277 754 453 765 .....
484 721 624 777 neque
656 721 749 763 fera
779 719 1006 763 hominum
1038 721 1215 776 pectora

276 798 564 856 Frageseunt,
595 798 732 841 donee
764 795 855 841 ul‘m
886 797 1134 855 persensint
1165 796 1331 855 imperi.

853 873 908 920 v·
927 874 996 934 (4)

869 954 1024 998 melius
1055 954 1186 1011 quaim
1217 954 1301 998 uiri

279 1026 450 1071 Czillent
481 1025 693 1070 mulieres.

711 1132 1148 1178 OLVTEMESTRA

866 1211 888 1255 Ι
920 1210 988 1270 (1)

403 1324 412 1333 .
444 1290 518 1334 sed
548 1290 705 1334 'uziluae
736 1292 948 1334 resonunt
978 1290 1135 1347 regiae.

251 1421 288 1455 11
313 1421 408 1455 Non.
436 1423 519 1461 170,
545 1424 566 1456 3
592 1421 790 1462 ‘sor-det,
815 1421 1008 1456 sordidata
1033 1424 1119 1456 est.’
1234 1423 1292 1457 111
1322 1422 1416 1456 Non.
1445 1424 1507 1465 89,
1533 1424 1577 1456 25
1602 1425 1613 1443 ‘
1631 1433 1701 1456 ce-

156 1467 290 1503 lebre
315 1478 389 1501 non
414 1466 529 1501 solum
556 1467 749 1511 frequens,
781 1467 848 1501 sed
873 1468 987 1502 etiam
1010 1467 1147 1503 uelox!
1195 1467 1348 1502 Seruius
1379 1469 1417 1502 in
1442 1468 1533 1502 Aen.
1558 1468 1611 1502 lv
1635 1470 1699 1502 641

159 1511 450 1556 celerabat]
479 1513 544 1547 alii
569 1513 836 1547 celebrabat
859 1513 1007 1557 legunt,
1034 1514 1121 1557 quia
1145 1514 1291 1557 antiqui
1314 1514 1384 1548 hoc
1401 1515 1555 1548 uerbum
1580 1515 1619 1547 in
1641 1524 1703 1547 ue-

158 1559 314 1593 locitate
339 1559 536 1602 ponebant.
574 1559 722 1592 Actius.
750 1559 883 1592 celeri'
910 1571 943 1595 e.
970 1570 1005 1603 q.
1033 1570 1062 1594 s.
1153 1560 1204 1594 IV
1228 1559 1321 1595 Non.
1348 1561 1428 1600 111,
1457 1562 1473 1593 1
1502 1560 1562 1593 fr
1572 1570 1702 1612 ages

161 1615 284 1657 cere,
312 1604 464 1647 frangi?
513 1604 735 1648 Comparaui
759 1604 934 1647 Aeschyli
958 1606 1089 1647 Agam.
1119 1606 1203 1639 1601
1231 1605 1277 1639 Η.
1304 1603 1516 1650 κρατηθεὶς
1543 1598 1581 1639 δ’
1609 1600 1703 1649 ἡμε-

161 1644 320 1694 ρώτερος
346 1652 469 1692 φανεῖ
490 1649 593 1692 (1619
618 1660 672 1692 sq.
698 1651 784 1684 1639
810 1650 879 1693 sq)
972 1650 1005 1683 V
1029 1651 1121 1686 Non.
1145 1652 1223 1690 257,
1251 1653 1331 1684 30‘
1343 1651 1490 1685 callet
1514 1650 1703 1693 significat

158 1697 250 1729 seit.
275 1695 346 1728 hoc
372 1700 430 1728 est
455 1695 686 1737 calliditate,
712 1706 808 1739 quae
833 1699 890 1730 est
911 1695 1054 1730 urbana
1078 1697 1250 1730 scientia.
1282 1697 1417 1731 Accius
1441 1697 1603 1748 Egisto
1627 1722 1634 1730 .
1650 1699 1702 1731 ..’

162 1739 308 1775 Similia
333 1744 418 1774 sunt
442 1741 479 1774 in
503 1720 686 1784 Aeschyli
705 1742 834 1785 Agam.
855 1742 943 1775 1605
968 1736 1009 1775 τό
1036 1736 1108 1786 γάρ
1134 1740 1300 1776 δολῶσαι
1325 1737 1422 1786 πρὸς
1446 1737 1629 1787 γυναικὸς
1653 1733 1703 1786 ἦν

163 1797 212 1821 σα
247 1784 312 1825 ὥς.

215 1798 531 1865 ‘pcmvrssuesrm
548 1832 709 1865 nominis
728 1832 882 1865 formam
899 1833 1092 1866 reuocauit
1108 1833 1339 1867 Ritsehelius
1356 1844 1478 1877 opusc.
1500 1834 1534 1866 11
1548 1835 1615 1867 497
1630 1843 1701 1877 sq.:

163 1878 211 1914 cf,
238 1877 398 1911 collecta
423 1889 446 1911 a
470 1889 527 1911 me
554 1876 690 1911 ibidem
714 1879 779 1912 517
804 1888 858 1922 sq.
884 1882 922 1912 et
945 1878 1181 1912 Fleckeiseni
1205 1879 1262 1914 tit.
1287 1879 1318 1911 L
1343 1891 1378 1922 p.
1398 1881 1451 1913 13.
1497 1879 1704 1922 Diphthon-

167 1934 251 1964 gum
284 1934 334 1958 oe
358 1923 461 1957 Attio
493 1923 684 1956 uindicaui
709 1924 748 1956 in
779 1923 1246 1968 annall.phi1011.lxxv
1277 1926 1343 1958 316
1368 1935 1447 1968 sqq.
1510 1926 1638 1958 Aetam
1663 1936 1699 1958 a.

166 1970 232 2003 698
264 1969 302 2002 in
333 1969 430 2002 ludis
460 1969 612 2013 Pompei
644 1972 772 2002 narrat
798 1969 931 2003 Cicero
957 1981 1014 2013 ep.
1054 1970 1100 2003 ad
1125 1971 1213 2003 fam.
1240 1970 1311 2003 v11
1344 1972 1372 2004 1.
1421 1969 1475 2003 Cf.
1509 1973 1703 2013 praeterea

164 2015 210 2048 de
236 2015 298 2048 off.
323 2015 342 2049 1
365 2016 428 2056 31,
454 2016 530 2048 114.
623 2015 640 2047 I
670 2015 887 2048 Priscianus
917 2015 970 2048 IX
995 2027 1028 2059 p.
1053 2017 1120 2049 863
1143 2017 1183 2050 Ρ.
1212 2015 1328 2049 ‘haec
1351 2020 1475 2049 tamen
1506 2016 1610 2059 ipsa'
1637 2015 1702 2057 (se.

166 2061 204 2093 in
230 2060 268 2093 ui
300 2060 440 2094 diuisas
465 2061 705 2104 praeteritum
737 2060 966 2103 desinentia,
999 2064 1040 2094 ut
1064 2062 1187 2103 sonui,
1213 2061 1388 2103 sonitum)
1422 2064 1483 2095 ‘et
1506 2061 1702 2095 secundum

163 2106 313 2139 tertiam
338 2106 584 2139 uetustissimi
609 2106 806 2149 protulisse
832 2107 1070 2140 inueniuntur
1094 2107 1392 2150 coniugationem
1416 2132 1424 2141 .
1443 2132 1452 2141 .
1472 2132 1480 2141 .
1504 2107 1642 2140 Accius
1667 2108 1703 2139 in

166 2150 464 2194 Clytaemnestra
487 2155 562 2186 ...’
588 2151 937 2195 (clytemnestra.
961 2152 1053 2196 Reg.
1080 2156 1118 2186 et
1143 2153 1228 2186 fort.
1247 2153 1360 2186 Halb.
1387 2153 1704 2186 clitemnestra

164 2197 296 2284 Bam}
323 2197 430 2231 Bern.
466 2197 782 2241 dytemnestra
815 2198 926 2241 Sang.
952 2198 1055 2232 Grut.
1085 2199 1243 2232 Karolir.
1276 2198 1568 2241 clyti-mostra
1592 2198 1702 2231 Halb.

169 2253 261 2276 corr.

276 2374 329 2413 23
350 2386 432 2412 eum
454 2387 578 2413 manus
599 2376 704 2414 Leia.
801 2388 923 2425 sparsa
947 2377 1006 2414 ecl.
1034 2376 1141 2414 1526
1163 2388 1290 2426 sparso
1310 2377 1413 2423 libri,
1430 2377 1704 2423 probauerunt

163 2431 208 2470 G.
229 2432 483 2470 Her-mannus
503 2437 539 2470 et
558 2433 740 2471 Albertus
759 2434 931 2482 Lanyius
952 2434 1110 2479 Quaest.
1132 2439 1241 2471 metr.
1259 2445 1300 2481 p.
1317 2433 1342 2470 5
1428 2433 1562 2470 Malim
1582 2445 1704 2482 sparsa

159 2488 286 2526 sordet
372 2488 425 2526 24
450 2489 558 2527 celeri
580 2489 744 2528 Seruius
811 2490 1058 2527 adcelebrasse
1077 2491 1225 2528 Nonius
1245 2490 1508 2528 adcelerauisse
1527 2490 1705 2539 Scaliyer

275 2546 425 2583 dedecet
455 2547 725 2585 Buechelerus
754 2549 854 2585 conl.
886 2547 1004 2595 Sopk.
1035 2549 1097 2585 El.
1119 2547 1198 2586 871
1224 2559 1281 2596 sq.
1313 2547 1416 2584 decet
1447 2547 1609 2584 Seruius
1638 2547 1704 2583 do-

162 2608 220 2640 cet
248 2603 397 2641 Nonius
432 2603 580 2641 addecet
609 2604 787 2653 Scaliyer
816 2604 992 2642 condecet
1028 2605 1187 2653 Maelely
1221 2617 1314 2642 mm.
1342 2605 1488 2652 pkiloll.
1526 2603 1631 2641 1857
1660 2615 1699 2650 p.

167 2659 260 2697 287.
301 2661 547 2708 Anapaestos
576 2660 782 2710 celebrique
812 2661 926 2710 gradu
949 2661 1120 2699 Gresst'un
1153 2673 1249 2698 nune
1279 2661 1356 2698 ade.
1388 2661 1491 2697 decet
1521 2671 1569 2697 ne
1600 2671 1703 2696 nunc

165 2717 315 2765 quidem
342 2719 462 2764 plane
492 2719 802 2766 repudiauerim=
839 2731 928 2755 nam
959 2718 1119 2756 chorum
1158 2721 1271 2756 eciam
1309 2728 1414 2755 nunc
1445 2718 1584 2753 azub’re
1613 2717 1707 2753 mihi

164 2774 298 2810 uideor
413 2773 466 2812 26
497 2775 702 2823 persensint
733 2772 809 2824 (uel
838 2774 1066 2824 persensere)
1105 2775 1230 2824 imperi
1264 2776 1516 2812 Hermamms
1553 2784 1702 2821 persen·

164 2829 271 2866 serim
310 2830 448 2879 imperii
475 2832 566 2868 libri
601 2833 848 2880 persenserint
885 2833 1023 2881 imperii
1057 2832 1247 2869 Bentinus
1290 2831 1416 2879 imperi
1454 2830 1705 2878 persenserint

166 2885 328 2924 Bothius
422 2887 474 2925 29
506 2887 568 2925 sed
601 2888 705 2925 ualde
735 2889 831 2937 Περ.
866 2889 1000 2925 Bamb.
1036 2890 1155 2926 Bern.
1191 2889 1306 2938 Sanq.
1340 2892 1375 2924 ce
1406 2888 1416 2923 i
1447 2888 1508 2923 uel
1539 2886 1550 2922 1
1582 2897 1700 2924 erasa

167 2942 276 2980 Grut.
309 2943 386 2981 sual
416 2943 461 2981 tle
483 2944 647 2982 Carolir.
737 2945 858 2995 regiae
888 2945 1018 2982 domus
1047 2946 1149 2992 Lips.
1175 2946 1195 2981 b
