1942 3204
285 184 399 221 LXVI
875 182 1225 221 COROLLARIVM

403 294 453 336 V.
475 294 530 335 99
558 308 617 348 sq.
656 292 787 335 Denis
820 296 866 335 ut
897 294 951 336 97
981 309 1040 349 sq.
1061 293 1266 336 duodenis
1299 293 1471 348 syllabis
1502 309 1686 359 paeones
1718 294 1804 338 effi-

285 365 455 407 ciendos
499 379 590 406 esse
635 362 794 407 amicus
839 366 1010 420 quidam
1061 364 1288 420 aliquando
1338 367 1578 421 putaverat,-
1626 382 1806 422 quorum

285 436 524 490 exemplum
556 436 636 478 hoc
667 437 907 491 proposuit:

587 507 662 563 qui
691 522 843 563 repens
877 509 1025 550 sonere
1057 508 1182 562 pulsu
1214 508 1335 563 graui

586 578 652 620 ul's
684 579 814 634 fores,
847 579 1027 634 strepitu
1059 581 1106 620 ut
1137 580 1377 621 exterreant
1409 580 1495 621 -‘?

286 653 359 691 aut
391 650 616 704 ‘strepitus
654 652 703 691 ut
739 650 928 691 terreat)
993 649 1052 691 At
1089 649 1172 691 ista
1210 650 1379 705 quidem
1418 651 1713 706 interpretatio
1751 653 1828 694 ab.

286 721 402 762 omni
435 722 625 762 omnium
658 721 931 762 metricorum
962 720 1127 762 ratione
1159 720 1370 763 abhorret.
1427 720 1587 763 Noster
1618 724 1729 764 certe
1759 725 1808 764 ut

285 792 499 833 senarium
544 792 646 833 dicit
694 792 935 834 trimetrum
985 791 1214 833 iambicum
1259 791 1484 834 duodecim
1536 793 1806 848 syllabarum,

285 863 551 904 octonarium
595 866 638 904 et
682 864 967 918 septenarium
1011 862 1201 904 iambum
1246 866 1340 905 octo
1385 866 1427 905 et
1463 866 1625 918 septem
1668 864 1805 918 plenis

284 934 463 988 pedibus
496 934 776 989 compositos,
807 934 909 976 item
935 934 1122 976 ionicum
1149 934 1436 988 septenarium
1463 934 1660 990 designat
1685 934 1804 977 Sota-

283 1005 408 1046 deum
439 1001 576 1047 tribus
609 1005 776 1060 ionicis,
809 1005 880 1061 qui
908 1005 1065 1060 singuli
1098 1005 1313 1060 syzygiam
1345 1005 1499 1060 pedum
1526 1006 1732 1061 efficiunt,
1763 1008 1806 1047 et

282 1076 457 1117 dimidio
501 1079 788 1132 constantem,
839 1080 881 1118 et
924 1079 1203 1131 anapaestum
1254 1077 1538 1132 octonarium,
1588 1077 1660 1132 qui
1709 1079 1804 1119 octo

282 1147 459 1202 pedibus
492 1147 681 1189 efficitur.
744 1147 877 1202 Atqui
914 1161 1053 1202 paeon
1086 1147 1325 1201 sescuplum
1362 1147 1512 1202 pedem
1543 1147 1804 1190 trochaicum

282 1219 343 1259 ita
369 1219 681 1273 complectitur,
713 1221 760 1260 ut
791 1219 881 1261 bini
913 1232 1096 1272 paeones
1123 1220 1268 1259 ternos
1299 1218 1428 1272 pedes
1454 1211 1670 1273 expleant:
1703 1231 1804 1273 ergo

282 1289 503 1330 duodecim
542 1290 696 1344 explet·
720 1292 902 1331 metrum
941 1292 1036 1331 octo
1074 1303 1303 1344 paeonum,
1341 1289 1453 1343 quod
1492 1289 1668 1343 paeonis
1703 1288 1802 1330 duo-

282 1360 444 1401 denarii
482 1361 654 1402 nomine
694 1361 974 1417 significatur,
1012 1360 1136 1415 quale
1172 1374 1209 1401 V.
1242 1360 1296 1401 97
1331 1374 1391 1414 sq.
1429 1360 1662 1401 exhibetur.
1735 1359 1803 1400 Ad

282 1431 543 1486 eandemque
574 1431 785 1474 rationem
818 1432 1014 1474 denarius
1047 1434 1089 1472 et
1128 1429 1410 1472 dimetiendus
1443 1434 1485 1472 et
1516 1430 1802 1472 restituendus

281 1505 356 1543 est.
419 1502 536 1552 Quae
576 1503 628 1544 ad
667 1503 871 1544 amussim
910 1502 1106 1557 quadrat,
1144 1501 1197 1555 si,
1239 1504 1286 1542 ut
1323 1502 1369 1543 in
1401 1501 1676 1543 adnotatione
1707 1516 1801 1556 pro-

280 1573 422 1627 posui,
460 1588 532 1615 sex
569 1588 771 1629 paeones,
814 1574 854 1615 h.
893 1588 925 1615 e.
967 1587 1121 1615 novem
1165 1571 1293 1626 pedes
1332 1573 1524 1628 sequitur
1565 1572 1802 1627 trochaeus,

281 1644 406 1697 plane
439 1644 491 1685 ad
523 1644 742 1686 Alcmanis
773 1645 877 1686 illud
910 1645 1150 1699 exemplum
1174 1639 1416 1696 Ἀφροδίτα
1450 1639 1532 1694 μὲν
1569 1640 1653 1683 οὐκ
1691 1638 1800 1696 ἔστι,

279 1713 449 1766 μάργος
479 1711 523 1754 δ’
554 1710 696 1768 ’Έρως
727 1707 798 1755 οἷα
828 1719 932 1762 παῖς
961 1713 1151 1756 παίσδει.
1193 1714 1346 1756 Deficit
1369 1714 1580 1768 semipede
1604 1714 1649 1755 in
1681 1713 1800 1768 quin-

281 1799 362 1839 que
394 1785 577 1840 creticis,
609 1801 715 1840 quos
747 1785 1016 1828 ditrochaeus
1049 1786 1248 1840 sequitur.

399 1855 596 1897 Ceterum
641 1857 935 1898 doctissimum
979 1857 1321 1912 grammaticum,
1365 1856 1482 1898 cuius
1526 1856 1583 1898 de
1625 1857 1800 1898 metris

279 1928 618 1982 fragmentum
650 1926 862 1970 Censorini
890 1927 1033 1968 libello
1054 1927 1262 1968 adnexum
1289 1926 1461 1981 legitur,
1492 1942 1666 1982 prorsus
1690 1939 1800 1969 vana

281 2000 406 2052 atque
438 1997 585 2052 iniqua
617 1998 801 2052 suspicio
833 2001 899 2040 est
934 1998 1107 2039 finxisse
1145 1998 1352 2053 quaedam
1384 1999 1674 2052 exemplorum
1705 2014 1798 2040 suo—

280 2083 387 2109 rum.
449 2067 594 2110 Finxit
626 2083 727 2110 sane
758 2070 824 2111 vel
861 2069 1184 2123 transfiguravit
1220 2083 1355 2123 pauca
1392 2069 1437 2109 in
1468 2069 1617 2110 ultimo
1650 2070 1798 2123 capite,

280 2139 391 2194 quod
423 2142 569 2186 tamen
600 2140 691 2194 ipse
719 2142 862 2195 aperte
888 2139 1092 2181 indicavit
1123 2140 1350 2182 ‘contraho
1383 2174 1391 2182 .
1424 2174 1433 2182 .
1466 2155 1586 2181 sumo
1619 2174 1627 2182 .
1660 2174 1668 2182 .
1700 2155 1797 2182 con-

280 2224 393 2264 pono
426 2244 434 2252 .
468 2244 476 2252 .
508 2211 617 2252 facio
651 2244 659 2252 .
687 2245 695 2252 .
728 2211 929 2252 adiciam'
965 2211 1120 2252 similia
1149 2211 1328 2253 addens:
1360 2226 1444 2266 quo
1470 2225 1557 2252 non
1582 2211 1798 2265 minuitur,

280 2281 352 2322 sed
385 2284 565 2336 augetur
583 2282 686 2323 fides
707 2282 796 2323 eius
822 2282 873 2324 de
898 2282 1060 2323 ceteris.
1105 2280 1187 2323 Sed
1218 2296 1343 2337 quem
1369 2284 1538 2336 praeter
1555 2269 1797 2324 Lucretium

279 2351 494 2394 Catullum
544 2352 783 2408 Vergilium
833 2352 1060 2395 Horatium
1116 2352 1332 2395 Tibullum
1381 2352 1598 2395 Lucanum
1647 2350 1799 2394 Naevii

278 2422 408 2464 Ennii
435 2423 553 2465 Accii
585 2424 844 2465 carminibus
864 2439 1096 2479 numquam
1116 2424 1338 2466 nominato
1361 2426 1531 2466 auctore
1558 2438 1680 2464 usum
1706 2437 1798 2464 esse

278 2496 393 2535 certo
432 2496 617 2549 constet,
655 2509 806 2536 eumne
844 2510 943 2537 suae
982 2495 1168 2537 fabricae
1205 2498 1446 2537 commenta
1487 2508 1563 2549 per
1605 2493 1797 2535 fraudem

277 2564 544 2606 inmiscuisse
575 2565 670 2607 ideo
701 2566 965 2622 putabimus,
1003 2566 1101 2621 quia
1131 2581 1219 2608 non
1251 2566 1447 2608 novimus
1478 2566 1688 2619 auctores,
1724 2567 1798 2605 aut

280 2635 378 2689 quia
409 2637 536 2689 paulo
568 2636 847 2678 insolentiora
878 2652 928 2679 ex
965 2640 1086 2692 parte
1118 2641 1254 2679 metra
1286 2637 1414 2679 sunt?
1475 2635 1556 2678 Sed
1588 2649 1613 2676 a
1643 2635 1796 2677 Plauto

280 2709 384 2760 quot
426 2721 698 2748 numerorum
744 2708 904 2761 species
949 2709 1210 2750 abiudicaret
1253 2707 1488 2763 artigraphi
1535 2706 1618 2747 ista
1660 2706 1796 2749 nostri

281 2777 499 2831 severitas,
536 2778 619 2818 nisi
657 2778 768 2819 felici
806 2778 895 2819 fato
941 2782 1109 2833 praeter
1145 2779 1282 2820 frusta
1319 2778 1559 2820 fabularum
1591 2779 1657 2818 tot
1687 2777 1794 2818 inte-
1840 2820 1844 2823 Δ

281 2860 381 2900 grae
414 2850 623 2890 extarent!
671 2848 729 2890 Et
761 2849 859 2903 quia
891 2850 1002 2903 apud
1035 2849 1237 2892 Senecam
1269 2849 1475 2892 octonarii
1506 2848 1678 2890 iambici
1707 2862 1796 2889 non
