1942 3204
267 183 346 225 168
905 182 947 215 L
973 181 1146 214 A'r‘r1vs

265 284 977 384 {ffiPatenuitisat013seme1a
1009 303 1198 358 genitus,
1232 302 1373 344 01111103

338 436 341 439 ,
945 398 1008 441 *VI
1042 396 1108 454 (4)

528 512 536 519 .
598 477 670 519 ubi
704 479 877 518 samonis
911 475 1145 518 Cithaeron

444 555 635 597 Frondet
666 554 952 596 uiridantibus
984 553 1095 594 fetis.

920 636 1006 678 VII
1039 634 1135 692 (13)

275 715 361 758 245
394 714 502 764 Quia
533 715 671 769 neque
703 715 898 755 uetustas
929 715 1068 768 neque
1099 728 1192 755 mos
1224 727 1362 768 neque
1393 711 1695 768 grandaeuitas

926 790 1035 833 VIII
1069 788 1136 847 (8)

387 867 445 910 Es
473 869 634 923 lanugo
667 868 774 909 fl6ra
807 883 922 909 nunc
954 868 1124 909 demum
1155 866 1318 923 inrigat

452 941 457 946 ·
557 936 558 939 ’
949 945 1011 986 IX
1045 943 1112 1002 (2)

532 1055 540 1063 .
601 1036 739 1077 neque
773 1023 839 1063 sat
870 1019 981 1077 fingi
1018 1037 1155 1077 neque
1189 1020 1277 1064 (11οί
1306 1023 1450 1077 potest,

387 1099 472 1142 Pro
504 1099 754 1155 magnitatc.

968 1169 1008 1212 X
1066 1171 1086 1212 1

270 1219 358 1320 ξέῧ
390 1248 570 1290 Laetum
603 1248 648 1290 in
680 1248 873 1290 Parnaso
906 1245 1019 1288 mter
1042 1168 1180 1302 <pi)11os
1212 1245 1521 1303 'nrlpudiantem
1552 1247 1597 1289 in
1628 1246 1798 1290 circulis

390 1325 555 1368 Ltidere
618 1359 627 1367 .
690 1359 698 1367 .
751 1333 768 1367 '.
831 1358 840 1367 .
903 1358 911 1367 .
974 1358 983 1366 .
1046 1325 1174 1380 {itque
1206 1325 1342 1367 ’caedis
1372 1325 1538 1381 ftilgere

360 1433 411 1466 VI
434 1433 526 1468 Non.
543 1433 628 1473 489,
645 1435 675 1465 '3
701 1431 838 1465 ‘fetis
863 1442 928 1474 pro
955 1431 1104 1467 fetibus.
1145 1432 1280 1464 Accius
1305 1431 1517 1464 Bacchis:
1541 1432 1637 1464 ubi’
1665 1443 1697 1465 0.
1715 1442 1750 1475 q.
1769 1443 1797 1466 s.

273 1478 464 1522 (Bacchi
495 1478 572 1511 sub
605 1476 746 1518 Bamb.)
862 1477 932 1509 VII
956 1477 1055 1511 Non„
1075 1478 1159 1518 116,
1186 1478 1227 1510 13
1260 1477 1626 1519 ‘grandaeuitam
1665 1477 1800 1511 Accius

278 1550 286 1559 .
301 1550 309 1557 .
324 1550 331 1557 .
356 1524 452 1556 idem
470 1522 626 1556 Bacchis
650 1548 658 1556 .
673 1547 680 1554 .
696 1525 724 1556 .'
819 1522 908 1556 VIII
935 1522 1084 1555 Seruius
1101 1523 1140 1554 in
1156 1523 1247 1555 Aen.
1264 1522 1334 1554 XII
1349 1523 1414 1555 605
1441 1522 1635 1555 ‘Probus
1658 1523 1713 1555 sic
1735 1523 1799 1556 ad-

273 1570 436 1603 notauit:
476 1569 702 1602 neotericum
729 1571 809 1600 erat
839 1568 973 1600 flauos’
1001 1567 1069 1609 (sic
1088 1567 1129 1601 P.
1154 1567 1290 1601 Daniel
1322 1567 1512 1599 ‘fluuium’
1538 1567 1656 1601 Paris.
1681 1567 1798 1610 7929);

273 1619 376 1657 ‘ergo
392 1615 486 1647 bene
515 1614 634 1646 floro
646 1616 680 1646 s'
703 1612 863 1655 (flores
880 1613 981 1653 Par„
1006 1623 1096 1648 corr.
1113 1613 1277 1655 Daniel),
1301 1615 1402 1645 ‘nam
1416 1612 1597 1655 sequitur:
1623 1615 1661 1646 et
1677 1624 1803 1647 roseas

274 1661 417 1694 laniata
442 1670 566 1702 genas.
593 1660 652 1692 Α(
664 1659 782 1691 cius’
810 1658 980 1699 (acciui
1002 1658 1099 1700 Pan,
1125 1668 1213 1692 corr.
1233 1658 1382 1699 Daniel)
1409 1659 1468 1691 (111
1493 1658 1801 1692 Bacchidibus

275 1704 399 1748 [XIII]
433 1705 471 1737 in
495 1704 625 1737 iisdem
652 1702 791 1747 [V111]'
817 1704 933 1736 Extat
965 1703 1069 1736 locus
1093 1703 1172 1736 solo
1196 1703 1234 1736 in
1258 1703 1341 1736 Par.
1454 1703 1508 1736 IX
1534 1704 1625 1738 Non.
1654 1705 1732 1746 136,
1757 1705 1801 1738 28

280 1751 553 1793 ‘magnitate
586 1760 651 1791 pro
685 1749 949 1792 magnitudine.
985 1748 1131 1802 ‚Accius
1163 1749 1336 1782 Vaeces
1366 1773 1376 1782 .
1401 1773 1409 1781 .
1435 1751 1463 1781 .’
1495 1729 1732 1803 (Bacchis
1745 1750 1800 1783 ed.

273 1795 383 1831 1526).
416 1795 473 1828 Of.
495 1794 682 1848 Euripidis
707 1795 844 1829 Bacch
861 1796 927 1827 273
952 1787 1020 1828 οὐκ
1044 1805 1093 1828 αν
1118 1793 1312 1836 δυναίμην
1327 1792 1494 1838 μέγεθος
1519 1788 1685 1836 ἐξειπεῖν
1709 1788 1796 1834 ὅσος

275 1836 379 1874 Καθ’
403 1835 559 1874 Emolb’
588 1838 706 1875 ἔσται.
798 1841 831 1872 Χ
855 1840 947 1872 Non.
973 1841 1056 1881 506,
1084 1840 1124 1872 18
1151 1839 1269 1881 fulg
1281 1850 1353 1872 ere
1378 1843 1546 1883 correpte
1572 1850 1637 1882 pro
1663 1839 1800 1882 fulgere

343 1886 512 1920 ,Accius
535 1885 696 1919 Bacchis
721 1910 734 1936 ¹,
748 1911 756 1919 .
779 1888 807 1918 .’
839 1885 1076 1937 comparauit
1101 1884 1265 1940 Scaliger
1289 1885 1393 1917 Coni.
1418 1896 1453 1928 p.
1478 1886 1522 1918 87
1547 1894 1592 1917 ex
1614 1885 1801 1936 Euripidis

273 1912 409 1965 Bacch.
434 1943 468 1964 u.
494 1932 560 1965 306
578 1942 656 1974 sqq.
684 1924 734 1963 ἐτ’
763 1924 883 1964 αὐτὸν
906 1923 998 1972 ὄψει
1021 1924 1116 1964 κάπὶ
1135 1927 1324 1972 Δελφίσιν
1348 1927 1506 1974 πέτραις
1524 1929 1716 1974 Πηδῶντα
1733 1924 1801 1965 σὺν

273 1987 454 2010 πευκαισι
480 1970 694 2019 δικόρυφον
718 1974 847 2009 πλάκα
871 1986 903 2011 κ,
930 1986 962 2008 τ.
988 1976 1019 2009 λ.

362 2084 443 2121 242
466 2085 613 2133 genitus
633 2083 720 2119 Euie
742 2083 919 2131 Scaliyer
939 2084 1085 2132 genuus
1107 2083 1211 2119 cuhia
1231 2082 1326 2118 Par.
1342 2081 1445 2119 Med.
1467 2095 1491 2119 a
1513 2084 1657 2131 genitus
1679 2083 1802 2120 euchia

275 2142 387 2190 Anql.
417 2140 484 2189 (cf.
507 2140 689 2178 Lobeclcii
707 2139 895 2188 Aylaoph.
916 2140 965 2177 ΙΙ
993 2138 1114 2187 1044)
1144 2152 1179 2188 g.
1212 2137 1312 2175 eubia
1341 2139 1442 2176 Med.
1465 2140 1486 2176 b
1509 2139 1648 2178 Salisb.
1676 2152 1712 2189 g.
1736 2140 1802 2177 Eu-

279 2199 385 2247 thyus
423 2199 545 2235 celeri
580 2198 672 2234 libri
699 2197 822 2246 genite
843 2195 977 2244 Euhie,
1016 2201 1057 2234 ut
1087 2198 1173 2234 olim
1202 2200 1436 2243 anapaestos
1470 2197 1663 2234 dimensus
1690 2198 1803 2244 edidi,

278 2257 414 2292 Icmius
444 2265 594 2303 quoque
617 2255 864 2291 commendat.
898 2253 1057 2302 genitus.
1084 2273 1130 2279 —-
1156 2252 1223 2300 Eu,
1245 2252 1378 2301 Thyiae
1396 2253 1559 2290 Bolhius
1644 2252 1726 2290 243
1746 2265 1804 2302 sq.

277 2313 522 2359 Anapaestos
550 2313 706 2359 aynouit
735 2311 888 2348 Grotius
1003 2309 1084 2347 245
1115 2311 1202 2359 quin
1232 2320 1349 2357 neque
1373 2320 1492 2357 mors,
1523 2311 1657 2347 deletis
1686 2321 1804 2359 neque

277 2373 453 2417 uetustas,
475 2368 638 2405 Bothius
661 2367 684 2404 2
767 2379 846 2404 mos
871 2366 1031 2405 Bothius
1050 2378 1147 2403 mors
1167 2367 1259 2404 libri
1344 2365 1424 2404 246
1446 2367 1477 2402 01
1499 2367 1618 2414 sripsi
1635 2371 1673 2403 et
1692 2367 1803 2414 Par„

277 2427 416 2463 Daniel
518 2424 652 2474 lanugo
683 2424 825 2461 Daniel
853 2424 984 2473 laguna
1013 2424 1109 2461 Par.
1206 2422 1296 2459 flora
1325 2422 1546 2460 Scriuerius
1583 2422 1676 2459 floro
1706 2424 1802 2461 Par.

389 2493 486 2519 nunc
515 2492 625 2530 genas
655 2481 798 2518 demum
828 2483 941 2529 uulyo
1056 2478 1136 2517 247
1167 2489 1284 2528 neque
1313 2483 1369 2515 sat
1399 2483 1490 2516 ante
1517 2478 1693 2517 Aldinam
1723 2491 1803 2516 nam

278 2551 369 2588 quac
389 2551 419 2576 s.
440 2539 530 2576 libri
605 2534 740 2588 neque]
763 2549 809 2574 110
828 2538 933 2575 Leid.
1011 2536 1231 2574 249—251
1255 2536 1443 2573 Numeros
1464 2538 1652 2573 reuocaui
1669 2537 1804 2584 quales

276 2599 421 2644 prioris
450 2606 588 2633 uersus
617 2597 692 2631 iam
714 2594 890 2643 Scaliyer
911 2598 1136 2642 ccynoueral‚
1169 2606 1193 2631 α
1223 2593 1332 2630 cuius
1362 2594 1594 2629 auctoritate
1617 2594 1805 2640 poetandi

280 2656 408 2690 nescio
439 2664 512 2700 quo
539 2651 681 2698 furore
701 2650 898 2688 Bacchico
929 2652 1114 2698 abreptus
1145 2654 1181 2687 et
1208 2651 1382 2697 exemplo
1406 2649 1615 2695 Euripideo
1635 2659 1666 2685 s.
1688 2650 1714 2685 l.
1746 2652 1801 2686 in-

280 2713 442 2747 stinctus
471 2710 557 2746 olim
587 2717 839 2745 recesseram.
893 2708 941 2744 Αι
970 2708 1044 2745 hoc
1075 2709 1209 2744 saltem
1237 2709 1313 2744 iam
1352 2710 1428 2743 tum
1457 2707 1634 2742 intellexi
1661 2704 1803 2754 fulgere

280 2779 356 2804 non
390 2776 506 2813 posse
535 2777 610 2802 non
648 2777 672 2802 a
701 2767 950 2813 yrammalico
979 2766 1018 2800 in
1049 2767 1158 2801 exitu
1196 2774 1335 2800 uersus
1362 2764 1501 2800 lectum
1525 2761 1674 2809 fuisse.-
1712 2772 1804 2810 erqo

280 2825 425 2860 lacuna
447 2824 588 2859 euitare·
606 2824 748 2870 nequit.
845 2820 924 2858 251
953 2820 1078 2858 ludere
1097 2825 1206 2868 atque
1237 2819 1350 2856 taedis
1380 2819 1552 2867 Scaliyer
1581 2817 1667 2854 ludo
1697 2824 1804 2866 atque

284 2879 394 2915 taedis
425 2880 529 2924 libri,
569 2881 642 2915 nisi
678 2879 780 2926 quod
808 2877 899 2914 tedis
920 2878 1054 2914 Bamb.
1087 2876 1234 2923 ludere,
1273 2875 1383 2912 taedis
1415 2876 1476 2912 uel
1505 2873 1590 2910 ludo
1622 2885 1661 2910 ac
1691 2874 1803 2911 taedis
