1942 3204
237 179 335 216 LXII
825 181 1174 219 COROLLARIVM

238 293 280 331 et
306 290 537 332 avunculus
565 289 645 332 dici
672 292 829 345 potuit:
862 306 962 333 nam
989 292 1137 334 matris
1168 292 1302 334 sorori
1328 293 1399 348 qui
1418 293 1596 335 maritus
1622 292 1760 336 fuerat
1797 331 1799 333 ,

238 362 493 403 avunculum
525 360 684 404 Seneca
721 377 888 418 quoque
926 363 1113 418 appellat
1150 363 1194 404 in
1226 378 1339 405 cons.
1372 364 1424 405 ad
1454 363 1575 406 Helv‘.
1611 365 1681 419 19,
1717 365 1758 406 4.

238 432 418 474 Videtur
437 436 579 475 autem
598 434 689 488 ipse
710 434 798 488 Itys
819 434 1022 476 liberator
1040 435 1110 475 ille
1125 436 1167 475 et
1185 435 1452 490 tyrannicida
1470 435 1612 491 fuisse,
1632 450 1756 490 quem

237 519 332 545 cum
375 503 508 546 Bruto
554 505 772 559 componit
809 504 967 547 Cicero.
1034 504 1177 562 thue
1222 506 1502 548 ablativorum
1547 508 1757 548 structura

235 576 404 630 planius
431 578 652 630 appareat,
676 575 858 617 fortasse
883 590 1004 630 nepos
1030 577 1245 618 addendus
1273 579 1337 618 est
1366 577 1480 618 hunc
1509 577 1555 618 in
1584 577 1756 619 modum

526 658 540 692 .'
568 681 576 688 .
609 680 617 688 .
651 680 658 688 .
691 657 706 692 ‚¹
733 680 741 688 .
773 661 911 689 nouus
943 649 1076 702 nepos
1107 647 1249 690 nouod
1282 648 1491 689 auunculo

354 717 405 759 V
426 718 511 760 663
535 718 699 774 inpellit
723 719 933 773 scriptura
953 733 1002 760 ex
1028 718 1166 760 forma
1190 719 1353 773 inpellei
1377 721 1520 773 potest
1539 722 1633 761 orta
1651 734 1754 762 esse.

354 787 405 831 V
444 790 540 832 668.
608 789 784 831 Minime
822 792 980 832 certam
1022 804 1114 832 esse
1152 789 1290 832 iudico
1327 785 1610 846 trisyllabam,
1648 805 1755 854 quae

235 859 279 901 L.
312 858 516 901 Muellero
547 860 724 916 placuit,
755 861 941 902 nominis
973 861 1118 904 Peleus
1147 861 1328 902 formam
1367 861 1479 915 apud
1517 861 1754 903 scaenicum

235 933 424 985 poetam,
475 932 547 1009 qui
589 932 741 974 Atrms
784 931 934 974 Per-seu
984 932 1139 973 similia
1187 932 1300 973 binis
1345 932 1518 987 syllabis
1567 932 1754 987 proferre

235 1002 510 1044 consueverit.
543 1001 625 1043 Ε1
655 1004 797 1056 potest
827 1005 997 1057 praeter
1026 1002 1289 1044 trochaicum
1315 1003 1596 1059 octonarium,
1629 1018 1758 1077 quem

235 1073 335 1113 olim
375 1073 587 1128 discripsi,
619 1072 748 1114 etiam
780 1073 951 1116 iambici
983 1074 1190 1116 octonarii
1221 1073 1403 1115 frustum
1435 1074 1583 1116 fuisse:

346 1145 431 1185 iam
462 1144 574 1186 hanc
605 1144 754 1185 urbem
785 1145 896 1186 ferro
928 1145 1096 1187 uastam
1127 1145 1255 1186 faciet
1285 1143 1435 1186 Peleus
1467 1179 1640 1188 .....

354 1215 575 1257 Traditum
614 1215 659 1256 in
695 1230 732 1256 v.
765 1216 850 1257 679
889 1217 993 1270 biyis
1029 1216 1258 1257 defendens
1295 1214 1577 1258 Buechelerus
1609 1231 1659 1258 ex
1691 1232 1752 1259 se-

234 1288 461 1343 quentibus
493 1286 668 1329 verbum
693 1286 932 1328 eruendum
970 1289 1110 1342 putat,
1150 1286 1261 1328 unde
1291 1288 1428 1329 sidera
1459 1287 1753 1342 suspendatur,

234 1360 349 1401 velut
372 1360 506 1401 inuisc
532 1359 629 1410 tuis,
661 1358 706 1399 in
731 1358 814 1399 fine
835 1360 977 1399 autem
1004 1357 1116 1413 quod
1142 1358 1297 1413 legitur
1320 1359 1462 1412 spoliis
1485 1358 1752 1400 abiciendum

235 1432 282 1471 ut
313 1432 462 1471 natum
495 1444 545 1471 ex
576 1429 650 1471 illo
674 1429 808 1483 polus.
857 1428 965 1470 Mihi
996 1443 1096 1470 vero
1127 1429 1246 1483 biyis,
1280 1429 1391 1484 quod
1422 1443 1498 1484 per
1529 1443 1572 1470 se
1604 1431 1751 1483 aptum

233 1515 324 1542 esse
356 1516 443 1542 non
475 1514 604 1556 nego,
642 1501 777 1541 multo
808 1499 974 1541 videtur
1010 1499 1272 1554 probabilius
1311 1500 1371 1541 sic
1403 1499 1600 1542 collocari
1621 1515 1630 1541 :
1650 1500 1753 1553 biyis

231 1571 419 1613 Permide
447 1572 608 1625 polum,
651 1571 760 1613 falso
806 1573 947 1612 autem
991 1571 1085 1612 loco
1128 1571 1334 1612 insertum
1385 1570 1595 1625 expulisse
1639 1570 1752 1626 quod

234 1643 469 1684 rectissime
501 1642 665 1684 invenit
695 1641 876 1684 Bothius
908 1642 1025 1684 binis.

348 1713 400 1755 V.
433 1714 516 1756 689
548 1714 625 1755 rite
657 1727 752 1755 cum
785 1711 999 1768 Scaligero
1030 1727 1118 1755 non
1150 1713 1330 1754 coniciet
1366 1713 1437 1768 qui
1470 1715 1512 1754 et
1542 1712 1749 1755 Varronis

229 1785 360 1827 verba
379 1787 572 1826 accurate
604 1785 755 1839 legerit
780 1787 822 1826 et
848 1784 983 1825 multo
1002 1783 1211 1825 tritiorem
1238 1798 1328 1825 esse
1361 1783 1618 1825 locutionem
1650 1784 1750 1825 ‘rite

229 1856 426 1910 perfectis
460 1856 610 1897 sacris'
645 1870 772 1910 quam
804 1855 921 1896 illam
954 1856 1094 1896 ‘recte'
1129 1854 1389 1909 cogitaverit.

347 1927 399 1968 V.
432 1927 529 1969 692.
586 1925 749 1981 Errori,
782 1940 864 1980 quo
888 1925 1124 1979 pallescit
1152 1927 1364 1967 mutatum
1396 1926 1461 1966 est
1491 1925 1536 1966 in
1564 1926 1748 1979 patescit,

232 1997 368 2039 simile
407 2000 472 2038 est
510 1997 622 2052 quod
658 1997 704 2039 in
749 1996 905 2039 Catulli
949 1996 1224 2052 epithalamio
1262 2010 1431 2038 versum
1452 1996 1526 2043 ‚20
1562 1994 1746 2037 Lauren-

229 2069 372 2110 tianus
405 2069 535 2110 codex
566 2083 696 2110 manu
727 2069 867 2123 priore
899 2068 958 2109 sic
990 2068 1194 2122 scriptum
1228 2064 1416 2109 exhibet:

494 2138 683 2194 Hespere
717 2139 788 2194 qui
820 2140 935 2181 caelo
959 2140 1098 2193 potuit
1127 2138 1335 2180 crudelior
1364 2138 1476 2194 ignis

229 2211 301 2253 ubi
333 2212 461 2252 ceteri
492 2210 595 2252 boni
627 2224 774 2252 omnes
806 2224 902 2252 cum
933 2209 1136 2251 Thuaneo
1164 2209 1297 2262 fertur
1326 2210 1542 2264 praebent.
1595 2207 1744 2249 Ortum

230 2281 334 2323 illud
365 2282 568 2323 nimirum
600 2284 664 2324 est
695 2296 746 2323 ex
776 2281 856 2323 hoc
879 2281 1026 2335 pallet,
1058 2294 1142 2335 quo
1175 2294 1276 2322 sane
1307 2279 1356 2322 fit
1385 2282 1433 2322 ut
1462 2279 1606 2321 laudes
1637 2279 1744 2321 Hes-

230 2353 319 2406 peri
350 2367 386 2394 v.
419 2354 475 2395 26

480 2423 688 2479 Hespere,
721 2423 792 2479 qui
824 2423 940 2465 caelo
973 2422 1075 2466 lucet
1103 2421 1326 2466 iucundior
1356 2422 1498 2478 ignis?

227 2495 361 2537 multo
393 2495 641 2537 concinnius
673 2495 959 2550 respondeant
989 2495 1256 2537 execrationi.

345 2565 390 2608 P.
423 2567 506 2609 227
540 2567 621 2609 inc.
652 2566 735 2608 fab.
770 2565 902 2608 XLII.
965 2565 1086 2615 Quod
1117 2565 1325 2607 Lucilium
1359 2562 1576 2618 scripsisse
1607 2561 1652 2604 C.
1684 2561 1740 2603 M.

226 2636 448 2680 Francken
479 2638 523 2679 in
553 2637 847 2680 Coniectaneis
872 2636 1028 2678 criticis
1055 2637 1108 2678 ad
1133 2636 1294 2679 Luciliiv
1313 2636 1518 2678 librorum
1544 2633 1741 2674 decadem

227 2709 454 2750 secundam
486 2712 528 2750 et
558 2709 728 2751 tertiam
759 2724 798 2764 p.
835 2709 884 2750 11
919 2708 1175 2762 suspicatur:

477 2794 605 2835 quare
636 2794 713 2835 pro
745 2780 851 2822 facie
882 2793 960 2834 pro
993 2782 1156 2822 statura
1187 2776 1308 2827 ἄξιος
1337 2772 1455 2829 ὠνῆς

226 2865 313 2892 11011
344 2851 653 2906 proposuisset,
692 2851 859 2906 opinor,
897 2851 933 2892 si
963 2849 1186 2892 Ritschelii
1224 2849 1274 2890 de
1310 2848 1509 2890 fictilibus
1541 2846 1739 2888 litteratis
