1942 3204
0 0 130 54 5³⁶*-

774 195 824 231 M.
850 193 1089 228 PAcvvws
1628 188 1707 233 107

834 299 940 343 XXI
973 297 1041 357 (9)

173 376 462 434 2408111110,
492 379 634 435 pater,
665 379 708 421 te
740 378 860 421 uocis
892 377 1004 421 cailui
1036 375 1328 420 similitudine.

810 454 939 498 XXII
972 452 1070 512 (10)

293 567 303 577 .
335 567 344 576 .
378 567 386 576 .
419 533 492 576 sed
525 532 629 590 quid
661 533 910 590 conspicio?
942 536 1047 576 mim
1078 546 1146 574 me
1177 531 1344 573 lactans
1377 530 1562 572 cziluitur

293 610 458 654 Aetas?

800 686 952 731 XXIII
985 684 1083 744 (22)

294 780 433 822 neque
465 790 521 797 —
555 790 610 796 -
645 762 941 823 [profundum]

674 848 823 892 XXIV
855 846 958 906 (inc.
989 850 1099 905 trag.
1132 845 1209 904 36)

295 926 444 971 Cicero
477 927 528 970 de
559 929 648 970 nat.
681 927 795 971 deor.
826 926 893 969 ΙΙΙ
923 926 994 982 19,
1025 926 1082 970 48
1115 924 1242 981 ‘quid
1273 923 1450 966 Medeae
1482 920 1712 977 responde-

174 1004 240 1048 bis
274 1039 282 1047 .
315 1039 323 1046 .
356 1038 365 1047 .
397 1005 499 1060 quid
537 1005 666 1048 huius
698 1004 890 1061 Absyrto
927 1003 1071 1060 fratri,
1109 1003 1182 1059 qui
1220 1004 1286 1044 est
1323 999 1437 1056 apud
1474 998 1713 1041 Pacuuium

174 1081 511 1139 Aegialeus?’
546 1080 827 1140 (egialeuis
859 1081 976 1124 Leid.
995 1079 1053 1139 B)
1086 1080 1183 1123 ‘sed
1213 1079 1320 1122 illud
1340 1091 1500 1121 nomen
1518 1078 1713 1119 ueterum

171 1159 327 1203 litteris
358 1160 588 1203 usitatius?

831 1266 1054 1310 NIPTRA

865 1344 887 1388 1
919 1342 1017 1402 (10)

294 1420 409 1485 Cedo
440 1424 564 1465 tuum
594 1421 748 1479 pedem
773 1422 850 1478 mi,
880 1421 1039 1478 lumpis
1070 1421 1195 1464 flziuis
1226 1420 1389 1463 flauum
1414 1423 1464 1464 ut
1489 1422 1713 1477 puluerem

174 1553 314 1590 mine?
354 1554 436 1597 quis
459 1552 592 1586 mulier
620 1553 798 1587 habemus
823 1556 861 1586 et
884 1553 923 1586 in
947 1551 1067 1585 Ennio
1098 1554 1136 1585 et
1161 1552 1199 1585 in
1225 1552 1387 1586 Pacuuio
1414 1555 1452 1585 et
1476 1553 1513 1585 in
1539 1553 1620 1595 ipso
1645 1552 1713 1586 Te-

172 1599 324 1633 rentio)
371 1598 465 1632 Non.
493 1599 579 1641 198,
606 1600 624 1632 1
656 1599 773 1632 ‘cuis
801 1602 839 1632 et
869 1598 998 1642 generi
1023 1597 1200 1631 feminino
1226 1598 1380 1632 attribui
1413 1608 1521 1641 posse
1547 1600 1714 1631 ueterum

126 1644 132 1654 '
173 1644 378 1678 auctoritas
408 1644 528 1678 uoluit
557 1669 566 1678 .
586 1668 594 1677 .
615 1668 624 1678 .
654 1644 853 1678 Pacuuius:
885 1644 989 1687 quis'
1023 1653 1054 1676 e.
1081 1653 1116 1686 q.
1142 1653 1172 1676 s.
1218 1642 1356 1676 Iuliani
1388 1646 1565 1687 excerpta
1595 1643 1634 1676 in
1664 1643 1712 1675 H.

175 1689 290 1724 Keilii
315 1700 467 1733 gramm.
494 1690 596 1723 Latt.
620 1689 693 1723 uol.
712 1691 744 1723 V
769 1700 803 1732 p.
827 1690 894 1723 319
920 1689 1146 1732 ‘quisnam
1171 1688 1368 1722 masculini
1392 1690 1540 1732 generis
1567 1692 1624 1722 est
1649 1694 1714 1721 aut

174 1735 370 1769 feminini?
401 1734 508 1779 Apud
533 1737 680 1769 ueteres
705 1745 892 1769 commune
918 1743 1034 1778 genus
1059 1733 1278 1768 habebatur.
1314 1735 1373 1767 Da
1399 1735 1478 1767 eius
1496 1733 1713 1777 exemplum.

176 1780 389 1822 Quisnam
415 1791 462 1814 es
492 1783 537 1813 tu
569 1805 577 1814 .
598 1805 607 1814 .
628 1806 636 1814 .
667 1780 894 1815 nomine?’
987 1778 1077 1812 XXI
1102 1779 1208 1812 XXII
1234 1780 1328 1813 Non.
1354 1781 1387 1819 6,
1412 1781 1455 1813 29
1487 1779 1716 1812 ‘caluitur

173 1825 311 1860 dietum
339 1829 396 1859 est
419 1826 623 1859 frustratur
651 1851 660 1860 .
680 1851 688 1860 .
708 1851 718 1861 .
745 1826 932 1859 Pacuuius
956 1824 1083 1858 Medo:
1109 1825 1229 1858 sentio
1253 1849 1261 1857 .
1281 1849 1290 1858 .
1310 1850 1319 1858 ,
1343 1825 1599 1860 similitudine.
1641 1824 1714 1857 Sed

177 1871 288 1915 quid’
313 1881 346 1908 e.
365 1881 399 1914 q.
418 1881 448 1907 s.
518 1871 646 1906 XXIII
669 1872 808 1905 Festus
833 1882 867 1915 p.
884 1872 951 1904 229
967 1871 1016 1904 Μ.
1044 1868 1355 1913 ‘[pr0fundum
1380 1870 1518 1903 dicitur
1540 1870 1578 1903 id
1602 1867 1712 1913 quod]

177 1916 290 1950 altum
317 1920 375 1950 est
400 1927 444 1950 ac
469 1916 621 1950 fundum
648 1915 778 1960 [habet
802 1916 922 1960 longe.
946 1913 1152 1959 Pacuuius]
1179 1916 1224 1948 in
1248 1915 1394 1949 Medo:
1426 1926 1571 1959 neque
1605 1940 1707 1949 .....

180 1987 303 1997 ......
313 1965 324 1982 ’
397 1961 621 1996 Coniectura
647 1963 779 2006 partim
804 1965 905 1996 certa
928 1961 1080 1995 adiunxi
1105 1961 1176 1994 inc.
1201 1961 1280 1995 fab.
1306 1960 1713 2003 Xxxv-XXXVIlL

173 2008 245 2042 inc.
270 2008 344 2042 inc.
370 2007 447 2042 fab.
471 2007 581 2042 XCV.
604 2007 762 2043 XCVIII
786 2018 839 2051 sq.
871 2007 931 2043 01.
958 2005 1043 2048 0113
1069 2006 1239 2040 Halmius
1274 2006 1419 2040 addidit
1444 2008 1516 2042 inc.
1540 2007 1613 2040 inc.
1637 2006 1712 2040 fab.

262 2098 411 2132 Nmm
437 2097 559 2140 (facta
583 2098 631 2132 ad
655 2097 849 2141 Sophoclis
877 2097 1077 2142 exemplar)
1104 2098 1120 2131 1
1152 2097 1294 2132 Gellius
1325 2097 1360 2130 11
1384 2098 1445 2139 26,
1474 2099 1515 2131 13
1542 2097 1715 2131 ‘flauus

176 2147 307 2178 eontra
331 2143 482 2178 uidetur
504 2155 524 2178 e
542 2144 654 2178 uiridi
679 2148 717 2178 et
742 2144 826 2178 rufo
844 2147 883 2178 et
909 2143 993 2177 albo
1012 2147 1205 2178 concretus
1228 2168 1237 2177 .
1251 2168 1260 2177 .
1275 2169 1284 2177 .
1306 2143 1360 2177 sic
1377 2143 1490 2176 multo
1516 2145 1623 2177 ante’
1650 2142 1717 2186 (sc.

175 2189 397 2234 Vergilium)
432 2190 683 2229 ‘Bacuuius
709 2200 840 2233 aquam
866 2189 1001 2222 flauam
1026 2189 1121 2222 dixit
1145 2192 1184 2222 et
1208 2188 1342 2222 flauum
1369 2188 1577 2232 puluerem,
1612 2189 1716 2222 cuius

173 2245 323 2277 uersus,
357 2235 528 2278 quoniam
555 2238 641 2269 sunt
667 2234 938 2277 iucundissimi,
966 2235 1087 2269 libens
1112 2235 1340 2268 commemini
1363 2237 1439 2269 ...⁷

174 2391 237 2440 qui
266 2401 323 2428 me
354 2391 423 2428 hoc
452 2390 612 2440 Pompei
649 2393 898 2440 exemplaria
938 2393 1024 2429 rell.
1063 2391 1193 2428 mulier
1232 2401 1324 2440 quae
1356 2395 1426 2427 tam
1465 2389 1587 2439 (quem
1625 2395 1717 2426 etam

178 2447 314 2494 Bem,
347 2450 375 2486 i.
407 2458 440 2484 e.
474 2458 565 2497 qnae
596 2459 653 2486 me
684 2448 769 2496 tam)
800 2449 949 2486 Iuliani
977 2459 1064 2486 exc.
1154 2448 1298 2485 insueto
1330 2460 1400 2485 om.
1431 2447 1637 2494 Pompeius
1666 2447 1719 2483 in·

177 2509 357 2542 consueto
389 2503 621 2552 (inconsuetu
642 2504 777 2554 Bern.)
798 2506 945 2543 Iuliani
973 2516 1062 2544 exc.
1151 2515 1339 2553 nuncupas
1361 2505 1492 2542 eadem
1581 2502 1663 2541 240
1684 2508 1719 2539 te

180 2561 304 2598 uxoris
339 2561 465 2599 Vrbin.
489 2561 570 2599 307
688 2562 779 2599 calui
811 2562 900 2599 libri
923 2564 1102 2611 plerique
1133 2562 1226 2598 catui
1258 2562 1306 2598 W
1330 2561 1436 2598 Leicl.
1469 2566 1549 2609 caty
1579 2560 1717 2596 Bamb.

175 2629 198 2667 y
229 2620 448 2655 recentiore
477 2630 597 2656 manu
619 2621 768 2667 scripta
857 2618 937 2656 241
970 2619 1151 2668 conspitio
1173 2618 1311 2655 Bamb.
1401 2617 1481 2653 242
1513 2622 1610 2652 aetas
1630 2617 1722 2652 libri

176 2678 306 2711 Aeetes
337 2674 541 2722 Berqlcius
570 2677 596 2712 l.
629 2677 655 2713 l.
683 2688 723 2724 p.
747 2675 799 2714 78
918 2674 999 2712 244
1040 2681 1140 2712 11111111
1171 2675 1224 2712 M.
1254 2675 1440 2712 Hertzius
1478 2677 1516 2709 ιῡ
1558 2672 1640 2709 Vat.
1681 2669 1719 2708 ιιῖ

176 2731 278 2769 Roll.
302 2735 420 2768 tamen
442 2733 565 2769 celeri
620 2733 669 2770 mi
690 2732 977 2780 Peerlkampus
998 2733 1051 2769 ad
1082 2732 1191 2780 Very.
1214 2733 1307 2768 Aen.
1332 2732 1406 2767 nol.
1429 2728 1453 2766 I
1469 2741 1510 2776 p.
1529 2728 1624 2775 292,
1647 2740 1718 2765 om.

174 2788 265 2824 libri
293 2787 378 2824 mihi
409 2787 574 2826 Bothius
605 2793 705 2825 tuum
739 2791 826 2827 olim
858 2789 1086 2826 addideram
1117 2790 1184 2837 qui
1214 2793 1331 2824 tamen
1363 2787 1616 2822 retinuissem.

176 2843 308 2892 lumpis
338 2844 575 2882 Riese-helius
600 2855 735 2893 opusc.
758 2845 806 2883 11
825 2845 909 2884 490
939 2845 1206 2894 lymphis-libri
1292 2838 1446 2892 flauum]
1480 2841 1602 2878 sanum
1624 2841 1720 2890 Rey.

178 2900 278 2937 Rou.
311 2899 451 2938 luluum
481 2901 615 2939 Palat.
648 2906 743 2940 leste
773 2903 819 2940 A.
843 2902 953 2939 Maio
984 2904 1021 2938 in
1052 2902 1265 2939 Frontonis
1297 2900 1354 2936 ed.
1386 2899 1496 2936 Rom.
1525 2909 1565 2946 p.
1590 2897 1670 2936 338
