1942 3204
806 229 850 263 L.
878 227 1053 263 AT'rlvs
1394 185 1397 188 Δ
1618 228 1696 272 137

843 334 910 378 111
943 333 1012 393 (3)

404 445 412 454 .
445 426 501 455 an
533 414 704 469 sebptra
735 413 822 455 iam
854 412 1040 456 flaesnt‘?
1073 413 1197 456 ferat.
1266 461 1270 465 ,

725 525 1123 570 MYRMIDONES

861 604 882 647 I
915 603 983 662 (1)

274 680 339 723 Tu
372 682 655 738 peirtinaciam
687 683 798 739 ὁεεθ,
829 682 1082 739 Antiloche,
1111 682 1226 726 hanc
1257 683 1501 739 praefflicas,

215 758 243 801 5
274 758 372 815 Ego
405 759 692 815 pdruicaciam
724 761 793 804 aiio
826 763 870 803 et
900 775 951 803 ea
982 775 1050 803 me
1083 759 1152 803 utl‘
1181 761 1299 803 uolo:

271 836 392 880 Haec
423 837 550 880 fdrtis
582 838 793 894 sequitur,
823 836 946 881 sslam
977 838 1141 881 indocti
1172 839 1408 894 p6ssident.

272 914 337 957 Tu
370 914 494 958 addis
526 916 641 971 quod
672 916 780 959 uitio
813 918 896 972 est,
928 916 1063 959 domis
1095 916 1210 972 quod
1241 916 1363 959 laudi
1392 917 1541 961 datur:

273 991 389 1035 Nam
420 993 689 1049 pdruicacem
721 992 806 1037 dici
838 1009 905 1036 me
938 1008 1031 1036 esse
1063 996 1107 1037 et
1137 992 1311 1037 uincere

271 1069 484 1113 Perfacile
515 1071 676 1127 patior,
706 1072 973 1128 p6rtinacem
1003 1070 1069 1115 nss
1100 1087 1258 1116 moror.

852 1149 897 1193 ΙΙ
930 1147 998 1208 (6)

187 1197 243 1299 ᾖ)
274 1225 434 1270 Clzissis
465 1226 637 1270 trahere
668 1226 716 1269 in
748 1228 887 1271 salum
921 1226 1021 1286 [me]
1056 1230 1100 1271 eb
1130 1229 1228 1272 uela
1259 1230 1490 1272 asatorum
1522 1230 1693 1272 animae

1233 1305 1468 1349 immsttere

839 1378 907 1420 111
939 1375 1008 1436 (2)

273 1454 374 1498 Mea
405 1455 522 1498 faeieta
552 1455 599 1498 in
631 1456 720 1498 acie
754 1453 880 1499 oblsti
912 1490 1088 1499 .....

840 1533 904 1577 IV
937 1531 1005 1592 (5)

274 1610 454 1667 Quodsi,
486 1613 535 1653 ut
566 1611 727 1667 decuit,
765 1612 902 1655 staires
933 1626 1101 1654 mecum
1140 1614 1216 1654 aut
1247 1614 1367 1655 mdus
1402 1611 1475 1670 [te]
1511 1615 1693 1656 1111111813-

1227 1692 1294 1733 rest
1325 1691 1466 1747 dolor,

245 1797 302 1830 111
326 1796 418 1829 Non.
446 1796 528 1836 110,
556 1797 597 1829 12
623 1795 840 1830 ‘flaccet’
868 1795 1038 1839 (flacet
1061 1798 1122 1837 W)
1156 1796 1348 1840 ‘lauguet,
1375 1797 1502 1831 deficit
1524 1823 1532 1832 .
1556 1823 1564 1832 .
1586 1823 1595 1832 .
1626 1798 1695 1831 Ac-

156 1843 236 1875 cius
263 1841 427 1875 Achille:
455 1844 522 1874 an’
547 1851 577 1874 e.
604 1852 638 1884 q.
665 1851 694 1876 s.

247 1888 394 1920 Incerta
419 1887 632 1920 coniectura
657 1889 773 1921 statui
800 1887 955 1921 eandem
975 1887 1141 1921 fabulam
1166 1888 1282 1922 fuisse
1307 1888 1507 1922 Acunum
1534 1893 1573 1922 et
1594 1889 1698 1922 Myn-

156 1943 323 1967 mnouss
349 1932 640 1976 (Mvuumouzs)
699 1934 718 1967 1
750 1934 842 1967 Non.
873 1935 958 1975 433,
987 1936 1003 1967 1
1039 1934 1331 1977 ‘peruicacia
1363 1939 1400 1967 et
1432 1935 1696 1977 pertinacia

156 1979 224 2012 hoc
241 1979 398 2012 distant:
425 1979 641 2022 peruicacia
667 1983 724 2012 est
748 1978 931 2012 interdum
956 1980 1135 2013 bonarum
1153 1990 1272 2013 rerum
1291 1981 1586 2023 perseuerantia,
1613 1991 1693 2023 per-

156 2025 297 2058 tinacia
328 2034 473 2068 semper
497 2023 688 2058 malarum.
734 2024 868 2057 Accius
900 2025 1210 2067 Myrmidonibus:
1243 2028 1304 2058 tu’
1331 2037 1362 2058 e.
1389 2036 1423 2068 q.
1452 2035 1480 2058 s.
1519 2024 1694 2068 (perse-

156 2070 369 2104 uerantia
399 2081 472 2104 om.
500 2069 643 2112 Bamb.)
684 2069 742 2104 Cf.
774 2071 971 2104 Frontonis
1002 2071 1111 2114 epist.
1144 2071 1194 2104 IV
1219 2072 1238 2103 2
1271 2070 1319 2114 (p.
1345 2073 1388 2105 92
1420 2070 1476 2105 ed.
1509 2071 1612 2105 Rom.
1644 2070 1694 2110 11)

156 2126 189 2159 p.
217 2116 261 2150 60
284 2116 398 2157 Nab„
431 2116 477 2150 de
507 2126 578 2159 quo
610 2116 691 2149 loco
716 2115 791 2148 dixi
818 2116 866 2148 ad
892 2116 1003 2149 Ennii
1036 2116 1079 2149 fr.
1104 2117 1179 2152 inc.
1206 2117 1280 2149 fab.
1307 2117 1423 2150 LXII.
1538 2117 1575 2150 11
1600 2117 1693 2151 Non.

156 2162 234 2202 234,
251 2163 272 2195 8
297 2162 484 2201 ‘animm
510 2164 644 2195 uentus
667 2186 675 2194 .
690 2186 698 2195 .
714 2187 722 2195 .
736 2163 764 2194 .’
790 2160 957 2195 Contulit
980 2162 1214 2195 Hermannus
1232 2163 1382 2195 Homeri
1400 2162 1443 2195 ΙΙ.
1461 2162 1513 2195 IX
1531 2164 1597 2196 358
1614 2172 1694 2205 sqq.

247 2207 303 2241 111
328 2208 421 2240 Non.
446 2209 531 2248 502,
558 2209 575 2240 1
608 2208 929 2242 ‘aecusatiuus
954 2218 1019 2250 pro
1045 2209 1247 2250 genetiuo.’
1347 2209 1396 2240 1v
1428 2207 1522 2241 Non.
1552 2209 1627 2249 137,
1651 2210 1694 2242 33

156 2255 429 2286 ‘maestaret
458 2263 522 2297 pro
548 2254 774 2287 maerentem
801 2253 974 2287 faceret.'
1021 2254 1259 2296 (mestaret
1290 2254 1439 2295 Bamb„
1471 2253 1534 2285 ubi
1565 2264 1696 2287 uersus

272 2374 296 2411 3
327 2373 460 2411 uacent
487 2374 580 2411 libri
607 2373 758 2411 flacceat
788 2375 871 2411 edd.
968 2373 993 2411 4
1024 2373 1215 2411 Antiloche
1248 2373 1425 2422 Scatiqer
1457 2373 1560 2411 Coni.
1590 2386 1632 2421 p.
1658 2374 1692 2420 1,

158 2442 225 2468 ms.
259 2431 382 2468 Voss-ii
410 2430 649 2468 Anthilochae
680 2433 802 2468 celeri
827 2431 918 2468 libri
946 2431 1112 2468 Antiloce
1143 2431 1201 2468 ed.
1229 2442 1315 2478 pr„
1348 2435 1455 2468 recte
1579 2430 1603 2467 5
1636 2431 1691 2467 aio

158 2488 299 2525 Aldina
330 2489 361 2524 ai
390 2489 482 2525 libri
587 2493 624 2524 et
644 2499 684 2525 ea
706 2488 914 2525 Frater-tus
946 2489 1067 2525 Veris.
1088 2488 1135 2525 11
1155 2487 1179 2524 5
1211 2492 1250 2524 et
1279 2499 1297 2524 a
1324 2488 1415 2524 libri
1444 2492 1481 2524 et
1512 2487 1576 2524 hac
1598 2487 1692 2524 Sca-

157 2546 256 2593 liyer
284 2555 346 2592 ea,
378 2557 446 2582 om.
470 2549 525 2591 et,
547 2545 824 2582 Lachmannus
853 2547 892 2582 in
922 2545 1041 2583 Lucr.
1057 2556 1100 2592 p.
1127 2544 1205 2583 163
1306 2544 1449 2582 Versus
1480 2544 1605 2581 6-9
1637 2547 1693 2580 in·

158 2611 275 2639 uerso
306 2602 439 2639 ordine
468 2604 506 2639 in
527 2603 636 2639 libris
652 2602 843 2650 feruntur
863 2603 957 2639 hoc.-
988 2602 1013 2639 8
1036 2602 1060 2639 9
1084 2602 1108 2638 6
1132 2602 1170 2649 7,
1202 2611 1311 2650 quem
1333 2603 1509 2638 correxit
1532 2601 1695 2637 Botlzius

272 2659 296 2696 8
327 2658 395 2695 dici
426 2659 604 2708 Scaliyer
638 2658 728 2697 dicis
757 2659 847 2696 libri
976 2670 1032 2696 me
1070 2669 1149 2695 esse
1184 2659 1279 2707 fort.
1320 2670 1372 2695 ex
1409 2657 1509 2693 moed
1550 2662 1693 2693 ortum.-

160 2715 213 2764 cf.
247 2716 300 2752 ad
328 2727 365 2755 u.
399 2716 451 2754 36
483 2720 520 2753 ct
549 2715 602 2754 53
721 2716 774 2754 10
804 2726 860 2765 sq.
894 2716 996 2753 lassis
1035 2715 1179 2753 trahere
1217 2717 1252 2751 in
1290 2715 1404 2751 salum
1431 2714 1523 2751 libri
1559 2712 1692 2749 classes

159 2772 301 2809 trahere
331 2773 367 2809 in
397 2772 511 2809 salum
542 2773 720 2821 Scaliyer
749 2772 891 2810 trahere
921 2774 957 2810 in
988 2772 1100 2809 salum
1130 2771 1269 2809 Classes
1302 2772 1457 2808 Grotius
1480 2771 1575 2806 Bibl.
1608 2772 1694 2807 crit.

160 2840 246 2866 nou.
283 2829 350 2866 IV
383 2829 515 2867 classes
557 2830 697 2867 trahere
743 2829 889 2866 nauium
934 2829 1072 2867 Videas
1103 2830 1138 2866 in
1183 2828 1297 2865 salum
1341 2837 1396 2863 me
1441 2826 1693 2864 Iler-mannus

164 2884 306 2932 Opusc.
339 2887 369 2923 V
390 2885 480 2924 140.
530 2887 616 2924 Alia
648 2889 734 2924 olim
764 2889 950 2934 temptaui
1074 2886 1124 2923 12
1157 2885 1247 2921 sacta
1280 2883 1503 2930 Meroe-rus,
1537 2883 1692 2921 Grotius

164 2942 263 2979 Bibl.
296 2944 382 2979 crit.
416 2955 505 2982 nou.
527 2944 594 2981 IV
620 2942 690 2980 sata
719 2944 812 2981 libri
920 2943 968 2980 13
1001 2942 1130 2991 quodsi
1162 2943 1371 2978 Frater-ius
1399 2941 1425 2977 l.
1456 2942 1481 2977 l.
1513 2939 1612 2990 quod
1642 2941 1694 2977 sic
