1942 3204
261 179 345 222 200
896 183 940 216 L.
966 182 1140 216 A'r'nvs

919 286 1029 329 Vm
1061 284 1128 343 (3)

261 362 348 405 490
381 362 547 404 Cuncta
578 363 804 419 expedibo:
835 363 878 405 id
910 363 1038 406 modo
1071 363 1139 406 ius
1170 363 1398 407 iurandiim
1430 365 1539 407 date.

941 458 1006 500 IX
1039 457 1105 515 (7)

381 535 477 577 Tiin
509 535 623 591 quod
650 537 844 591 superest
871 535 1035 577 s6cium
1052 535 1189 578 mittis
1220 537 1337 579 leto?
1369 552 1426 579 an
1444 537 1548 579 lueti
1566 538 1789 594 paenitet?

953 629 1094 688 X(Q

378 707 494 749 ‘Illos
527 709 677 762 suapte
708 707 877 750 indfixit
908 708 1064 764 uirtus,
1093 704 1142 750 ‘mi
1174 709 1344 751 laudem
1374 709 1547 773 ilioriim
1576 710 1707 752 leuas.

868 837 1190 881 OENOMAVS

965 914 1087 972 1(U

380 991 509 1033 Forte
543 993 643 1033 zin'te
676 1007 892 1048 auroram,
923 993 1141 1035 radiorum
1173 993 1399 1035 ardentum
1432 992 1635 1050 indicem,

381 1068 488 1110 Cum
521 1084 542 1110 e
576 1071 727 1112 somno
759 1070 805 1112 in
838 1071 1027 1125 segetem
1059 1070 1240 1126 agrestis
1273 1072 1475 1113 cornutos
1508 1070 1639 1127 cient,

261 1146 348 1187 495
379 1145 441 1187 Vt
471 1147 714 1189 rorulentas
746 1148 882 1189 terras
913 1147 1027 1189 ferro
1060 1146 1246 1189 flimidas

379 1221 667 1265 proscindant
698 1224 930 1280 glebasque
962 1225 1068 1266 aruo
1102 1239 1153 1266 ex
1184 1224 1304 1266 molli
1336 1225 1574 1267 exiiseitent-

940 1312 983 1354 II
1017 1310 1113 1370 (10)

829 1391 958 1446 atque
991 1390 1041 1432 ea
1073 1389 1322 1432 coniectura
1353 1394 1518 1446 ariguro

353 1520 441 1553 VIII
464 1520 558 1554 Non.
583 1522 666 1559 505,
693 1523 713 1553 3
739 1519 985 1563 ‘expedibo
1011 1531 1075 1563 pro
1109 1520 1303 1562 expediam
1330 1545 1337 1553 .
1358 1545 1365 1552 .
1388 1523 1416 1553 .’
1456 1520 1669 1563 (Deest'hic
1692 1522 1795 1555 loeus

261 1566 298 1597 in
323 1565 450 1597 Bamb.
483 1566 645 1608 exeeptis
671 1566 842 1598 extremis
872 1565 1210 1598 ‘iusiurandum
1235 1565 1378 1609 date')
1471 1567 1523 1599 IX
1547 1567 1639 1600 Non.
1664 1568 1747 1610 486,
1777 1570 1794 1601 1

264 1611 400 1644 ‘lucii
426 1621 489 1652 pro
515 1611 646 1644 luctus.
689 1611 824 1643 Accius
848 1610 1036 1654 Pelopidis
1066 1635 1073 1642 .
1095 1635 1102 1643 .
1123 1636 1131 1644 .
1167 1610 1262 1643 idem
1287 1612 1537 1653 Nyctegresia
1559 1614 1635 1646 ...²
1661 1611 1796 1656 (Nyp·

261 1657 493 1698 tegressia
518 1657 564 1688 W
593 1656 747 1689 uictae
781 1666 970 1698 egressa
996 1654 1138 1697 Bamb.)
1254 1655 1287 1688 X
1310 1656 1402 1690 Non.
1428 1658 1510 1695 336,
1535 1659 1579 1689 29
1612 1657 1792 1690 ‘leuare

261 1701 375 1734 etiam
404 1701 579 1736 minuere.
626 1701 757 1734 Accius
789 1701 976 1744 Meleagro
1007 1727 1014 1733 .
1035 1726 1043 1734 .
1064 1726 1072 1734 .
1101 1701 1198 1733 idem
1222 1701 1458 1745 Nyptegre
1470 1703 1538 1734 sia
1562 1706 1636 1736 ...⁷
1730 1703 1796 1736 Sat

262 1747 505 1789 probabiliter
530 1746 656 1779 eodem
683 1747 895 1779 referuntur
920 1748 999 1779 inc:
1020 1746 1095 1780 fab.
1123 1746 1211 1779 XIX
1237 1750 1274 1779 et
1298 1746 1380 1782 XX.

350 1791 556 1824 Oenonmvs
582 1792 598 1824 I
623 1792 718 1824 Non.
745 1793 829 1832 395,
855 1793 898 1824 22
929 1795 1151 1834 ‘segetem
1183 1792 1294 1824 etiam
1328 1792 1448 1835 ipsam
1482 1795 1615 1826 terram
1643 1793 1796 1827 dicimus

435 1838 471 1870 II
496 1837 588 1870 Non.
612 1838 695 1878 469,
721 1838 741 1869 2
767 1840 979 1880 ‘auguro’
1006 1836 1261 1879 (oenomao
1287 1837 1432 1879 Bamb.)

261 1986 388 2020 cerus,
411 1987 485 2011 non
507 1976 605 2011 mule
627 1973 676 2021 (si
703 1973 787 2011 lube
818 1975 1004 2021 scriptum
1031 1973 1134 2021 fuit).
1168 1974 1274 2010 iuben
1312 2002 1321 2011 .
1347 2003 1356 2011 .
1385 2002 1394 2012 .
1433 1974 1539 2011 iuben
1561 1974 1603 2011 L.
1628 1975 1795 2012 Mueller

264 2033 410 2067 annull.
428 2031 579 2077 plziloll.
602 2031 710 2068 1868
722 2043 765 2078 p.
783 2030 880 2078 431,
899 2031 1191 2068 CFWMueller
1207 2032 1365 2078 prosod.
1382 2031 1512 2068 Plaul.
1532 2031 1610 2068 115
1677 2033 1795 2068 animo

263 2088 354 2125 libri
426 2087 548 2123 Iambi
564 2089 722 2134 placent
744 2090 857 2124 ctiam
878 2087 1047 2136 Berylcio
1133 2087 1216 2125 490
1246 2092 1371 2123 cuncta
1397 2088 1478 2124 edd.
1501 2092 1632 2124 cuncto
1652 2089 1742 2126 libri

265 2144 340 2180 49]
382 2148 444 2179 [un
475 2146 536 2180 uel
566 2150 640 2179 tum
665 2143 763 2191 quod
796 2145 947 2181 Vossius
969 2149 1053 2180 tunc
1082 2144 1179 2191 quod
1198 2144 1286 2181 libri
1315 2148 1390 2179 tum
1413 2144 1496 2192 quid
1520 2145 1577 2181 ed.
1603 2143 1711 2182 1480

265 2201 378 2236 mittis
405 2202 466 2236 uel
494 2200 585 2235 mitti
619 2201 772 2237 Vossius
802 2202 924 2237 mittes
955 2200 1117 2238 Botln'us
1222 2200 1317 2236 laeto
1346 2201 1450 2237 Leid.
1558 2202 1721 2248 poenitet
1751 2202 1799 2238 W

269 2258 403 2293 Bamb.
483 2255 565 2293 492
587 2257 713 2293 lambi
735 2259 897 2304 placent
917 2257 1088 2305 Berylcio
1174 2256 1256 2293 illos
1277 2257 1417 2294 Aldina
1447 2255 1511 2293 illo
1529 2258 1620 2294 libri
1649 2258 1683 2293 ui
1714 2257 1796 2294 iilos

265 2314 540 2350 Lachmannus
559 2315 596 2350 in
618 2314 735 2350 Lucr.
752 2314 804 2351 VI
821 2313 915 2352 755·
971 2319 1099 2362 suapte
1119 2316 1250 2350 nescio
1272 2326 1322 2350 an
1338 2315 1463 2361 possit
1472 2325 1549 2361 pro
1564 2316 1796 2351 nominatiuo

264 2372 403 2407 haberi
423 2370 565 2407 Catone
593 2372 864 2418 quodammodo
895 2375 1078 2417 auctore,
1107 2381 1216 2418 quem
1239 2375 1349 2418 uopte
1371 2381 1446 2416 pro
1478 2381 1542 2407 uos
1564 2371 1630 2418 ipsi
1650 2372 1797 2408 dixisse

268 2432 437 2463 testatur
465 2427 581 2463 Pauli
610 2427 752 2464 Festus
780 2438 819 2473 p.
841 2427 921 2464 379
944 2427 997 2463 M.
1031 2426 1085 2473 cf.
1108 2428 1249 2464 Festus
1264 2438 1306 2474 p.
1332 2425 1412 2463 154
1433 2427 1486 2463 M.
1511 2438 1547 2463 u.
1571 2426 1721 2475 mihipte

266 2482 349 2520 493
382 2483 478 2519 sorte
513 2483 714 2520 Turnebus
742 2484 839 2520 Adu.
868 2482 1012 2519 XXIX
1037 2483 1085 2530 2,
1114 2484 1265 2530 Lipsius
1293 2484 1382 2519 Ant.
1405 2483 1510 2523 Lect.
1544 2484 1573 2520 V
1592 2483 1644 2519 22
1676 2483 1732 2521 ser
1761 2489 1797 2520 te

266 2541 356 2576 libri
441 2538 630 2575 ardentum
653 2540 827 2589 Scaliqer
849 2540 950 2576 Coni.
969 2551 1010 2587 p.
1034 2540 1097 2583 61,
1133 2540 1315 2587 Gifanius
1335 2541 1371 2576 in
1393 2540 1508 2576 Lucr.
1527 2551 1569 2586 p.
1590 2538 1685 2585 402,
1707 2540 1796 2586 Li'p-

268 2598 349 2632 sius
378 2595 562 2632 ardentem
591 2596 681 2632 libri
813 2595 895 2634 494
934 2607 953 2632 e
983 2597 1190 2634 Fruterius
1217 2597 1340 2643 Epist.
1364 2597 1500 2642 philol.
1530 2607 1596 2642 ap.
1626 2590 1734 2632 ἂναὶ.
1769 2597 1800 2633 V

269 2652 370 2698 385,
393 2652 566 2699 Lipsius,
599 2665 669 2689 om.
690 2654 781 2690 libri
880 2653 1053 2700 fortasse
1082 2657 1244 2702 agrestes
1349 2652 1429 2689 495
1460 2651 1614 2689 fumidas
1644 2654 1797 2699 scripsi.

271 2707 358 2744 fidas
388 2709 478 2745 libri
505 2708 643 2745 rosidas
670 2709 843 2756 Lipsius,
874 2709 1051 2758 Scaliyer
1079 2709 1216 2746 rufulas
1248 2709 1411 2746 Botkius
1440 2708 1566 2746 uuidas
1600 2709 1800 2746 Turnebus

273 2765 370 2802 ferro
402 2770 440 2801 et
473 2765 599 2801 uuidas
629 2767 692 2802 uel
722 2765 818 2802 ferro
850 2771 964 2803 terras
986 2765 1110 2802 uuidas
1143 2767 1299 2803 Vossius
1326 2766 1424 2802 ferro
1454 2764 1596 2801 feruido
1628 2762 1801 2813 (αἴθωνι

271 2818 447 2873 σιδήρῳ)
480 2822 678 2870 Berylcius
771 2822 852 2859 496
885 2833 954 2870 que
982 2823 1120 2860 Iunius
1149 2834 1240 2870 quae
1269 2823 1357 2859 libri
1450 2822 1670 2859 exsuscitent
1698 2822 1800 2859 Fru-

272 2879 393 2915 terius
423 2878 577 2915 excitent
606 2880 696 2916 libri
807 2876 888 2916 497
921 2880 978 2915 An
1010 2877 1074 2915 eb?
