1942 3204
295 174 378 217 266
618 176 683 210 Ex
707 176 932 211 meamus
957 175 1277 210 mcffl'rossvM
1299 173 1504 210 FABVLIS

1017 279 1093 323 CX

416 351 511 395 Hoc
543 353 748 408 metuere,
779 353 960 395 alterum
991 349 1039 394 1'n
1070 353 1187 395 metu
1218 366 1308 394 non
1337 352 1508 408 ponere.

947 428 1045 472 CXI
1078 427 1175 487 (24)

296 500 382 543 205
417 535 425 542 .
489 535 496 542 .
560 534 567 542 .
628 500 790 543 umbris
823 500 1075 543 6cculuntur
1105 501 1329 556 parietum.

933 578 955 602 a
1160 578 1182 603 vie

1047 608 1069 632 ²1⁸

411 655 532 698 Nihil
562 655 718 697 h6rum
750 655 929 697 similest
960 655 1074 710 apud
1105 654 1323 698 Lacaenas
1355 653 1568 711 uirgines,

411 731 574 781 Quibus
606 732 743 788 magis
774 733 988 787 palaestra
1019 732 1186 775 Eur6ta
1218 734 1281 775 sol
1312 731 1456 788 puluis
1487 733 1609 775 labor

410 807 567 851 Militia
600 809 741 852 studio
774 811 839 851 est
871 811 999 865 quam
1030 810 1230 853 fertilitas
1261 809 1457 876 barbara.

991 885 1113 929 CXII

411 957 474 1000 Vt
503 958 664 1000 multus
697 973 718 1000 e
750 958 985 1001 uisceribus
1019 959 1195 1016 sanguis
1228 961 1361 1002 exeat.

983 1034 1127 1078 CXIII

292 1106 379 1148 210
410 1106 502 1148 Vos
535 1106 648 1149 enim
679 1107 857 1150 iuuenes
883 1107 1074 1150 animum
1105 1108 1254 1164 geritis
1287 1108 1557 1164 muliebrem,
1588 1108 1662 1150 illa
1693 1094 1815 1165 uirgo
1867 1114 1869 1116 ’

1333 1201 1450 1237 ‚u1r1.

296 1280 366 1314 Sed
391 1281 563 1313 maiorem
590 1282 663 1313 uim
690 1279 876 1324 accipiunt
899 1291 917 1313 e
934 1280 1136 1313 mutatione
1159 1280 1317 1323 figurae,
1342 1282 1399 1312 ut:
1425 1290 1539 1322 usque
1565 1280 1704 1313 adeone
1730 1281 1820 1313 mori

293 1326 462 1359 miserum
490 1328 569 1358 est?
611 1327 731 1359 acrius
754 1326 824 1358 hoc
848 1326 962 1366 enim,
987 1336 1095 1368 quam
1119 1336 1185 1368 per
1209 1335 1266 1357 se:
1293 1335 1403 1358 mors
1428 1326 1590 1358 misera
1614 1336 1698 1358 non
1722 1329 1816 1359 est.’

293 1372 424 1407 (Deest
448 1371 550 1404 locus
574 1372 612 1403 in
637 1372 802 1405 Ambros.
828 1375 864 1408 et
882 1371 1022 1412 Bamb.)
1059 1371 1271 1404 Lactantius
1297 1370 1372 1403 diu.
1392 1371 1477 1405 inst.
1496 1371 1550 1404 111
1570 1372 1610 1403 17
1637 1374 1720 1403 ‘nec
1746 1371 1819 1404 fru-

293 1419 370 1449 stra
394 1415 530 1448 dictum
556 1420 630 1448 est:
655 1420 792 1449 mors’
819 1427 850 1449 e.
877 1427 910 1458 q.
936 1427 963 1452 s.
998 1416 1088 1448 ‘hoc
1114 1419 1188 1449 est:
1215 1416 1340 1448 morbo
1364 1415 1575 1456 tabescere,
1600 1417 1712 1448 ictum
1738 1427 1818 1458 per-

292 1462 388 1503 peti,
415 1461 550 1493 ferrum
575 1471 725 1504 corpore
752 1463 939 1504 excipere,
966 1461 1092 1493 &dere
1116 1461 1207 1503 igni,
1233 1460 1403 1494 dentibus
1427 1461 1628 1494 bestiarum
1654 1461 1816 1494 laniari)

291 1506 443 1539 Publilii
468 1506 550 1548 Syri
573 1517 646 1538 non
672 1517 754 1546 esse
774 1507 1005 1540 Woelfflinus
1023 1517 1166 1549 quoque
1191 1505 1362 1547 (Publilii
1379 1505 1461 1547 Syri
1485 1506 1705 1539 sententiae.
1736 1517 1818 1549 pro-

292 1551 388 1594 legg.
415 1562 448 1593 p.
474 1550 531 1593 45)
558 1552 682 1585 sentit.
769 1551 831 1584 CX
859 1552 989 1584 Cicero
1014 1552 1060 1584 ad
1084 1551 1160 1586 Att.
1178 1551 1248 1584 ΧΠ
1267 1552 1308 1583 51
1335 1550 1404 1583 ‘de
1429 1550 1614 1584 Caerellia
1639 1551 1725 1594 quid
1748 1551 1819 1584 tibi

291 1596 456 1638 placeret
481 1596 568 1629 Tiro
593 1597 680 1629 mihi
705 1597 889 1629 narrauit:
916 1597 1050 1630 debere
1077 1607 1148 1629 non
1174 1606 1256 1629 esse
1275 1595 1470 1639 dignitatis
1491 1606 1612 1629 meae.
1638 1597 1819 1639 perscrip-

292 1642 426 1674 tionem
454 1642 522 1674 tibi
548 1641 713 1684 placere:
738 1642 818 1675 hoe
841 1644 1058 1675 metuere’
1086 1652 1117 1674 e.
1137 1652 1170 1684 q.
1189 1652 1217 1676 Β.
1251 1641 1336 1680 ‘sed
1363 1645 1400 1674 et
1423 1641 1517 1675 haee
1544 1645 1581 1674 et
1604 1642 1719 1675 multa
1743 1641 1818 1675 alia

294 1697 427 1719 eoram.
433 1689 443 1705 ’
477 1687 615 1719 Ibidem
633 1687 718 1721 XIV
736 1689 797 1725 21,
823 1690 843 1720 3
869 1687 979 1719 ‘mihi
1005 1690 1123 1719 autem
1148 1697 1221 1719 non
1247 1689 1302 1719 est
1327 1686 1493 1726 dubium,
1519 1687 1606 1730 quin
1630 1697 1688 1720 res
1714 1697 1818 1730 spee-

291 1735 346 1765 tet
370 1727 417 1764 ad
443 1735 577 1764 castra
620 1736 705 1765 acta
731 1733 828 1765 enim
852 1732 919 1765 illa
944 1743 1002 1764 res
1020 1736 1095 1765 est
1101 1733 1222 1765 animo
1240 1731 1357 1772 uirili,
1385 1711 1538 1765 consi’lio
1555 1732 1699 1775 puerili.
1736 1733 1818 1774 quis

292 1777 390 1808 enim
414 1777 483 1810 hoc
509 1787 580 1810 non
604 1778 720 1819 uidit,
753 1780 858 1820 regni
890 1778 1061 1810 heredem
1092 1777 1284 1810 relietum?
1327 1776 1413 1819 quid
1445 1781 1567 1810 autem
1597 1776 1817 1810 absurdius?

291 1822 374 1855 hoc
397 1825 622 1855 metuere'
650 1834 680 1856 e.
708 1833 740 1865 q.
767 1833 795 1858 s.
828 1822 925 1856 Idem
951 1823 1041 1865 Top.
1069 1824 1127 1861 13,
1153 1824 1196 1855 55
1221 1820 1321 1864 (uide
1348 1822 1460 1864 CVII)
1484 1823 1533 1859 ef,
1559 1822 1737 1855 Boethius
1752 1822 1776 1855 1.
1793 1822 1817 1855 l.

382 1867 464 1899 CXI
490 1867 620 1901 Cicero
645 1868 752 1900 Tusa.
781 1868 873 1911 disp.
891 1868 928 1901 ΙΙ
946 1869 1005 1910 15,
1029 1869 1073 1901 36
1099 1868 1248 1910 ‘itaque
1274 1867 1344 1907 illi,
1370 1868 1434 1909 qui
1458 1867 1639 1900 Graeciae
1665 1867 1817 1900 formam

293 1923 411 1945 rerum
437 1912 664 1954 publicarum
690 1913 886 1953 dederuut,
917 1923 1066 1955 corpora
1097 1913 1268 1945 iuuenum
1298 1911 1433 1945 firmari
1458 1912 1585 1946 labore
1609 1912 1815 1945 uoluerunt.

293 1957 399 1998 Quod
424 1957 636 2000 Spartiatae
663 1959 776 1991 etiam
802 1958 839 1990 in
864 1959 1021 1991 feminas
1052 1957 1338 1995 transtulerunt,
1371 1968 1464 2000 quae
1496 1958 1629 1991 ceteris
1658 1957 1696 1990 in
1720 1958 1817 1991 urbi-

294 2003 359 2034 bus
386 2003 600 2036 mollissimo
626 2003 724 2036 cultu
749 2003 972 2046 parietum
1004 2003 1169 2036 umbris
1194 2002 1473 2035 occuluntur.
1521 2002 1582 2037 Illi
1606 2005 1728 2035 autem
1752 2013 1818 2035 uo·

294 2048 443 2080 luerunt
468 2049 585 2081 nihil
610 2049 760 2082 horum
787 2048 934 2081 simile
953 2058 1051 2081 esse
1077 2047 1191 2090 apud
1207 2047 1466 2080 Lacaenas’
1484 2058 1514 2080 e.
1532 2057 1567 2089 q.
1584 2058 1612 2080 s.
1638 2048 1817 2081 Versuum

291 2094 406 2125 206—
417 2095 483 2126 208
508 2093 685 2127 indicium
710 2094 847 2136 primus
872 2094 964 2126 fecit
987 2093 1155 2136 Scaliger
1172 2092 1275 2125 Coni.
1299 2103 1332 2135 p.
1349 2093 1404 2125 67.
1439 2093 1494 2125 Ex
1519 2092 1705 2133 Meleagro
1723 2093 1818 2125 Attii

292 2138 466 2170 uidentur
490 2142 638 2182 sumpta
664 2150 758 2172 esse.
875 2138 976 2171 CXII
1009 2137 1137 2171 Cicero
1162 2138 1269 2170 Tusc.
1295 2137 1388 2180 disp.
1413 2138 1449 2171 II
1476 2139 1534 2179 14,
1558 2139 1602 2171 34
1633 2138 1816 2180 ‘itemque

291 2184 472 2235 Lycurgi’
507 2187 573 2223 (sc.
601 2184 719 2227 leges)
754 2183 894 2217 ‘llabor
896 2184 964 2217 bus
989 2183 1161 2216 erudiunt
1187 2183 1415 2215 iuuentutem
1444 2207 1453 2216 .
1474 2208 1482 2217 .
1502 2207 1509 2215 .
1541 2182 1698 2226 Spartae
1729 2193 1816 2216 uero

293 2228 399 2270 pueri
423 2228 469 2260 ad
494 2239 594 2261 aram
621 2230 675 2262 sic
699 2230 913 2262 uerberibus
939 2228 1187 2270 accipiuntur,
1219 2231 1266 2260 ut
1299 2228 1484 2260 multus’
1511 2239 1542 2262 e.
1569 2238 1603 2270 q.
1630 2238 1657 2261 s.
1699 2229 1816 2261 Versu

291 2273 433 2315 tragico
459 2273 674 2307 Ciceronem
698 2275 753 2307 uti
778 2273 1043 2307 animaduertit
1066 2272 1326 2306 Lachmannus
1351 2273 1390 2304 in
1413 2273 1521 2306 Lucr.
1545 2273 1578 2306 V
1601 2274 1668 2306 993

293 2317 413 2352 CXIII
436 2318 565 2351 Cicero
591 2319 635 2352 de
660 2320 722 2352 off.
748 2319 765 2351 I
791 2320 849 2360 18,
876 2320 918 2351 61
945 2317 1254 2361 ‘intellegendum
1279 2321 1399 2351 autem
1426 2321 1493 2358 est,
1520 2329 1600 2351 cum
1625 2318 1813 2361 proposita

406 2413 488 2452 204
526 2415 623 2451 hunc
657 2400 748 2452 libri
782 2418 820 2452 in
852 2416 942 2462 Top.
980 2416 1155 2462 eoeceptis
1195 2414 1310 2451 Viteb.
1346 2414 1454 2453 Eius.
1487 2418 1523 2450 et
1552 2415 1676 2451 altero
1711 2415 1818 2460 apud

291 2471 514 2508 Lambinum
616 2470 696 2509 205
727 2472 903 2519 parietum
936 2470 1069 2507 umbris
1100 2470 1315 2507 occuluntur
1347 2470 1479 2507 Cicero
1586 2469 1666 2508 206
1697 2470 1815 2507 simile

291 2527 383 2575 apud
407 2527 584 2575 Scaliyer
671 2527 750 2565 207
781 2527 958 2576 palaestra
988 2521 1139 2577 Eurota]
1173 2526 1226 2574 cf.
1248 2526 1523 2563 Lachmannus
1552 2529 1589 2563 in
1613 2527 1731 2563 Lucr.
1753 2527 1777 2563 1
1789 2527 1821 2563 V

295 2584 400 2621 1169
488 2583 641 2620 Eurotas
673 2584 963 2632 Wesenberyius
1058 2582 1138 2621 208
1168 2582 1314 2619 militiae
1331 2582 1564 2622 ,Boukerius
1593 2587 1629 2619 et
1659 2582 1833 2620 Wesen-=

292 2642 444 2688 beryius
474 2640 618 2677 militiae
657 2646 694 2677 et
724 2640 942 2688 Seyffertus
978 2639 1108 2676 duritia
1145 2639 1345 2676 Bentleius
1458 2638 1578 2675 studio
1609 2639 1815 2676 Lambinus

294 2708 379 2733 cum
404 2697 554 2734 Ooeoim.
589 2699 750 2745 aliquot,
783 2698 818 2733 si
843 2698 941 2744 fides
971 2697 1229 2733 collatoribus.
1261 2696 1297 2732 in
1331 2694 1451 2732 studio
1483 2696 1604 2731 ceteri
1630 2695 1736 2740 libri,
1769 2696 1816 2732 de

294 2765 370 2800 qua
401 2756 599 2800 scriptura
631 2753 685 2801 cf.
717 2753 991 2790 Lachmannus
1027 2755 1066 2789 in
1096 2752 1213 2789 Lucr.
1243 2752 1310 2789 IV
1334 2750 1414 2789 283
1530 2750 1679 2787 facilitas
1709 2751 1813 2788 Leid.

296 2809 417 2847 Oxou.
449 2820 550 2847 unus
578 2809 728 2846 rutilitas
760 2809 960 2846 Bentleius
1056 2808 1136 2846 209
1167 2807 1290 2844 multis
1320 2809 1498 2845 Bruxell.
1607 2807 1690 2845 210
1719 2806 1813 2855 Sep-

293 2869 481 2903 tenariam
513 2868 678 2903 restituit
707 2866 981 2903 Lac-lemannus
1009 2868 1049 2902 in
1080 2866 1196 2903 Lucr.
1216 2865 1284 2903 IV
1300 2864 1379 2901 211
1482 2864 1615 2901 etenim
1645 2864 1766 2901 Bern.
1788 2876 1813 2900 a
