1942 3204
810 210 853 253 o.
878 209 1059 244 nnmvs
1648 209 1696 251 61

689 313 733 357 Π
765 312 868 380 (inc.
887 317 999 358 auct.
1018 314 1186 373 9—12)

808 404 876 448 Eu
988 405 1055 448 lus

284 482 320 525 Ο
340 482 595 539 Patricoles,
626 483 679 526 ad
700 483 778 526 uos
799 419 1034 525 aduffigns
1062 482 1269 526 auxilium
1289 485 1331 524 et
1357 483 1524 524 uestras
1552 497 1705 525 manus

165 560 253 604 315
283 559 403 617 Peto,
434 561 554 617 prius
581 576 710 618 quam
742 561 901 617 oppeto
933 561 1094 604 malam
1124 563 1290 617 pestem
1322 559 1572 603 mandatam
1604 560 1702 603 hos-

1080 637 1152 682 tili
1180 635 1323 682 manu.

807 717 830 742 ²le
1036 717 1060 742 8

921 747 945 772 *

165 794 251 838 318
283 793 435 851 Neque
467 794 644 852 sanguis
676 795 764 837 ullo
796 795 911 851 potis
948 797 1014 838 est
1045 798 1172 851 pacto
1205 794 1424 851 profluens
1456 793 1704 838 consistere.

806 873 830 898 ιιι
1036 872 1060 898 ae

166 950 254 994 320
285 948 331 994 Si
362 948 440 1007 qus
470 950 683 1007 sapientia
714 950 854 1007 magis
885 902 1032 994 ugstra
1062 951 1178 992 mors
1211 949 1398 993 deuitarl'
1426 952 1582 1006 potest.

152 1028 251 1079 7316
282 1027 480 1085 Namque
511 1027 745 1084 Aesculapi
775 1026 1011 1071 liberorum
1044 1028 1178 1071 saucii
1209 1028 1389 1084 opplent
1419 1028 1630 1084 porticus:

165 1135 404 1170 inducitur
435 1138 481 1169 et
512 1135 697 1179 fugiens
728 1135 782 1169 ad
806 1134 1032 1169 Achillem
1062 1135 1199 1168 uenit.
1247 1134 1351 1168 Cum
1383 1135 1702 1179 interrogare-

164 1185 237 1214 tur
256 1181 310 1214 ab
327 1182 485 1215 Aiace’
504 1180 704 1223 (Achille
731 1181 914 1224 Bergkius
930 1180 1005 1214 ind.
1024 1180 1111 1215 lect.
1128 1180 1315 1224 Marburg.
1333 1185 1424 1214 aest.
1444 1181 1533 1214 1844
1550 1191 1584 1224 p.
1602 1180 1700 1222 XII).

165 1229 263 1260 ‘cur
288 1227 504 1271 fugisset,
537 1226 615 1261 ille
641 1230 689 1261 ut
713 1226 888 1261 celaret
919 1226 1135 1260 dedecus:
1173 1227 1272 1269 quis
1310 1227 1446 1259 enim’
1485 1227 1585 1266 (non
1616 1226 1700 1261 add.

165 1272 402 1316 Schuetzius)
429 1271 720 1306 ‘uulneratus
747 1272 869 1306 ferro
886 1271 1103 1315 Frugio?’
1128 1271 1312 1306 Referunt
1338 1271 1385 1304 ad
1405 1272 1627 1306 Achillem
1647 1272 1702 1304 fa-

162 1317 305 1352 bulamz
338 1318 426 1352 mihi
457 1319 623 1352 monenti
653 1318 766 1352 etiam
796 1318 835 1351 in
866 1317 1037 1352 Herculis
1062 1317 1170 1350 lutris
1200 1317 1295 1351 haec
1318 1317 1436 1350 locum
1469 1317 1607 1351 habere
1638 1328 1702 1360 po·

163 1364 279 1397 tuisse
302 1363 465 1401 adsensit
481 1363 683 1400 Vahlenus.
778 1363 815 1398 11
839 1363 970 1397 Cicero
994 1363 1102 1396 Tusc.
1127 1362 1220 1407 disp.
1245 1363 1281 1396 11
1307 1363 1362 1404 16,
1387 1364 1431 1397 38
1461 1364 1566 1406 ‘quin
1590 1363 1704 1396 etiam

161 1408 329 1443 uidemus
354 1420 398 1442 ex
421 1409 503 1443 acie
520 1409 644 1443 efferri
660 1419 772 1453 saepe
789 1409 937 1443 saucios
960 1434 968 1442 .
983 1434 992 1443 .
1006 1434 1015 1443 .
1038 1412 1078 1442 at
1101 1418 1190 1443 uero
1207 1408 1270 1442 ille
1296 1409 1520 1442 exercitatus
1538 1412 1576 1442 et
1592 1411 1702 1442 uetus

165 1454 211 1488 ob
243 1465 411 1499 eamque·
435 1465 510 1489 rem
545 1455 676 1489 fortior
712 1454 894 1488 medicum
925 1454 1032 1488 modo
1064 1454 1254 1498 requirens
1290 1465 1313 1487 a
1344 1465 1414 1497 quo
1446 1453 1650 1498 obligetur,
1682 1465 1703 1487 ο

164 1500 442 1543 Patricoles,
466 1500 608 1544 inquit,
633 1500 687 1534 ad
711 1510 790 1534 uos
815 1500 1068 1534 adueniens
1169 1499 1340 1534 accedi.
1378 1499 1534 1533 Certe:
1560 1500 1702 1542 Eury-

163 1545 298 1589 pylus
322 1546 396 1580 hic
421 1546 600 1590 quidem
626 1549 707 1580 est.
741 1545 825 1580 Vbi
849 1545 1028 1579 tandem
1053 1545 1179 1579 luctu
1204 1545 1527 1579 conturbatur?
1553 1545 1701 1578 Homi-

278 1666 503 1705 314—325
537 1666 738 1704 Traditum
767 1677 951 1704 uersuum
971 1667 1161 1712 ordinem,
1195 1676 1306 1715 quem
1335 1668 1392 1703 sic
1422 1678 1446 1702 a
1473 1670 1590 1713 poeta
1605 1677 1701 1713 pro-

160 1723 310 1773 fectum
340 1734 425 1762 esse
453 1723 546 1761 mihi
573 1735 650 1762 non
672 1725 875 1771 persuasit
905 1722 1064 1771 Maehly
1094 1734 1186 1759 ann.
1216 1723 1363 1770 philoll.
1398 1722 1505 1760 1857
1531 1734 1574 1770 p.
1605 1722 1702 1769 361,

165 1786 293 1819 lamen
322 1782 477 1819 lacunis
505 1782 609 1818 inter
637 1781 788 1818 hiantia
818 1780 1056 1827 interpositis
1093 1791 1198 1816 nunc
1235 1781 1404 1816 retinere
1439 1781 1560 1816 malui
1588 1791 1703 1828 quam

163 1840 204 1875 in
243 1839 557 1886 transpositionis
594 1842 632 1876 et
669 1838 1015 1875 additamentorum
1054 1837 1223 1874 audacia
1261 1848 1339 1885 qua
1378 1838 1466 1874 olim
1496 1846 1590 1873 usus
1619 1847 1702 1874 sum

162 1905 440 1942 perseuerare.
488 1906 579 1932 nam
609 1895 745 1932 ordine
774 1904 958 1932 uersuum
988 1895 1142 1942 qualem
1171 1895 1344 1930 numeris
1372 1894 1559 1941 adpositis
1588 1894 1701 1942 siqni-

162 1953 323 2000 ficalum
350 1954 446 2002 leqis
475 1953 680 1989 constituto
710 1955 747 1989 et
777 1963 814 1989 u.
847 1951 928 1989 317
960 1952 1214 1998 expleueram
1245 1952 1402 1987 insertis
1439 1949 1497 1987 set
1532 1949 1700 1986 trementi

164 2007 283 2059 genua
323 2008 416 2046 lassa
455 2007 650 2046 concidunt
688 2013 725 2046 et
756 2012 848 2056 post
886 2006 968 2046 318
1007 2011 1123 2045 totum
1168 2017 1323 2044 uersum
1368 2008 1700 2054 interpolaueram

163 2066 312 2104 hunce:
342 2067 466 2115 itaque
496 2065 568 2103 huc
596 2064 724 2103 dolore
753 2063 1006 2102 consternatus
1038 2063 1160 2101 tardos
1192 2074 1340 2113 gressus
1371 2062 1522 2101 contuli.
1618 2062 1700 2102 314
1747 2108 1754 2114 ,

163 2121 360 2160 Patricoles
389 2123 480 2160 libri
508 2124 650 2171 optimi,
677 2122 864 2170 probauit
884 2121 1081 2171 Berqlcius
1100 2121 1187 2158 Ind.
1208 2122 1296 2158 lect.
1319 2119 1449 2158 Marb.
1471 2125 1567 2158 aest.
1593 2119 1701 2158 1844

161 2191 202 2228 p.
224 2179 291 2217 IX
316 2181 415 2218 conl.
437 2180 635 2218 Frontone
659 2191 702 2227 p.
728 2178 801 2226 19,
829 2177 856 2215 4
888 2179 946 2216 ed.
968 2178 1219 2215 Naberianae
1247 2177 1431 2215 Patrocles
1464 2178 1585 2215 Bern.
1616 2188 1700 2215 cum

161 2238 359 2286 plerisque
474 2235 556 2275 315
588 2240 723 2286 oppeto
756 2235 853 2274 Gud.
884 2236 981 2285 Rey.
1014 2235 1146 2272 Bru-2¹.
1170 2236 1352 2283 plerique
1382 2237 1523 2282 ceteri,
1554 2234 1700 2283 proba-

165 2296 221 2331 uit
252 2293 545 2343 Wesenberqius
575 2298 743 2342 oppetam
773 2293 896 2331 Bern.
928 2304 977 2329 m.
1009 2294 1091 2338 ale„
1123 2302 1225 2329 unus
1258 2291 1382 2330 Oaeon·
1408 2291 1514 2330 Leid.
1603 2302 1701 2327 man-

165 2349 282 2387 datam
319 2351 411 2388 libri
452 2349 569 2387 datam
600 2350 800 2387 Bentleius
841 2348 998 2387 oblatam
1029 2348 1151 2386 CFW
1177 2348 1346 2386 Mueller
1380 2349 1536 2396 prosod.
1570 2348 1699 2385 Plauc.

168 2405 248 2444 124
363 2406 446 2446 318
477 2417 595 2456 neque
623 2407 714 2444 libri
734 2408 915 2455 plerique
954 2417 1020 2443 nec
1059 2416 1159 2443 unus
1189 2406 1271 2443 cod.
1301 2405 1456 2444 Dauisii
1483 2416 1547 2442 seu
1579 2404 1697 2441 Bent-

163 2465 263 2502 leius
383 2463 473 2514 poti'
505 2468 610 2514 pacto
642 2463 845 2501 Bentleius
972 2461 1055 2501 320
1084 2463 1115 2499 si
1145 2473 1215 2511 qua
1245 2463 1352 2500 codd.
1384 2464 1473 2510 aliq,
1507 2472 1571 2498 seu
1602 2471 1702 2498 unus

165 2522 248 2559 cod.
281 2521 456 2569 Dauisii‚
487 2521 701 2559 Bentleius.
733 2519 989 2568 Quadruplici
1016 2520 1124 2556 modo
1154 2521 1324 2556 numeris
1362 2527 1597 2556 succurrere
1634 2528 1700 2553 co-

164 2582 284 2615 natur
305 2577 425 2615 C'F'W
445 2578 612 2615 Mueller
635 2578 795 2626 prosod.
822 2577 952 2617 Plaut.
978 2575 1057 2613 124
1089 2575 1210 2614 scribi
1236 2576 1370 2614 iubens
1400 2577 1462 2612 uel
1493 2574 1523 2610 si
1553 2574 1614 2621 qui
1644 2584 1700 2609 sa-

164 2635 298 2683 pientia
328 2635 444 2684 magis
466 2640 587 2671 uestra
616 2635 745 2671 euitari
766 2645 864 2671 mors
884 2638 1010 2683 potest
1030 2634 1092 2670 uel
1111 2633 1142 2669 si
1173 2633 1235 2681 qui
1265 2632 1437 2681 sapientia
1466 2630 1580 2678 magis
1602 2640 1700 2667 mors

166 2697 286 2728 uestra
307 2691 436 2728 euitari
466 2703 503 2740 p.
525 2692 587 2729 uel
617 2691 646 2727 si
667 2692 729 2740 qui
750 2695 874 2728 uestra
896 2690 1072 2739 sapientia
1094 2689 1207 2738 magis
1230 2700 1326 2726 mom
1356 2687 1508 2723 ‹leuitari
1530 2698 1564 2734 p.
1588 2687 1650 2722 uel
1669 2687 1699 2721 si

166 2749 228 2796 qui
260 2754 381 2785 uestra
411 2748 587 2797 sapientia
617 2748 732 2797 magis
753 2747 905 2784 deuitari
937 2757 1035 2783 mors
1063 2758 1099 2796 p.
1131 2745 1225 2784 Olim
1253 2747 1516 2792 proposuerat
1546 2742 1698 2778 ‹leuilari

166 2815 265 2842 mors
286 2803 487 2843 Bentleius
572 2803 654 2842 316
686 2814 840 2853 namque
869 2804 960 2842 libri
988 2804 1164 2852 plerique
1194 2812 1273 2838 nam
1306 2800 1506 2836 Bentleius
1535 2809 1587 2836 ex
1617 2800 1699 2837 cod.

163 2860 321 2899 Dauisii
404 2860 597 2910 aesculapii
628 2861 724 2899 Gud.
750 2860 844 2909 Req.
870 2860 999 2897 Brux.
1032 2862 1070 2897 in
1107 2859 1218 2895 Tuse.
1309 2856 1389 2893 317
1422 2856 1517 2903 potis
1542 2855 1700 2891 Bothius

166 2923 289 2965 potest
317 2919 408 2956 libri
