1942 3204
490 166 513 190 ⁸
722 194 1078 243 COROLLARI'VM
1531 202 1665 238 xxvu

446 347 447 350 η
497 317 599 359 nam
631 316 699 359 cui
731 315 845 372 quod
878 317 981 371 agat
1011 314 1302 357 institutumst

349 389 394 433 fd
426 389 536 446 agit,
566 387 608 430 id
641 386 785 430 studet
813 401 845 429 c.
875 401 912 441 q.
941 400 974 429 s.

139 463 403 507 Buechelero
435 460 583 504 eadem
613 459 703 502 fere
734 459 1007 515 placuerunt,
1039 457 1111 500 sed
1144 457 1269 500 aliter
1299 456 1525 513 disposita:

499 531 588 574 otio
620 530 693 587 qui
724 530 863 573 nescit
893 530 957 572 uti

498 592 596 660 phis
626 601 774 659 negoti
805 601 938 644 habet

350 691 479 732 quam
510 672 658 731 quoist
688 673 911 729 negotium
943 671 990 715 1‘n
1022 673 1209 729 negotio.

499 747 600 789 nam
631 745 700 788 cui
733 745 847 801 quod
879 746 983 801 agat-
1014 743 1307 787 institutumst

500 817 545 860 1'd
577 817 670 874 agit
699 816 743 859 id
775 816 937 871 studet,
961 863 963 868 .

350 891 411 933 ibi
443 891 631 932 mentem
664 891 793 944 atque
825 887 1018 930 animum
1049 887 1235 929 delectat
1266 901 1401 928 suum.

502 960 641 1003 otioso
674 960 719 1002 in
752 959 841 1002 otio
874 959 1043 1002 animus

499 1032 637 1074 nescit
668 1030 769 1087 quid
801 1030 918 1072 uelit.

138 1106 232 1149 Iam
263 1107 460 1160 expectes
491 1103 658 1145 iambos
689 1104 739 1145 ut
769 1117 900 1157 supra
931 1102 1087 1158 redire,
1126 1102 1199 1144 sed
1233 1104 1436 1144 secuntur
1467 1100 1670 1142 trochaei.

138 1176 277 1220 Multa
302 1190 403 1218 vero
435 1175 480 1217 in
512 1177 692 1230 utraque
723 1173 891 1216 ratione
924 1175 1026 1215 sunt
1057 1188 1165 1229 quae
1197 1173 1469 1228 displiceant:
1501 1174 1670 1228 praeter

138 1250 281 1291 cetera
312 1261 467 1289 sonum
498 1247 542 1288 et
571 1246 765 1302 vigorem
796 1243 929 1287 Ennii
967 1245 1014 1287 in
1051 1244 1280 1287 breviculis
1311 1244 1406 1286 istis
1438 1243 1661 1286 debilibus-

137 1334 219 1375 que
262 1319 368 1361 colis
410 1317 616 1360 desidero.
688 1316 847 1360 Utrum
891 1317 1036 1359 autem
1078 1317 1285 1371 neyotium
1327 1330 1384 1358 an
1427 1329 1498 1358 nec
1543 1315 1671 1357 otium

138 1391 300 1434 scribas
331 1389 507 1446 perinde
538 1391 614 1431 est.

256 1461 310 1504 V.
339 1462 434 1503 192.
483 1459 686 1503 Alienum
707 1460 760 1502 ab
785 1459 914 1502 huius
939 1459 1233 1502 altercationis
1259 1459 1408 1502 ordine
1429 1460 1472 1500 et
1491 1457 1670 1500 consilio

139 1533 254 1589 quod
285 1532 435 1575 inferri
467 1532 697 1574 voluerunt
727 1533 833 1574 item.
872 1530 1050 1573 Minime
1077 1531 1191 1574 enim
1218 1531 1375 1573 similia
1401 1532 1503 1572 sunt
1533 1544 1670 1572 exem-

139 1604 212 1659 pla
240 1602 443 1646 Plautina
479 1602 588 1645 Rud.
630 1603 743 1645 1025
781 1602 937 1658 Amph.
981 1602 1091 1645 1137
1131 1601 1252 1644 Asin.
1290 1602 1396 1657 375,
1432 1603 1668 1643 correctum

140 1676 283 1717 autem
329 1689 355 1716 a
398 1673 545 1716 Brixio
585 1672 730 1716 Aulul.
769 1673 867 1716 225.
935 1673 987 1715 In
1024 1674 1243 1729 responsis
1285 1674 1353 1715 vel
1391 1671 1671 1727 interrogatis

139 1746 207 1788 vel
237 1744 486 1788 exclamatis
517 1744 591 1786 ubi
623 1744 725 1800 quid
757 1746 941 1801 augetur
971 1745 1038 1787 vel
1075 1744 1334 1799 intenditur,
1366 1744 1573 1786 sollemne
1605 1744 1672 1784 est

138 1819 310 1859 endem.
370 1815 500 1872 Vide,
531 1831 668 1871 pauca
699 1818 749 1858 ut
785 1815 976 1858 adferam
1014 1815 1227 1870 exempla,
1263 1815 1309 1856 in
1340 1814 1483 1856 Plauti
1514 1813 1672 1856 Casina

145 1887 228 1931 165
265 1886 390 1943 ‘quid
429 1888 463 1930 si
501 1902 583 1944 ego
620 1888 791 1943 inpetro
830 1889 958 1943 atque
997 1901 1126 1929 exoro
1164 1901 1190 1928 a
1228 1886 1374 1941 vilico,
1410 1899 1540 1927 causa
1577 1899 1672 1926 mea

139 1958 214 2002 'Vt
244 1974 339 2001 eam
375 1959 438 2001 illi
469 1958 720 2014 permittat?
771 1958 849 2001 ST.
882 1958 984 2014 quid
1016 1958 1052 2000 si
1083 1971 1164 2014 ego
1197 1959 1341 1999 autem
1373 1956 1427 1998 ab
1459 1955 1671 2011 armigero

140 2031 330 2086 inpetro,
359 2028 434 2072 'Vt
465 2045 559 2073 eam
591 2029 654 2073 illi
685 2030 958 2086 permittat‘P’
999 2029 1151 2072 Pseud.
1178 2027 1265 2071 305
1297 2029 1458 2070 ‘metuo
1491 2026 1672 2068 credere.

141 2102 165 2149 ss'
205 2100 386 2144 Credere
430 2102 622 2144 autem2’
668 2092 763 2158 (css
785 2099 917 2158 635);
968 2100 1184 2156 Amphitr.
1228 2100 1312 2142 901
1365 2098 1486 2140 ‘heia
1529 2099 1672 2139 autem

141 2172 391 2216 inimicos?'
420 2170 493 2229 (cf.
519 2170 778 2230 539)3·iten1
804 2172 995 2215 Terentii
1021 2186 1116 2215 eun.
1144 2171 1228 2213 798
1256 2173 1354 2226 ‘ego
1380 2183 1469 2211 non
1494 2170 1673 2223 tangam

144 2244 315 2286 meam?
347 2246 368 2293 [s
399 2246 520 2286 tuam
557 2245 720 2299 autem,
755 2243 984 2286 furcifer?’
1022 2243 1113 2285 hec.
1146 2242 1230 2284 817
1264 2242 1393 2296 ‘quot
1427 2239 1672 2282 co'mmodas

142 2329 210 2357 res
236 2315 392 2358 attuli?
423 2317 530 2371 quot
554 2318 698 2358 autem
724 2315 863 2357 ademi
889 2316 1050 2357 curasl'
1081 2311 1208 2371 (adde
1233 2313 1351 2356 haut.
1383 2311 1467 2354 251
1501 2310 1672 2353 Phorm.

144 2385 230 2428 775
260 2386 351 2428 hec.
385 2386 452 2428 72.
487 2383 591 2442 100)
622 2385 802 2428 Numeri
832 2386 878 2428 in
909 2386 1030 2428 libris
1061 2385 1293 2428 traduntur
1323 2382 1495 2425 iambici

505 2456 618 2512 quis
651 2458 820 2511 alitem
850 2457 1017 2499 malitia
1048 2456 1121 2499 te?

147 2528 218 2584 qui
257 2530 306 2570 ut
349 2529 574 2570 serventur
617 2527 851 2583 prudenter
893 2530 1042 2570 monet
1084 2527 1389 2569 Buechelerus:
1438 2527 1673 2579 notumque

144 2601 211 2641 est
240 2613 370 2654 quam
399 2599 649 2654 frequenter
678 2598 725 2640 in
750 2598 993 2655 agitatoriis
1019 2598 1185 2641 scaenis
1211 2600 1254 2640 et
1284 2597 1436 2653 iurgiis
1467 2595 1671 2638 trochaici

144 2670 375 2725 septenarii
424 2670 471 2712 in
517 2669 762 2712 octonarios
811 2669 1019 2711 iambicos
1062 2668 1323 2711 transierint.
1397 2668 1490 2716 Quo
1535 2666 1584 2707 fit
1626 2667 1671 2707 ut

143 2741 273 2783 etiam
316 2740 363 2782 in
405 2756 443 2783 v.
492 2740 575 2782 193
618 2740 859 2796 praeferam
907 2740 1092 2782 iambos:
1141 2738 1401 2782 Menelaus
1444 2738 1548 2778 med
1594 2737 1673 2778 ob-

144 2813 316 2866 iuryat
344 2826 376 2853 e.
406 2826 443 2866 q.
472 2825 505 2854 s.

262 2881 316 2924 V.
352 2882 445 2924 194.
501 2881 637 2925 Paulo
669 2882 815 2925 durior
846 2882 1059 2925 molossus
1091 2882 1135 2922 ivi
1158 2880 1295 2934 Jn’ceeis
1326 2879 1588 2935 defenditur,
1620 2894 1673 2922 ne
