1942 3204
783 225 826 261 L.
852 223 1022 259 A‘rrlvs
1587 220 1672 264 285

163 332 222 376 35
251 331 418 389 Populo
452 330 835 374 communitionem
866 331 1010 373 rerum
1040 326 1263 386 portendit
1293 328 1385 370 fore

251 409 633 466 perpropinquam.
700 407 807 451 haec
850 407 961 451 bene
1010 408 1272 450 uerruncent
1321 405 1500 462 populo!
1569 420 1671 447 nam

1208 483 1324 540 quod
1355 482 1576 525 dexterum

258 563 383 621 Cepit
414 578 587 607 cursum
618 562 672 605 ab
702 562 829 606 laeua
853 562 1033 627 &ignum
1048 562 1344 624 praepotens,
1373 560 1674 618 pulcherrume

255 640 532 699 Atiguratum
563 643 629 691 est
661 642 752 684 rem
783 640 1027 683 Romanam
1064 640 1281 696 pliblicam
1319 639 1531 682 summzim
1569 638 1674 681 fore.

821 735 888 780 ΠΙ
939 737 969 779 4

315 849 324 858 .
368 814 447 872 'qui
479 817 593 858 recte
626 815 844 871 06nsulat‚
875 734 1026 858 co(ns)1ss
1058 808 1186 856 cluat}

822 909 887 953 IV
919 907 988 968 (5)

166 988 225 1031 40
256 987 440 1044 millius,
473 988 546 1044 qui
577 986 825 1031 libertatem
857 986 1025 1030 ciuibus
1057 984 1330 1029 stabilsuerat

683 1117 1097 1197 [CASSIVS]

888 1234 930 1278 V

806 1312 1008 1355 Lucretia

256 1390 396 1435 Nocte
428 1389 691 1447 intempesta
721 1390 917 1433 nostram
948 1387 1125 1432 deuenit
1156 1388 1342 1432 domum.

229 1510 288 1545 111
311 1510 429 1544 Varro
453 1509 499 1543 de
528 1509 554 1544 l.
571 1510 615 1546 L.
634 1509 666 1542 V
683 1510 727 1543 80
750 1508 800 1544 Μ.
826 1508 1008 1542 ‘consul
1033 1508 1263 1550 nominatus,
1290 1508 1353 1550 qui
1382 1507 1594 1541 consuleret
1617 1519 1681 1552 po-

140 1556 265 1600 pulum
283 1558 321 1588 et
337 1559 520 1597 senatum,
546 1555 619 1588 nisi
642 1554 746 1587 illinc
763 1555 888 1598 potius
905 1554 1003 1587 unde
1020 1553 1158 1587 Accius
1182 1554 1236 1586 ait
1252 1554 1291 1586 in
1310 1553 1442 1586 Bruto:
1469 1554 1530 1596 qui
1554 1558 1679 1587 recte’

141 1612 172 1635 e.
198 1611 232 1644 q.
257 1612 285 1636 s.
327 1600 515 1643 (Accius
549 1599 657 1633 Goth.
684 1600 867 1633 taccias
897 1600 921 1635 i.
948 1610 978 1632 e.
1004 1599 1045 1632 L.
1071 1599 1256 1639 Accius,
1282 1601 1323 1631 ut
1347 1608 1438 1631 corr.
1466 1599 1509 1634 Ο.
1529 1599 1681 1632 Muelle-

141 1657 202 1679 rus
227 1646 324 1680 Flor.
356 1649 453 1679 teste
477 1645 723 1678 Wilmannsio
748 1645 831 1678 Par.
853 1645 924 1678 abc
954 1645 1100 1678 tatius
1125 1643 1264 1686 Haun.)
1369 1644 1419 1678 IV
1451 1643 1585 1678 Cicero
1615 1655 1680 1688 pro

68 1715 78 1730 ,
141 1692 262 1725 Sestio
286 1693 348 1732 58,
374 1693 439 1724 123
470 1691 706 1724 ‘nominatim
737 1700 816 1723 sum
846 1689 1059 1734 appellatus
1092 1690 1131 1723 in
1155 1690 1287 1723 Bruto:
1318 1689 1485 1723 'Pullius'
1523 1701 1554 1725 e.
1586 1700 1620 1732 q.
1650 1701 1678 1725 s.

142 1736 312 1770 ‘miliens
336 1739 549 1769 reuocatum
577 1739 664 1769 est-³
697 1735 820 1769 Schol.
838 1735 929 1769 Bob.
948 1734 1038 1770 adl.
1058 1735 1081 1768 1.
1108 1735 1224 1768 ‘haec
1249 1735 1382 1768 etiam’
1410 1735 1540 1777 (Acci
1565 1736 1679 1769 enim

140 1782 325 1821 Halmius)
359 1781 574 1824 ‘tragoedia
604 1784 845 1824 praetextata
868 1781 1004 1814 Brutus
1034 1781 1266 1819 inscribitur,
1297 1780 1335 1813 in
1367 1789 1439 1823 qua
1470 1781 1680 1815 nominatus

143 1828 291 1871 quidem
317 1826 460 1861 Tunius
483 1826 647 1868 uidetur,
679 1827 744 1860 sed
776 1837 849 1860 non
872 1827 970 1859 idem
994 1826 1074 1869 ipse
1100 1826 1254 1868 Cicero,
1286 1829 1463 1868 quantum
1490 1827 1681 1869 pertineat

142 1873 191 1906 ad
214 1872 363 1906 Accium
391 1875 554 1915 poetam:
588 1875 765 1915 quantum
789 1871 836 1905 ad
871 1875 1035 1905 actorem
1061 1875 1201 1909 tamen,
1234 1872 1315 1904 sine
1341 1871 1452 1904 dubio
1478 1881 1540 1915 per
1564 1872 1681 1915 quali-

142 1921 257 1951 tatem
282 1918 441 1951 nominis
465 1917 592 1960 utique
618 1917 844 1961 significatio
871 1917 1054 1960 passionis
1081 1917 1160 1950 eius
1186 1915 1331 1950 eluxit.'
1439 1917 1471 1949 V
1496 1916 1613 1950 Varro
1638 1917 1682 1950 de

142 1963 167 1997 l.
193 1965 237 1997 L.
262 1963 312 1997 VI
330 1965 349 1997 7
376 1963 496 1996 ‘inter
519 1963 803 2006 uesperuginem
828 1966 865 1995 et
890 1963 997 1995 iubar
1020 1962 1120 1995 dicta
1145 1972 1228 1995 nox
1252 1962 1550 2005 intempesta,
1576 1966 1617 1995 ut
1642 1963 1680 1995 in

143 2010 258 2042 Bruto
283 2008 439 2041 Ca‘ssii
465 2008 580 2051 quod
605 2008 811 2042 dicebat’
835 2006 971 2050 (dicit
995 2009 1108 2041 Laur.
1127 2009 1182 2050 51,
1201 2010 1239 2041 5:
1265 2006 1390 2040 deficit
1412 2007 1473 2040 hic
1491 2008 1602 2041 Laur.
1623 2010 1679 2050 51,

146 2053 201 2097 10)
234 2053 495 2087 ‘Lucretiaz
526 2057 656 2087 nocte'
691 2065 721 2087 e.
748 2064 782 2097 q.
809 2063 838 2086 s.
886 2053 1028 2087 Ibidem
1053 2053 1123 2086 VII
1153 2054 1196 2087 72
1228 2055 1347 2086 ‘nunc
1378 2052 1423 2085 de
1447 2053 1680 2096 temporibus

144 2099 276 2133 dicam.
311 2099 415 2140 Quod
441 2102 498 2132 est
524 2099 621 2142 apud
647 2098 866 2132 Cassium:
893 2101 1021 2132 nocte’
1047 2108 1078 2131 e.
1097 2109 1130 2141 q.
1149 2109 1176 2132 s.
1212 2101 1304 2131 ‘nox
1329 2099 1554 2141 intempesta
1578 2099 1681 2131 dicta

146 2145 192 2178 ab
218 2147 457 2188 tempestate,
482 2148 687 2188 tempestas
711 2145 757 2178 ab
776 2149 961 2187 tempore,
986 2155 1058 2177 nox
1075 2144 1300 2187 intempesta
1318 2153 1388 2187 quo
1405 2147 1570 2187 tempore
1588 2143 1681 2176 nihil

145 2190 295 2233 agitur!
343 2189 494 2232 (Accii
517 2200 649 2223 nomen
673 2189 924 2234 reponendum
949 2192 1074 2223 censet
1096 2188 1278 2233 Scaliger,
1303 2189 1422 2222 minus
1447 2192 1548 2222 recte
1574 2200 1680 2232 prae-

145 2245 278 2314 xjicoxmfixli
297 2234 389 2323 206ῗί
423 2238 637 2269 statuerunt
669 2235 849 2269 Canterus
883 2236 977 2270 Nou.
1010 2235 1113 2269 Lect.
1145 2235 1175 2268 V
1207 2236 1251 2268 26
1287 2238 1326 2267 et
1360 2235 1557 2267 Turnebus
1588 2235 1679 2267 Adn.

148 2420 284 2458 Heius.
374 2418 408 2455 id
439 2431 509 2456 om.
541 2419 626 2457 Erl.
719 2422 907 2457 ostensum
939 2419 1023 2457 Erl.
1057 2420 1125 2456 alii
1154 2420 1263 2456 codd.
1294 2420 1402 2467 apud
1429 2419 1594 2457 Alamem

149 2475 202 2514 35
234 2476 512 2512 comutationem
544 2477 628 2514 Erl.
756 2477 808 2514 36
840 2477 1144 2525 perpropinquam
1181 2476 1382 2513 Turnebus
1411 2478 1679 2526 perpropinqua

149 2534 279 2570 Leidd.
302 2533 381 2570 AB
413 2533 566 2571 Vindob.
598 2534 799 2583 propinqua
832 2533 966 2570 Heius.
995 2533 1076 2569 Erl.
1164 2538 1363 2569 ueruncent
1391 2534 1499 2579 libri,
1531 2534 1679 2582 pridem

150 2601 254 2628 corr.
350 2589 536 2627 dexterum
567 2590 742 2637 Vossius,
776 2591 1026 2627 Hermannus
1055 2589 1097 2625 ad
1128 2589 1310 2627 dexteram
1341 2590 1448 2636 libri,
1480 2592 1555 2627 nisi
1582 2592 1685 2638 quod

151 2646 374 2684 adexterram
405 2646 510 2683 Leia.
533 2646 571 2689 B
598 2658 644 2684 m.
674 2658 737 2694 pr.
778 2647 820 2683 ad
850 2646 1035 2683 dexterem
1067 2646 1150 2683 Erl.
1292 2646 1344 2684 37
1377 2648 1491 2695 caepit
1522 2646 1624 2683 Leid.
1651 2648 1681 2682 A

152 2705 272 2753 coepit
291 2703 396 2740 Leid.
420 2703 456 2738 B
547 2703 643 2752 cepit
728 2714 807 2739 sum
839 2714 924 2740 cum
953 2704 1099 2740 lacuna
1129 2706 1167 2739 in
1201 2700 1430 2749 ναεόῖοεο,
1460 2705 1525 2740 ubi
1554 2705 1680 2740 altera

152 2772 199 2798 m.
228 2762 539 2808 suprascriptum
570 2770 633 2806 ca,
662 2760 702 2796 in
732 2761 905 2808 maryine
935 2758 999 2796 cu'r
1041 2760 1146 2797 Vind.
1233 2759 1275 2795 ad
1307 2759 1385 2796 leun
1418 2760 1550 2797 Heius.

155 2817 207 2854 39
229 2816 357 2854 consul
377 2816 474 2854 cluat
494 2817 713 2854 palmerius
733 2816 913 2865 Spiciley.
936 2828 1001 2864 ap.
1025 2817 1133 2853 (ἔνια.
1155 2816 1176 2853 Ι
1190 2817 1218 2853 V
1239 2816 1318 2853 712
1350 2816 1550 2853 consulem
1572 2818 1679 2855 Flor.

157 2874 265 2911 Goth.
296 2874 429 2911 Haun.
460 2873 643 2911 consulcia
674 2873 767 2910 Par.
797 2886 820 2910 a
852 2873 978 2910 consul
1009 2874 1077 2910 ciat
1108 2873 1202 2910 Par.
1232 2873 1253 2909 b
1283 2872 1410 2909 consul
1442 2871 1502 2909 fiat
1533 2873 1627 2911 Par.
1660 2886 1682 2911 c

155 2929 283 2967 consul
303 2929 379 2967 fuat
398 2930 631 2979 Auqustimas
650 2930 778 2967 consul
797 2931 866 2967 siet
888 2930 1119 2967 Niebuhr-ius
1136 2929 1238 2966 Hise.
1259 2930 1366 2966 Rom.
1380 2929 1400 2965 Ι
1417 2930 1497 2967 578
1520 2931 1577 2967 ed.
1595 2935 1681 2968 tert.
