1942 3204
216 157 298 199 106
818 158 868 191 M.
893 157 1135 199 PACVVIVS

869 260 953 303 XV
986 259 1082 318 (11)

330 340 579 395 Populoque
612 340 660 380 ut
690 339 881 380 faustum
913 338 1169 393 sempiterne
1202 339 1412 394 sospitent

856 414 963 457 XVI
995 412 1092 471 (16)

214 494 300 537 235
331 493 527 549 Repudio
559 492 812 548 hospitium:
845 491 1177 547 regrediundum
1210 494 1275 534 est
1305 490 1417 534 ssico.

862 568 990 611 XVII
1023 567 1090 625 (4)

332 648 514 690 Possum
545 648 625 703 ego
656 647 784 688 istam
816 646 954 701 capite
987 645 1150 687 0111110111
1182 645 1543 687 auerrunceissere.

836 722 989 765 XVIII
1021 720 1117 779 (15)
1372 777 1375 781 ἱ

335 800 427 851 Qua
460 816 586 856 super
617 801 691 842 red
723 799 998 842 interfectum
1032 797 1110 855 [tii]
1145 813 1236 841 esse
1268 781 1411 841 dixisti
1442 798 1708 855 Hippotem?
1736 840 1739 842 .

879 875 985 919 XIX
1018 874 1085 932 (7)

334 954 477 1011 Atque
510 956 655 1005 eccum
686 955 733 996 in
763 955 856 1009 ipso
889 954 1081 1008 tempore
1114 954 1331 994 ostentum
1364 955 1524 995 senem!

725 1030 808 1073 XX
842 1028 973 1087 (Enn.
1005 1029 1157 1071 Medea
1189 1027 1235 1086 5)

336 1108 440 1160 Quis
472 1111 520 1151 tu
553 1124 614 1165 es,
645 1109 808 1164 mulier,
840 1108 948 1163 quae
979 1121 1045 1148 me
1065 1107 1234 1149 insueto
1254 1108 1514 1163 nuncupasti
1533 1108 1738 1150 nomine?

312 1242 379 1274 XV
402 1241 493 1276 Non,
520 1241 600 1280 170,
629 1241 669 1272 19
695 1238 1005 1280 ‘sempiterne
1032 1237 1072 1269 P.
1099 1237 1208 1270 Medo
1231 1240 1305 1270 ...⁹
1344 1237 1446 1269 Idem
1472 1239 1553 1280 176,
1580 1239 1600 1270 5
1626 1241 1742 1271 ‘sos-

218 1286 380 1329 pitent,
408 1285 564 1318 saluent.
590 1310 597 1317 .
613 1309 620 1317 .
636 1309 643 1316 .
666 1285 706 1317 Ρ.
731 1284 839 1316 Medo
862 1307 893 1315 ..
909 1285 936 1316 .’
1029 1281 1115 1315 XVI
1139 1282 1231 1318 Non.
1249 1284 1327 1324 3²25,
1355 1284 1371 1314 1
1399 1281 1531 1315 ‘ilico
1557 1283 1742 1325 significat

218 1332 360 1373 statim,
386 1341 479 1363 11101.
518 1331 558 1362 P.
575 1330 683 1363 Medo
707 1354 738 1363 ..
754 1332 782 1363 .’
876 1328 981 1361 XVII
1005 1327 1096 1363 Non.
1116 1329 1170 1370 74,
1195 1329 1237 1360 25
1263 1328 1612 1370 ‘aben-uncam,
1639 1339 1742 1360 auer-

217 1380 296 1409 tere
397 1376 582 1408 Pacuuius
600 1375 708 1407 Medo
731 1377 806 1408 ...⁹
833 1372 1154 1416 (auerrunoare
1181 1375 1384 1405 euertere
1401 1372 1544 1413 Bamb.)
1617 1373 1742 1406 XVIII

217 1422 352 1455 Festus
376 1432 410 1464 p.
438 1422 504 1454 305
529 1421 577 1454 M.
604 1424 765 1462 ‘super
789 1437 827 1442 —
856 1436 899 1441 —
925 1419 1070 1460 ponitur
1095 1418 1207 1450 etiam
1233 1428 1297 1460 pro
1323 1417 1385 1459 de,
1419 1418 1560 1451 Graeca
1592 1429 1743 1451 consue-

219 1467 366 1505 tudine,
392 1469 433 1498 ut
457 1466 514 1498 illi
539 1466 664 1498 dicunt
689 1460 786 1506 ὑπέρ
803 1480 847 1488 --·
863 1481 905 1486 -—
922 1464 963 1495 P.
981 1464 1019 1495 in
1036 1462 1158 1495 Medo:
1185 1466 1275 1505 qua’
1296 1473 1326 1498 e.
1345 1473 1376 1506 q.
1396 1473 1423 1495 s,
1494 1463 1581 1495 XIX
1605 1463 1741 1496 Festus

218 1524 253 1554 p.
280 1514 345 1545 194
369 1512 417 1547 M.
445 1514 692 1544 ‘ostentum
718 1521 790 1543 non
815 1509 931 1542 solum
961 1519 1025 1551 pro
1049 1511 1220 1550 portento
1245 1508 1331 1551 poni
1363 1507 1498 1548 solere,
1532 1508 1597 1541 sed
1629 1509 1742 1542 etiam

219 1557 505 1600 participialiter
528 1581 716 1590 .........
738 1555 946 1588 testimonio
972 1556 1029 1586 est
1053 1554 1091 1588 P.
1118 1554 1155 1585 in
1180 1553 1308 1586 Medo:
1334 1556 1467 1595 atque’
1494 1564 1523 1585 e.
1549 1563 1581 1595 q.
1606 1563 1635 1586 s.

219 1602 287 1635 XX
312 1603 426 1634 Varro
452 1602 495 1633 de
521 1602 545 1635 1.
571 1603 612 1634 L.
637 1602 687 1634 VI
712 1603 755 1634 60
780 1601 828 1632 M.
857 1603 1136 1641 ‘nuncupare
1162 1598 1349 1631 nominare
1373 1597 1499 1631 ualere
1524 1601 1681 1641 apparet
1705 1599 1743 1631 in

217 1647 362 1690 legibus
386 1672 416 1680 ..
432 1672 439 1680 .
462 1647 546 1679 item
571 1648 609 1679 in
634 1647 743 1679 choro
768 1647 806 1678 in
832 1655 900 1688 quo
927 1649 982 1678 est
1010 1669 1018 1677 .
1039 1668 1047 1676 .
1067 1669 1075 1676 .
1100 1644 1189 1676 item
1213 1644 1251 1676 in
1274 1643 1436 1676 Medio:
1463 1643 1567 1685 quis’
1594 1654 1625 1676 e.
1651 1653 1684 1686 q.
1713 1654 1740 1677 5.

219 1692 360 1735 (deficit
375 1692 486 1732 Laur.
510 1694 565 1732 51,
591 1691 646 1733 10)
664 1690 861 1724 Diomedes
878 1689 914 1722 ΙΙ
932 1701 966 1731 p.
983 1691 1050 1722 449
1067 1689 1107 1721 P.
1135 1690 1232 1731 ‘quis
1250 1688 1390 1729 mulier,
1418 1698 1499 1720 011111
1516 1688 1589 1720 dici
1609 1689 1743 1722 debeat

220 1748 311 1780 quae
338 1738 480 1778 mulier,
507 1738 602 1780 apud
627 1738 846 1770 Pacuuium:
878 1736 977 1778 quis’
998 1746 1027 1767 e.
1046 1744 1077 1776 q.
1098 1744 1125 1766 s.
1155 1737 1240 1776 ‘pro
1268 1744 1372 1776 quae.
1400 1733 1638 1767 masculinum
1662 1734 1743 1776 quis

219 1793 283 1826 pro
309 1783 485 1815 feminino
510 1783 661 1825 posuit.'
688 1781 948 1821 (Pacuuium
973 1780 1057 1814 Par.
1076 1781 1118 1820 B,
1145 1780 1387 1811 Lauantinus.
1411 1779 1585 1811 cuuium
1609 1779 1692 1811 Par.
1712 1781 1741 1812 B

222 1828 364 1861 cuium
381 1830 524 1861 Monac.
544 1828 731 1860 Ennium
751 1824 852 1869 edd.)
878 1825 1066 1858 Charisius
1083 1825 1132 1857 IV
1149 1835 1182 1866 p.
1201 1826 1268 1857 240
1284 1825 1325 1857 Ρ.
1351 1823 1603 1856 ‘soloecismus
1620 1822 1660 1856 fit
1683 1849 1690 1857 .
1705 1850 1712 1857 .
1728 1849 1736 1856 .

221 1874 511 1916 pronominibus,
536 1878 593 1905 ut:
626 1873 723 1915 quis
747 1875 793 1904 tu
819 1881 864 1903 es
894 1870 1078 1902 mulier?
1105 1880 1169 1911 pro
1197 1871 1318 1911 quae.’
1353 1866 1503 1911 [Sergii]
1531 1868 1677 1911 explan.
1702 1870 1742 1901 in

219 1920 356 1951 Donat.
381 1919 418 1951 ΙΙ
450 1918 612 1961 (gramm.
644 1919 746 1951 Latt.
774 1916 886 1949 Keilii
911 1915 983 1948 uol.
1009 1915 1060 1948 IV
1090 1926 1123 1957 p.
1149 1913 1230 1957 563)
1263 1913 1520 1946 ‘soloecismus
1551 1938 1560 1946 .
1581 1938 1588 1945 .
1609 1938 1617 1946 .
1638 1938 1646 1946 .
1678 1924 1742 1956 per

220 1974 356 2006 genera
465 1963 561 2006 apud
586 1963 802 1995 Pacuuium:
830 1961 929 2004 quis'
955 1971 983 1992 e.
1010 1970 1043 2002 q.
1069 1971 1098 1992 s.
1140 1960 1334 2002 Pompeius
1359 1961 1548 1993 comment.
1575 1959 1612 1990 in
1630 1959 1743 1991 Keilii

220 2019 370 2052 gramm.
395 2010 497 2041 Latt.
526 2008 600 2041 uol.
626 2008 656 2039 V
682 2019 717 2050 p.
743 2009 809 2040 206
841 2005 959 2049 ‘apud
990 2005 1149 2037 maiores
1180 2007 1324 2037 nostros
1355 2003 1611 2036 indifferenter
1641 2004 1742 2036 inue-

219 2055 337 2087 nimus
361 2054 430 2086 hoc
455 2063 669 2096 pronomen,
697 2055 733 2085 et
758 2052 838 2094 quis
862 2052 920 2083 uir
943 2053 978 2083 et
1003 2051 1083 2092 quis
1108 2050 1238 2082 mulier
1260 2073 1267 2081 .
1289 2074 1296 2081 .
1316 2074 1325 2082 .
1357 2052 1413 2081 est
1438 2051 1557 2081 autem
1583 2049 1678 2081 ratio
1705 2052 1742 2081 et

220 2100 321 2140 origo
351 2099 456 2131 huius
488 2098 711 2141 pronominis
743 2108 764 2130 a
795 2097 936 2129 Graeco
967 2120 976 2129 .
996 2120 1004 2127 .
1024 2119 1032 2127 .
1063 2094 1121 2133 τίς
1153 2099 1275 2127 autem
1309 2093 1406 2136 apud
1431 2093 1620 2126 illostam
1651 2104 1744 2126 mas-

222 2145 338 2176 culini
368 2145 514 2187 generis
546 2147 603 2176 est
634 2154 743 2186 quam
779 2141 957 2176 feminini.
1009 2151 1095 2182 ergo
1125 2164 1133 2173 .
1155 2165 1163 2173 .
1185 2165 1193 2173 .
1228 2141 1469 2172 seruauerunt
1493 2139 1603 2171 etiam
1628 2149 1743 2181 genus

222 2189 383 2231 antiqui,
415 2192 456 2221 ut
483 2191 554 2222 est:
589 2190 686 2231 quis
711 2191 757 2220 tu
791 2197 835 2220 es
859 2186 1033 2224 mulier,
1067 2186 1141 2228 qui
1172 2195 1234 2218 me
1258 2185 1339 2218 hoc
1364 2185 1644 2227 nuncupasti
1667 2195 1743 2216 no-

333 2338 414 2375 234
444 2338 652 2386 populoque
685 2342 723 2373 ut
741 2338 833 2374 libri
855 2347 896 2383 p.
923 2335 1022 2382 170,
1053 2338 1129 2372 nisi
1157 2335 1258 2383 quod
1275 2335 1414 2371 litteris
1435 2343 1480 2380 po
1504 2335 1741 2379 compunctis
1778 2378 1783 2382 ¹

232 2396 282 2431 W
306 2395 442 2443 populo
474 2396 534 2442 qui
562 2395 652 2431 libri
677 2405 715 2441 p.
741 2394 818 2430 176
935 2392 1014 2430 235
1048 2392 1243 2439 hospitium
1274 2389 1476 2426 Heinsius.-
1508 2389 1562 2435 ef.
1595 2388 1675 2426 232
1707 2394 1743 2425 et

221 2453 354 2488 Plauti·
383 2452 483 2488 Rud.
516 2451 596 2488 883
628 2451 824 2498 auspicium
854 2450 944 2486 libri
1037 2448 1116 2485 236
1148 2447 1281 2496 possim
1324 2446 1449 2483 Vrbin.
1473 2445 1552 2482 307
1640 2446 1743 2481 istam
1791 2469 1795 2474 Α

223 2504 357 2557 capite]
389 2510 502 2544 istanc
532 2518 551 2542 a
581 2512 616 2542 te
645 2507 798 2554 Lipsius
818 2505 905 2542 Ant.
927 2506 1029 2542 Lect.
1063 2505 1093 2541 V
1114 2504 1164 2540 14
1262 2502 1340 2540 237
1372 2501 1436 2538 red
1465 2512 1568 2537 nunc
1589 2503 1741 2547 scripsi.

223 2576 262 2601 rc
294 2566 377 2601 cod.
483 2569 522 2599 tu
552 2566 699 2600 inserui
803 2562 993 2610 Hippotem
1023 2561 1142 2597 dixisti
1174 2561 1269 2602 cod„
1303 2568 1402 2607 quae
1431 2568 1534 2594 nunc
1566 2562 1742 2604 transpo-

224 2623 303 2658 sui.-
341 2623 426 2658 olim
456 2620 541 2656 dixti
571 2619 763 2667 Hippotem
795 2621 978 2655 creticum
1009 2621 1270 2655 tetrametrum
1298 2617 1412 2663 finire
1442 2615 1555 2650 uolui.
1604 2614 1742 2650 lambi-

223 2689 307 2714 cum
338 2679 532 2714 senarium
569 2687 637 2723 qua
675 2675 784 2723 super
821 2686 859 2710 re
887 2675 1119 2711 intersectum
1158 2683 1237 2708 esse
1267 2672 1390 2708 dixisti
1420 2670 1612 2717 Hippotem
1644 2680 1741 2706 com-

223 2735 415 2770 mendauit
434 2734 477 2769 L.
499 2733 665 2770 Mueller
695 2734 740 2769 de
771 2741 814 2772 re
843 2743 890 2767 m.
912 2730 1006 2766 422.
1101 2729 1180 2766 239
1212 2728 1374 2776 quisquis
1404 2727 1551 2762 Nonius
1581 2727 1742 2773 quisnam

223 2791 369 2826 Iuliani
398 2800 482 2826 exc.
571 2793 611 2824 tu
642 2793 662 2824 0
691 2789 850 2835 Pompei
875 2787 970 2824 Par.
995 2786 1024 2822 C
1050 2797 1088 2822 es
1121 2790 1159 2821 tu
1178 2786 1323 2822 Iuliam·
1351 2794 1437 2819 exc.
1524 2781 1652 2818 mulier
1683 2783 1744 2830 qui

225 2857 280 2882 me
301 2847 500 2883 Diomedes
529 2846 590 2893 qui
620 2845 749 2881 mulier
779 2855 834 2880 me
866 2844 935 2879 hoc
954 2843 1110 2889 Pompei
1139 2841 1327 2889 Wolfenh.
1351 2840 1498 2876 Pariss.
1521 2838 1590 2875 BC
1617 2838 1743 2874 mulier
