1942 3204
814 199 861 233 M.
891 199 1130 237 PAcvvlvs
1666 203 1747 247 135

208 302 371 346 tione:
400 302 525 345 haut
558 303 714 360 facul,
745 306 799 347 ut
830 306 904 348 ait
934 305 1210 363 Pacuuius,
1248 308 1440 351 femina
1474 313 1571 352 lina
1605 310 1744 353 inuo-

202 379 377 424 niettir
413 380 574 423 bona?
638 381 765 424 Vnde
796 382 1092 428 Pacuuianum
1131 400 1303 428 uersum
1341 381 1512 430 efficere
1550 389 1641 430 tam
1679 391 1745 431 est

206 456 419 500 lubricum
451 472 581 514 quam
612 460 816 516 procliue.
878 459 1118 518 Scripserat
1148 461 1364 506 Pacuuius
1396 464 1599 509 fortasse:

322 534 451 578 Haud
483 535 608 579 facile
640 537 803 581 femina
834 542 922 582 tina
952 539 1198 584 inuenietur
1229 541 1357 585 bona.

806 622 884 665 LV
916 620 1031 680 (LIV.
1065 622 1162 685 37)

321 694 497 740 Galeam

790 777 892 821 LVI
931 776 1027 836 (LV.
1072 778 1150 838 43)

323 853 466 895 torrus
901 853 907 859 ”

776 914 901 959 LVII
933 914 1048 974 (LVI.
1082 916 1160 975 38)

317 988 437 1031 iteris

754 1069 900 1114 LVIII
932 1068 1065 1128 (Lvn.
1104 1071 1182 1130 40)

315 1144 533 1190 insomnia

769 1225 870 1269 LIX
903 1223 1054 1284 (LVIII.
1087 1226 1165 1284 39)

314 1304 436 1362 puts..
467 1303 531 1348 ita

849 1381 928 1424 LX
960 1379 1084 1442 (LIX)

311 1442 383 1486 hie
413 1442 533 1486 Iouis

195 1549 343 1592 Graeci,
370 1561 443 1583 non
462 1550 575 1594 patrii
595 1551 728 1593 poetae
746 1548 998 1582 uerba-uideri
1016 1549 1054 1582 in
1071 1547 1292 1584 Curculione
1310 1550 1435 1584 Plauti
1454 1552 1601 1586 laudari
1618 1564 1653 1590 u.
1671 1556 1734 1588 591

196 1595 292 1629 ‘anti
319 1605 404 1628 uom
422 1600 569 1639 poetam
587 1594 715 1628 audiui
731 1594 928 1638 scripsisse
945 1595 982 1627 in
1001 1595 1209 1637 tragoedia,
1231 1594 1452 1630 Mulieres
1475 1598 1586 1632 duas
1611 1602 1736 1643 peio-

193 1651 264 1674 res
295 1606 397 1674 gese
424 1651 551 1684 quam
575 1651 703 1673 unam
734 1638 1002 1674 mulierem)
1103 1640 1168 1673 LV
1193 1641 1384 1675 Charisius
1415 1643 1433 1676 I
1459 1654 1492 1686 p.
1517 1646 1562 1677 50
1586 1645 1627 1678 P.
1660 1646 1736 1679 ‘in-

192 1686 393 1720 ueniuntur
419 1689 542 1719 tamen
568 1685 750 1729 quaedam
768 1685 985 1728 peregrina,
1011 1695 1106 1728 quae
1133 1696 1214 1719 eum
1230 1687 1459 1722 incremento
1477 1689 1648 1732 syllabae
1674 1691 1737 1724 de-

194 1731 392 1774 clinantur,
418 1735 460 1764 ut
485 1731 645 1765 Calchas
666 1730 796 1771 Pallas
819 1730 927 1764 Atlas
952 1731 1068 1774 gigas.
1103 1731 1265 1766 Faciunt
1290 1733 1386 1765 enim
1413 1732 1629 1769 Calchantis
1645 1736 1736 1769 Pal-

192 1777 308 1811 lantis
341 1775 534 1820 [Atlantis]
571 1777 753 1821 gigantis,
789 1776 958 1819 quamuis
989 1777 1152 1820 antiqui,
1190 1781 1232 1810 ut
1269 1778 1457 1812 Pacuuius
1493 1783 1530 1813 et
1560 1781 1731 1824 Plautus,

191 1821 406 1856 Culcham
432 1822 578 1861 dicant,
610 1833 682 1856 non
708 1821 980 1856 Calchantem?
1021 1822 1215 1855 ealehan
1248 1823 1344 1856 cod:
1379 1823 1529 1858 collatis
1562 1836 1606 1860 ex
1630 1827 1729 1860 Pris-

191 1869 299 1901 ciano
323 1868 375 1901 VI
400 1878 435 1911 p.
455 1870 520 1902 702
538 1869 579 1902 Ρ.
604 1872 642 1902 et
666 1867 786 1902 Probo
811 1867 982 1901 Putsehii
1006 1878 1041 1921 p.
1063 1869 1149 1902 1467
1174 1868 1302 1902 formis
1327 1868 1532 1903 ‘Calchas’
1558 1875 1598 1905 et
1622 1871 1730 1905 ‘Cal-

192 1914 282 1947 cha’
308 1913 524 1947 Caleham
556 1914 680 1954 (immo
712 1912 917 1953 Galeam)
950 1912 1183 1947 scribendum
1215 1924 1296 1948 esse
1328 1915 1470 1948 monuit
1501 1915 1730 1951 Ritsehelius

190 1959 288 1996 Prol.
313 1959 413 1993 Trin.
431 1970 464 2003 p.
482 1959 702 2001 LXXXVII,
729 1968 835 2002 quem
854 1969 926 1992 non
951 1960 1117 2002 respexit
1135 1959 1396 1993 Lachmannus
1414 1962 1452 1994 in
1470 1962 1580 1996 Luer.
1602 1963 1632 1995 V
1650 1964 1728 1998 839.

282 2005 366 2040 LVI
391 2004 542 2038 Seruius
566 2005 606 2038 in
630 2007 722 2040 Aen.
746 2005 818 2039 XII
843 2005 910 2038 298
941 2007 1046 2037 ‘nam
1077 2004 1167 2038 illud
1193 2005 1306 2038 Ennii
1336 2009 1374 2039 et
1398 2007 1556 2040 Pacuuii
1582 2010 1730 2051 penitus

190 2050 235 2083 de
261 2061 329 2084 usu
353 2051 532 2094 recessit,
560 2054 602 2084 ut
625 2050 698 2084 hie
722 2052 893 2090 ton-us,
925 2049 1034 2083 huius
1058 2051 1149 2084 torri
1174 2050 1370 2084 dieamus.'
1471 2053 1576 2087 LVII
1602 2053 1731 2087 Chari—

189 2096 265 2129 sius
287 2095 306 2129 1
330 2106 362 2139 p.
391 2097 434 2130 63
460 2096 500 2130 Ρ.
528 2097 624 2129 ‘iter
647 2096 754 2130 iteris
778 2095 890 2129 debet
915 2095 1060 2137 faeere,
1092 2107 1165 2130 non
1189 2097 1336 2130 itineriS
1359 2122 1366 2130 .
1382 2122 1388 2129 .
1405 2122 1412 2130 .
1435 2097 1571 2141 plurali
1606 2103 1730 2132 tamen

189 2152 338 2175 numero
368 2142 504 2175 itinera
534 2151 680 2185 semper
709 2141 885 2176 dicemus.
932 2151 1003 2175 non
1036 2141 1134 2174 enim
1165 2142 1262 2175 sieut
1286 2142 1418 2176 huius
1449 2143 1584 2177 iteris
1609 2144 1728 2183 Pacu-

189 2188 274 2220 uius
298 2187 410 2229 dixit,
439 2191 478 2221 et
503 2187 598 2221 haee
623 2188 721 2221 itera
745 2187 866 2230 potuit
887 2186 1037 2220 dicere.’
1070 2187 1172 2221 Idem
1198 2199 1233 2231 p.
1263 2189 1326 2222 109
1343 2188 1384 2221 Ρ.
1411 2188 1618 2223 ‘Pacuuius
1643 2201 1730 2234 quo-

190 2242 260 2275 que
285 2233 390 2266 iteris
417 2232 537 2266 dixit)
631 2233 754 2267 LVIII
778 2232 930 2266 Seruius
954 2232 994 2265 in
1017 2232 1110 2267 Aen.
1136 2233 1187 2267 IV
1211 2235 1232 2267 9
1258 2233 1348 2267 ‘hoe
1373 2234 1470 2267 enim
1494 2236 1652 2269 maiores
1676 2237 1730 2269 in-

188 2282 247 2311 ter
270 2277 421 2322 uigilias
453 2281 490 2311 et
520 2289 565 2312 ea
597 2289 693 2322 quae
724 2278 891 2312 uidemus
922 2278 960 2311 in
985 2279 1124 2313 somnis
1148 2279 1331 2313 interesse
1363 2279 1576 2322 uoluerunt,
1609 2285 1649 2314 ut
1673 2282 1728 2314 in-

189 2324 331 2357 somnia
355 2324 506 2367 gen‘eris
524 2323 692 2357 feminini
709 2324 851 2357 numeri
867 2323 1068 2367 singularis
1083 2324 1251 2368 uigiliam
1278 2324 1520 2368 significaret,
1546 2326 1728 2360 insomnia

189 2378 278 2402 uero
305 2369 452 2412 generis
477 2370 601 2402 nentri
624 2370 766 2403 numeri
791 2369 946 2414 pluralis
971 2379 1033 2412 ea,
1059 2380 1153 2413 quae
1179 2380 1245 2414 per
1267 2371 1447 2404 somnium
1463 2371 1642 2411 uidemus,
1669 2377 1727 2405 ut:

191 2414 255 2448 sed
282 2413 381 2447 falsa
406 2413 454 2448 ad
478 2414 620 2448 eaelum
644 2415 799 2448 mittunt
822 2414 1006 2448 insomnia
1037 2426 1165 2449 manes
1189 2415 1294 2459 (Aen.
1319 2416 1369 2450 IV
1394 2416 1488 2459 897).
1528 2416 1726 2451 Sciendum

188 2459 322 2503 igitur:
349 2462 451 2503 quia,
477 2461 507 2493 si
534 2463 649 2495 terret
667 2461 881 2500 dixerimus,
908 2461 1064 2504 antiqua
1082 2461 1153 2494 erit
1169 2461 1342 2495 elocutio.
1375 2462 1604 2496 Insomnia
1630 2465 1726 2496 enim

190 2505 282 2538 licet
308 2507 345 2538 et
369 2505 557 2539 Pacuuius
582 2509 619 2540 et
642 2507 786 2540 Ennius
811 2507 1027 2550 frequenter
1050 2507 1223 2549 dixerint,
1247 2507 1389 2541 Plinius
1416 2511 1540 2541 tamen
1566 2509 1727 2542 exclusit

188 2554 227 2583 et
251 2550 296 2583 de
321 2560 391 2584 usu
415 2551 597 2586 remouit.’
702 2552 786 2584 LIX
813 2552 963 2586 Seruius
988 2553 1026 2585 in
1051 2552 1142 2586 Aen.
1166 2553 1204 2586 II
1229 2555 1293 2587 651
1321 2553 1640 2597 ‘praepositiones
1666 2555 1725 2587 uel

187 2595 364 2629 aduerbia
389 2597 426 2629 in
451 2608 473 2630 a
499 2597 674 2630 exeuntia
691 2598 795 2631 modo
813 2597 1020 2640 producunt
1036 2598 1206 2631 ultimam
1222 2598 1403 2641 litteram,
1432 2603 1587 2641 excepto
1614 2602 1724 2642 puta

188 2645 226 2674 et
250 2641 332 2683 ita,
358 2652 454 2685 quae
479 2642 579 2686 apud
603 2643 760 2676 Ennium
786 2647 824 2676 et
850 2644 1051 2677 Pacuuium
1077 2644 1205 2678 breuia
1230 2648 1343 2678 sunt.’
1437 2643 1503 2676 LX
1530 2644 1724 2687 Pompeius

187 2696 314 2722 comm.
341 2698 375 2730 p.
403 2688 467 2722 187
492 2687 659 2731 (gramm.
683 2689 787 2723 Latt.
816 2688 910 2721 Keil.
933 2688 1008 2722 uol.
1035 2688 1084 2731 V)
1111 2689 1201 2723 ‘hoe
1226 2690 1345 2732 ipsum
1371 2689 1484 2722 etiam
1511 2689 1606 2731 quod
1631 2690 1723 2723 ‹lixi-

186 2742 283 2774 mus,
308 2732 369 2765 hic
394 2733 564 2776 Iuppiter
587 2737 625 2767 et
648 2733 756 2767 huius
773 2734 892 2774 Iouis,
919 2734 1016 2777 apud
1034 2734 1208 2777 antiquos
1234 2735 1347 2768 libros
1366 2734 1570 2767 inuenimus
1590 2734 1722 2778 plenas

298 2850 380 2890 426
402 2852 488 2889 haut
508 2853 782 2891 Lac-lemannus
811 2856 850 2891 in
874 2854 989 2891 Lucr.
1010 2854 1082 2892 III
1099 2853 1182 2892 400
1210 2859 1270 2890 aut
1289 2855 1380 2890 libri
1410 2853 1503 2890 haud
1526 2855 1583 2891 ecl.
1609 2854 1718 2893 1526

303 2907 435 2945 semina
466 2920 535 2947 una
567 2911 841 2948 Lachmannus
870 2911 1023 2958 femina,
1057 2923 1129 2948 om.
1163 2922 1252 2957 una,
1282 2911 1374 2947 libri
