1942 3204
688 253 958 290 POMPILIVS
1052 253 1218 288 wmvs
1647 248 1730 291 227

307 420 418 479 (ln'e)
450 420 570 464 Iouis
912 359 1014 403 XLI

308 544 448 584 status
899 479 1026 524 XLII

306 662 459 719 amiga
889 599 1037 644 XLIII

767 738 1149 798 POMPILIVS
1181 796 1188 799 .

304 837 403 882 Heu
435 839 521 895 quai
543 829 620 882 ‘me
653 853 802 896 causa,
833 837 1048 895 F6stuna,
1080 836 1238 880 infeste
1269 835 1460 894 premis?

477 971 536 1029 O.
582 971 814 1031 IVLIVS
855 969 1131 1030 CAESAR
1172 969 1446 1028 STRABO

804 1084 1117 1130 ADRASTVS

312 1164 422 1209 Cum
454 1166 598 1222 cupita
630 1166 758 1208 uiridi
789 1166 912 1209 lauro
946 1166 1090 1208 uelare
1122 1163 1341 1221 imperant

306 1243 744 1303 Prophetae->sanctu
776 1245 897 1287 caieta
928 1244 1002 1300 qui
1033 1244 1195 1300 purzint
1227 1257 1364 1285 sacra.-

186 1354 357 1386 ‘nostrae
384 1352 549 1396 glossae:
583 1352 734 1395 pristrix
765 1351 894 1386 bellua
925 1352 1048 1384 maris.
1098 1350 1226 1384 Actius
1257 1351 1478 1394 pristices
1505 1350 1625 1384 dixit)
1674 1350 1732 1387 Cf.

186 1397 380 1431 Ritachelii
406 1407 532 1441 opusc.
558 1398 594 1431 11
619 1399 687 1431 460
711 1408 791 1442 sqq.
901 1397 987 1430 XLI
1019 1397 1208 1440 Excerpta
1240 1407 1284 1430 ex
1309 1407 1418 1430 anon.
1449 1407 1600 1440 gramm.
1632 1397 1669 1429 in
1696 1398 1736 1429 A.

186 1443 262 1476 Mai
294 1447 393 1477 auct.
425 1443 535 1477 class.
562 1444 594 1476 V
621 1445 680 1476 151
718 1443 894 1487 ‘legimus
926 1444 966 1476 in
997 1442 1119 1486 Capro
1151 1443 1222 1476 hic
1252 1443 1387 1477 louis.
1434 1443 1548 1475 etiam
1571 1442 1738 1475 Naeuius

185 1489 308 1522 Attius
325 1489 530 1531 Pacuuius,
557 1499 682 1522 omnes
708 1490 771 1522 isti
796 1492 952 1522 utuntur
976 1488 1045 1521 hoc
1071 1488 1267 1532 exemplo)
1356 1488 1460 1521 XLII
1484 1489 1576 1523 Non.
1595 1489 1675 1529 226,
1693 1490 1737 1520 24

187 1537 393 1569 ‘statura
418 1535 564 1578 generis
590 1535 772 1571 feminini.
822 1535 990 1568 Lucilius
1014 1534 1078 1567 lib.
1103 1544 1249 1567 xxvnr:
1283 1544 1396 1577 quare
1422 1543 1488 1577 pro
1516 1534 1634 1575 facie,
1671 1545 1737 1577 pro

189 1583 335 1613 statura
359 1581 487 1614 Acciu'
517 1582 695 1613 status?
738 1580 796 1615 Cf.
824 1579 1053 1614 Ritsehelius
1078 1579 1122 1612 de
1148 1579 1325 1613 fictilibus
1349 1579 1528 1613 litteratis
1554 1579 1602 1622 (a.
1631 1579 1737 1621 1853)

187 1636 220 1668 p.
247 1627 300 1658 11.
395 1625 520 1659 XLIII
547 1626 662 1658 Varro
695 1625 739 1659 de
772 1626 796 1660 1.
823 1627 868 1661 L.
895 1627 927 1659 V
952 1626 996 1659 98
1028 1626 1076 1658 Μ.
1110 1627 1279 1666 ‘aries‚
1315 1625 1414 1668 quod
1444 1635 1523 1658 eum
1557 1625 1736 1658 dicebant

187 1665 287 1715 ἀρήν
317 1674 485 1712 ueteres,
517 1673 635 1704 nostri
665 1671 849 1714 aruiga„
881 1671 970 1705 hinc
1002 1672 1191 1713 aruignus.
1241 1671 1350 1704 Haec
1387 1674 1474 1705 sunt
1505 1681 1658 1714 quarum
1699 1672 1736 1703 in

186 1716 381 1750 sacrificiis
405 1720 492 1750 exta
516 1717 554 1749 in
579 1716 674 1754 olla,
698 1727 772 1750 non
797 1717 835 1750 in
859 1727 952 1751 ueru
977 1719 1176 1758 cocuntur,
1208 1727 1298 1761 quas
1324 1720 1361 1750 et
1384 1717 1521 1750 Accius
1546 1716 1676 1750 scribit
1701 1720 1738 1749 et

186 1764 225 1796 in
251 1761 457 1806 pontificiis
484 1762 590 1796 libris
615 1762 810 1798 uidemus.’
858 1763 1041 1803 (Ateius
1065 1761 1238 1796 Osannus
1263 1762 1370 1795 Anai.
1397 1763 1479 1796 crit.
1509 1773 1544 1805 p.
1569 1760 1627 1805 66)

277 1807 359 1841 Non
393 1807 666 1852 praetereunda
690 1808 883 1842 Vrbinatis
915 1819 951 1842 n.
976 1809 1044 1842 308
1074 1809 1112 1841 in
1137 1808 1256 1841 Nonio
1282 1819 1316 1851 p.
1342 1809 1428 1850 231,
1456 1810 1498 1841 14
1529 1809 1735 1850 scriptura:

188 1857 375 1898 ‘uepres
406 1878 415 1886 .
436 1879 443 1886 .
463 1878 472 1887 .
510 1854 687 1887 feminino
719 1855 874 1888 accius
905 1858 1011 1897 porto
1042 1854 1265 1897 peripetoris
1296 1853 1391 1886 male
1421 1853 1535 1886 cedo’
1571 1864 1602 1886 e.
1639 1863 1673 1896 q.
1707 1863 1736 1887 S.

187 1899 283 1933 Vide
307 1899 483 1943 Pompon.
514 1900 653 1934 Bonon.
684 1910 719 1936 u.
745 1901 821 1934 130.
868 1900 1051 1933 Fortasse
1082 1903 1170 1933 ante
1202 1899 1396 1943 Pomponii
1427 1899 1545 1932 locum
1581 1900 1735 1931 Attiana

187 1945 300 1978 uerba.
325 1945 478 1978 laudata
504 1945 663 1981 fuerant.

277 1992 494 2025 Poumuvs
518 1991 634 2024 Varro
659 1991 703 2024 de
729 1990 753 2024 1.
780 1991 803 2024 1.
828 1991 899 2025 VII
923 1993 966 2025 93
991 1991 1112 2035 ‘apud
1139 1991 1310 2024 Plautum
1347 2001 1442 2024 euax
1473 2015 1480 2023 .
1504 2015 1513 2023 .
1535 2015 1542 2023 .
1571 1993 1613 2023 ut
1638 1990 1736 2033 apud

186 2037 345 2070 Ennium
369 2036 490 2070 hehae
513 2037 568 2071 ζ..
590 2037 689 2080 apud
713 2037 874 2070 Ennium
900 2037 994 2070 eheu
1022 2062 1031 2070 .
1053 2062 1061 2070 .
1081 2062 1090 2071 .
1121 2037 1240 2081 apud
1266 2037 1538 2080 Pompilium
1564 2036 1673 2069 heu’
1704 2047 1735 2071 e.

187 2093 221 2126 q.
239 2093 268 2116 s.
299 2082 499 2126 Tragicum
525 2086 673 2126 poetam
698 2093 780 2116 esse
807 2083 950 2116 euincit
975 2083 1204 2126 epigramma
1229 2084 1266 2116 in
1285 2083 1462 2116 Varronis
1488 2085 1617 2117 satura
1642 2075 1736 2120 ὄνος

191 2124 312 2172 λύρας
338 2130 516 2162 insertum
540 2129 600 2168 (fr.
627 2128 733 2162 XXII
758 2140 791 2172 p.
818 2129 881 2163 183
906 2128 963 2173 R.)

465 2173 578 2207 Pae-ni
603 2173 811 2217 discipulus
836 2174 949 2214 dicor,
976 2185 1085 2218 porro
1110 2175 1142 2207 is
1157 2175 1240 2207 ‘fuit
1265 2174 1404 2215 Enni‚'

528 2220 663 2253 Enniu'
689 2221 894 2253 Musarum
925 2220 1129 2264 Pompilius
1156 2220 1281 2253 clueoi·

187 2265 264 2302 (ubi
294 2265 559 2318 Pom'polius
589 2265 701 2299 Nonii
725 2277 759 2309 p.
784 2267 840 2306 87,
865 2267 981 2299 32⁴W
1006 2277 1051 2302 m.
1084 2264 1168 2309 pn).
1217 2266 1268 2299 Et
1299 2265 1471 2304 eiusdem
1496 2265 1616 2298 uideri
1653 2275 1733 2298 esse

188 2305 496 2354 ἐπιγραμματων
527 2310 623 2354 quod
647 2311 824 2345 Varronis
854 2311 898 2345 de
926 2311 950 2348 l.
978 2312 999 2344 1.
1025 2312 1096 2346 VII
1120 2313 1164 2345 28
1197 2311 1348 2345 codices
1379 2311 1597 2354 Papium,
1635 2311 1733 2343 Pris-

188 2356 288 2389 ciani
312 2366 347 2399 p.
370 2357 437 2390 602
462 2356 502 2392 P.
543 2356 785 2400 Pomponio
817 2357 904 2398 (nisi
935 2357 1031 2401 quod
1063 2358 1302 2401 pompnius
1335 2360 1439 2390 extat
1470 2357 1508 2389 in
1538 2356 1659 2388 Paris.
1685 2356 1727 2396 P)

188 2401 373 2440 tribuunt,
399 2412 496 2436 nunc
519 2402 708 2436 adsentior
724 2402 887 2446 Bergkio
905 2403 1024 2436 diurn.
1049 2404 1164 2446 antiq.
1186 2404 1270 2446 15851
1289 2414 1323 2446 p.
1342 2404 1407 2436 231
1434 2406 1472 2435 et
1497 2401 1544 2434 M.
1563 2402 1732 2435 Hertzio.

190 2446 287 2480 Olim
313 2450 351 2480 et
375 2447 445 2481 hoc
471 2450 508 2481 et
533 2444 755 2482 uersiculum
779 2453 946 2482 nostrum
972 2449 1172 2492 Pomponio
1199 2449 1460 2492 ascripserant.

278 2493 383 2526 Ivm1
415 2492 485 2535 (cf.
510 2493 692 2527 Asconius
723 2494 761 2526 in
788 2493 976 2528 Ciceronis
1001 2495 1244 2528 Scaurianam
1275 2505 1311 2537 p.
1336 2495 1382 2526 24
1405 2493 1484 2535 Or.)
1533 2494 1730 2525 ADRAs'rvs

188 2538 322 2571 Festus
353 2549 388 2581 p.
421 2540 488 2572 229
519 2538 567 2571 Μ.
607 2539 879 2583 ‘prophetas
914 2541 952 2573 in
983 2540 1144 2574 Adrasto
1175 2539 1296 2573 Iulius
1332 2541 1497 2572 nominat
1537 2539 1730 2571 antistites

189 2584 357 2617 fanorum
381 2583 685 2629 oraculorumque
716 2585 958 2629 interpretes:
990 2596 1071 2618 cum
1104 2587 1252 2629 capita’
1281 2597 1312 2619 e.
1343 2596 1377 2628 q.
1405 2595 1432 2617 s.

189 2696 436 2741 septenarius
463 2694 651 2731 iambicus
677 2696 716 2731 in
738 2695 939 2743 trayoedia
962 2695 1076 2731 ualde
1097 2699 1315 2742 suspectus.
1350 2693 1465 2729 oculis
1490 2692 1641 2728 uiolauit
1674 2692 1735 2739 qui

190 2749 281 2787 uidit
313 2750 548 2788 inuidendum
583 2750 627 2788 0.
648 2751 867 2789 Muellerus

303 2806 444 2844 lVLlVS
477 2806 501 2844 2
531 2813 654 2845 sancta
686 2809 734 2845 ita
772 2814 870 2846 caste
901 2809 985 2846 cod.
1025 2811 1065 2845 in
1105 2809 1243 2856 quibus
1284 2808 1397 2843 sancti
1436 2808 1563 2843 latere
1592 2807 1735 2842 monuit

191 2863 458 2913 Kiessle‘nqe‘us.
489 2870 612 2902 sancte
640 2870 738 2902 casta
768 2865 964 2914 Berylcius
994 2865 1154 2912 Epleem.
1186 2865 1281 2901 Hal.
1306 2862 1412 2900 1842
1435 2875 1475 2910 p.
1499 2861 1580 2899 238
1612 2867 1734 2898 sancta

190 2925 287 2956 caste
319 2921 451 2959 Detrio
481 2927 605 2959 sancta
635 2921 683 2958 ibi
714 2928 811 2959 caste
847 2921 888 2958 0.
913 2922 1140 2958 Muellerus.
1174 2922 1231 2957 An
1265 2926 1361 2956 casta
1393 2919 1515 2955 caste?
1608 2925 1734 2954 curant

192 2977 409 3025 Beryffius,
438 2977 614 3025 fortasse
646 2983 752 3015 recle

1380 3053 1447 3086 15*
