1942 3204
713 186 1065 227 COR-OLLARIVM
1580 187 1659 229 111ss

110 303 268 362 gensi,
298 301 499 355 corrupta
530 299 590 342 sic
622 299 843 355 leguntur:
881 297 1080 341 anxitudo
1112 310 1262 339 aeerua
1294 297 1367 339 tibi
1397 300 1541 341 cuneta
1572 313 1663 342 eon-

127 373 280 420 sitiant
306 373 414 416 ratio
443 374 481 414 et
507 371 707 424 furtunae
736 370 800 414 sit.

246 445 365 490 Idem
397 443 442 486 in
474 457 510 485 v.
548 442 629 487 158
660 430 792 485 habe't
822 444 903 496 atq.
934 439 1169 484 atecorabtlef.
1222 439 1348 496 Apud
1382 440 1663 485 Animianum

128 531 296 577 quoque
336 514 633 560 Marcellinum
683 510 788 556 XIV
832 512 879 568 3,
926 514 947 556 1
993 511 1160 555 videtur
1210 511 1522 556 restituendum
1569 530 1661 556 esse

128 588 436 634 ‘ferocissimas
460 588 628 644 gentes,
660 599 769 642 quae
795 587 939 637 mente
965 581 1150 640 quadam
1175 583 1423 627 adversabt'li
1448 584 1662 629 hostiliter

128 676 226 705 eum
259 674 385 716 saepe
417 659 678 713 incessunt’,
711 656 783 699 ubi
815 655 860 698 in
892 647 1036 699 codice
1068 654 1267 698 uersabili
1297 655 1465 712 legitur.

247 731 300 775 V.
318 731 412 775 161.
449 729 681 786 Perperam
700 728 835 772 inlato
855 726 1027 770 aliunde
1040 726 1151 771 ocule
1164 726 1238 769 illo
1260 727 1529 784 adiectivum,
1549 731 1663 785 quod

128 803 325 849 aewxibudo
356 802 439 847 sibi
470 801 680 857 deposcit,
717 799 942 856 expulsum
973 800 1057 841 est:
1096 800 1140 841 et
1170 799 1311 842 versui
1351 802 1395 842 et
1426 802 1663 845 sententiae

129 875 234 920 satis
275 874 379 919 facit
415 877 585 917 mutua
627 872 673 915 in
711 872 795 914 fine
832 884 979 914 versus
1018 869 1272 913 addendum.
1335 868 1448 915 Nam
1486 872 1664 929 languet

129 962 237 1006 quae
275 945 536 990 Buechelero
572 942 735 1000 placuit
771 942 1069 986 caelicolarum
1107 941 1324 985 invocatio
1370 942 1415 984 in
1452 958 1515 998 re,
1553 959 1662 1001 quae

127 1020 318 1063 humana
348 1016 576 1074 prudentia
602 1029 652 1059 ac
682 1014 910 1070 modestia,
941 1027 1030 1056 non
1062 1013 1238 1056 deorum
1270 1013 1538 1070 benignitate
1569 1031 1661 1072 per-

128 1090 337 1148 petranda
368 1092 470 1132 erat.

246 1161 368 1205 Nihil
410 1161 456 1203 in
493 1158 769 1203 restituendis
805 1157 1000 1201 versibus
1043 1157 1190 1200 171-
1204 1157 1286 1200 173
1325 1158 1483 1201 certius
1522 1159 1661 1203 visum

127 1237 194 1278 est
229 1248 359 1291 quam
398 1232 627 1275 verborum
665 1230 960 1274 coniunctivos
1003 1228 1169 1272 desisset
1204 1231 1247 1271 et
1283 1233 1453 1283 arceret,
1499 1231 1571 1287 qui
1617 1247 1661 1274 se

126 1305 309 1350 invicem
339 1306 531 1358 tuentur,
569 1301 800 1346 servandos
832 1303 876 1344 et
913 1300 1036 1358 quasi
1072 1314 1151 1356 pro
1182 1299 1463 1344 fundamento
1501 1302 1660 1345 haben-

125 1378 203 1422 dos
234 1391 339 1421 esse.
381 1375 604 1419 Praeclare
636 1376 857 1431 praeterea
887 1371 1062 1417 Calchas
1091 1386 1251 1415 nomen
1282 1371 1498 1416 Mercerus
1530 1375 1659 1429 eruit3

125 1451 171 1494 in
201 1449 276 1493 illo
313 1449 523 1505 reqionum
555 1449 698 1490 autem
736 1446 823 1488 iam
853 1444 909 1488 Is.
941 1443 1124 1487 Vossius
1155 1444 1292 1487 multo
1330 1444 1501 1501 dignior
1536 1447 1660 1489 laude

126 1521 293 1565 videtur
324 1520 437 1578 quod
468 1519 712 1575 reliyionmn
745 1518 940 1574 agnovit,
972 1530 1101 1573 quam
1134 1516 1207 1572 qui
1240 1516 1443 1572 leyionum
1474 1551 1483 1558 .
1510 1550 1518 1559 .
1550 1532 1659 1561 eaer-

125 1595 251 1637 ec'tum
287 1593 435 1648 inepta
466 1590 675 1635 sermonis
708 1588 975 1632 abundantia
1011 1587 1241 1630 molestum
1278 1602 1415 1644 nuper
1446 1603 1659 1632 commen-

127 1667 198 1707 tus
229 1667 307 1708 est.
946 1696 950 1702 .

176 1783 179 1786 4
243 1734 295 1778 V.
332 1735 415 1778 194
476 1733 761 1777 Buechelerus
794 1730 1010 1775 senarium
1041 1729 1173 1773 fuisse
1206 1731 1439 1773 arbitratur

296 1804 519 1851 beneficiis
551 1807 723 1862 gratum
754 1800 992 1859 hospitium
1024 1801 1228 1857 peperisti
1260 1801 1304 1843 et
1335 1815 1477 1858 graue.

124 1880 184 1923 At
215 1884 363 1936 ‘graue
399 1877 652 1933 hospitium’
692 1890 770 1931 pro
807 1874 931 1917 firmo
969 1875 1012 1915 et
1050 1872 1186 1930 solido
1225 1873 1319 1929 quis
1357 1872 1513 1916 dixerit
1553 1874 1659 1917 scire

124 1952 263 1995 velim.
323 1949 586 1993 Beneficium
617 1948 678 1991 sic
710 1945 918 2003 appellari
949 1946 992 1987 et
1022 1959 1059 1987 v.
1091 1944 1177 1986 487
1211 1944 1335 1986 docet
1365 1946 1410 1987 et
1440 1944 1582 1987 Plauti
1613 1946 1658 1988 in

126 2023 257 2066 Persa
287 2037 325 2065 v.
356 2021 444 2065 675
475 2020 529 2064 ‘si
561 2019 663 2077 quid
694 2018 820 2061 bonis
851 2015 969 2060 Boni
998 2015 1063 2071 fit,
1100 2029 1193 2059 esse
1231 2015 1344 2058 idem
1376 2019 1417 2058 et
1456 2030 1584 2072 grave
1617 2020 1660 2059 et

126 2097 296 2152 gratum
328 2093 463 2137 solet?

243 2165 443 2216 Statium,
470 2164 588 2207 cuius
615 2163 666 2205 de
687 2162 820 2205 Atreo
845 2159 1093 2217 tragoediae
1118 2158 1230 2215 (Atr.
1251 2160 1303 2201 fr.
1335 2159 1400 2214 1³)
1420 2160 1466 2202 in
1486 2160 1658 2203 scholiis

126 2239 179 2281 ad
210 2237 351 2281 Ovidii
383 2236 482 2280 Ibin
512 2234 761 2288 laudantur,
787 2247 880 2286 *non
912 2230 1108 2286 Accium,
1141 2230 1215 2273 sed
1246 2229 1440 2274 Senecam
1472 2230 1657 2274 Bueche-

126 2309 239 2351 lerus
277 2307 470 2364 intellegi
507 2306 598 2349 vult
635 2305 744 2348 conl.
788 2304 879 2347 eius
915 2302 1101 2359 Thyeste
1141 2317 1179 2344 v.
1213 2302 1299 2345 776
1326 2317 1335 2344 :
1363 2302 1435 2344 sed
1480 2303 1657 2346 eandem

125 2383 169 2423 et
199 2379 269 2423 hic
300 2382 343 2422 et
374 2379 445 2421 ille
478 2377 670 2420 fabulam
701 2374 914 2419 tractavit.
1186 2423 1201 2433 ·

244 2449 296 2493 V.
323 2450 409 2493 212
446 2449 569 2493 ealim
597 2448 807 2504 Thyestem
832 2445 1051 2490 Usenerus
1083 2445 1212 2489 scribi
1243 2445 1379 2487 iussit.
1418 2444 1481 2487 Ac
1514 2460 1658 2487 verum

126 2525 192 2565 est
222 2524 265 2564 et
295 2520 450 2577 frigere
481 2520 688 2575 quondam
716 2532 794 2561 nec
824 2518 1032 2562 librorum
1059 2517 1312 2560 auctoritate
1345 2516 1451 2559 satis
1487 2517 1657 2563 firmari,

126 2607 307 2649 quorum
345 2591 610 2648 corruptelae
643 2604 791 2633 omnes
829 2590 915 2632 fere
947 2588 1198 2645 conspirant
1236 2588 1281 2630 in
1319 2587 1657 2630 commendanda

127 2663 347 2707 Leidensis
379 2663 421 2706 A
453 2662 664 2719 scriptura
694 2675 812 2717 quem
842 2661 960 2705 elam.
998 2659 1140 2711 Quid?
1171 2659 1285 2717 quod
1317 2659 1447 2701 habet
1478 2659 1585 2701 elam
1619 2693 1626 2700 .
1650 2693 1656 2699 .

127 2736 276 2791 clepere
307 2749 391 2791 quo
416 2735 584 2791 placeat
610 2732 942 2776 adlitterationis
968 2729 1247 2785 lenocinium,
1279 2745 1363 2786 quo
1390 2733 1533 2772 tamen
1564 2729 1657 2783 ipso

128 2807 251 2850 ealim
284 2821 380 2849 cum
417 2808 577 2861 careat,
615 2819 767 2862 parum
805 2804 1028 2862 probabile
1067 2805 1143 2847 est.
1211 2802 1362 2844 Restat
1395 2815 1492 2843 vero
1529 2814 1658 2856 quem.

131 2878 244 2934 quod
282 2878 408 2934 plane
445 2877 583 2920 delere
622 2876 895 2920 temerarium
933 2879 998 2919 est
1025 2891 1034 2918 :
1061 2874 1210 2917 deletis
1248 2887 1301 2928 qa
1341 2872 1511 2928 litteris,
1550 2887 1658 2929 quac
