1942 3204
844 224 887 258 L.
913 222 1091 258 A'r'rlvs
1648 219 1734 263 205

406 329 571 374 Nemus
603 330 827 386 expirante
860 330 1024 386 uap6re
1055 321 1196 385 uides,

406 407 534 452 Vnde
566 406 682 464 ignis
714 407 829 450 cluet
860 398 1116 470 morizailibiiq
1147 406 1259 449 olam

406 483 605 528 Diul'sus:
637 500 736 528 eum
767 485 908 528 dionis
938 481 1223 528 Prometheus

193 563 280 607 535
407 561 622 620 Clepsl'sse
654 562 754 606 dolo
785 563 1035 619 poenasque
1065 561 1162 605 Ioui

466 640 575 684 Fato
607 640 859 697 expendisse
892 641 1106 697 supremo.

882 717 950 761 ΙΠ
982 715 1051 773 (6)

434 831 443 840 .
492 796 566 839 ubi
598 795 760 839 habet?
791 795 897 838 iirbe
929 795 1124 853 agroue?
1175 829 1185 838 .
1235 829 1244 839 .
1295 829 1305 838 .

864 873 928 917 IV
961 871 1059 931 (15)

314 945 451 996 Quem
484 948 623 1003 neque
656 946 767 988 tueri
799 946 952 988 cdntra
982 959 1122 1001 neque
1153 944 1242 988 fars
1271 960 1415 1001 queas.

194 1053 279 1087 Ald.
311 1057 358 1086 ut
383 1053 593 1087 Philocto
625 1056 824 1087 aetatem
849 1052 935 1086 libri
960 1052 1144 1096 plerique,
1175 1051 1242 1086 sed
1274 1052 1476 1095 philotto
1504 1054 1587 1086 Par.
1615 1064 1655 1094 a,
1690 1057 1735 1087 et.

196 1102 365 1132 etatem
392 1098 597 1142 philoeto
623 1099 706 1132 Par.
733 1099 755 1132 b
834 1102 1007 1132 etatem
1035 1097 1147 1141 Flor.)
1189 1097 1320 1131 Cicero
1350 1098 1460 1132 Tusa.
1492 1099 1585 1142 disp.
1615 1099 1653 1132 11
1680 1101 1733 1138 10,

194 1144 239 1178 23
269 1145 421 1178 ‘ueniat
452 1144 676 1188 Aeschylus,
707 1155 779 1178 non
811 1147 922 1188 poeta
953 1144 1089 1185 solum,
1126 1143 1191 1177 sed
1222 1144 1332 1177 etiam
1362 1143 1638 1187 Pythagoreus,
1679 1147 1733 1178 sie

195 1190 292 1223 enim
315 1190 537 1233 accepimus.
587 1201 658 1234 quo
691 1190 796 1223 modo
828 1190 901 1224 fert
926 1189 1024 1233 apud
1050 1200 1131 1222 eum
1156 1189 1399 1223 Prometheus
1424 1189 1599 1232 dolorem,
1626 1201 1734 1233 quem

195 1236 335 1279 exeipit
366 1236 411 1269 ob
443 1235 581 1270 furtum
613 1236 828 1269 Lemnium?
856 1233 1086 1279 [533—536J.
1136 1235 1203 1267 has
1234 1235 1347 1278 igitur
1376 1246 1516 1279 poenas
1553 1236 1732 1279 pendens,

196 1280 338 1314 adfixus
362 1281 411 1314 ad
436 1280 641 1315 Caucasum
666 1281 756 1315 dicit
780 1281 890 1314 haee:
915 1281 1090 1314 Titanum
1115 1280 1284 1315 soboles’
1311 1291 1342 1314 e.
1370 1291 1403 1324 q.
1431 1291 1460 1314 s.
1559 1282 1617 1315 111
1641 1282 1735 1317 Non.

194 1327 280 1369 318,
306 1328 328 1360 5
353 1327 542 1360 ‘habere
567 1337 691 1361 rursus
716 1327 887 1360 habitare
988 1327 1122 1360 Accius
1145 1326 1381 1360 Filoetete
1411 1330 1487 1361 ...’
1581 1327 1632 1360 IV
1656 1327 1735 1360 Ma-

197 1373 343 1406 crobius
375 1372 454 1408 Sat.
481 1373 531 1407 VI
558 1375 594 1414 1,
626 1375 670 1407 55
703 1372 932 1416 ‘Vergilium
966 1383 1035 1406 nec
1065 1373 1150 1405 uisu
1181 1372 1304 1406 facilis
1334 1382 1403 1406 nec
1434 1372 1537 1406 dictu
1568 1373 1734 1406 affabilis

195 1417 274 1451 ulli.
313 1418 449 1452 Accius
481 1419 519 1452 in
544 1418 750 1453 Philoctete
775 1421 851 1452 ...’
878 1417 1118 1460 (filoetete
1145 1417 1278 1461 Paris.)

200 1555 238 1587 et
266 1549 398 1587 Nemus
429 1551 683 1588 Hermunnus
716 1550 859 1598 Opusc.
889 1551 916 1587 l.
946 1551 972 1587 l.
1090 1549 1172 1588 532
1204 1561 1331 1587 nemus
1362 1551 1451 1587 boni
1478 1552 1568 1588 libri
1595 1552 1736 1588 menius

197 1606 326 1655 Guelf.
358 1607 492 1644 Neuius
513 1607 620 1655 Lips.
651 1618 736 1644 cum
767 1609 825 1644 ed.
845 1619 908 1655 pr.
941 1606 1099 1644 Naeuius
1130 1607 1213 1644 cod.
1238 1607 1275 1643 B
1304 1608 1462 1644 Aetnaea
1493 1609 1528 1644 ui
1560 1608 1738 1657 Scaliyer

198 1664 323 1712 grauia
355 1665 608 1702 Hermannus
639 1665 760 1701 Elem.
791 1665 818 1701 l.
847 1666 874 1701 l.
963 1664 1148 1712 expirante
1179 1664 1290 1701 Flor.
1314 1664 1422 1701 Goth.
1445 1665 1541 1702 Par.
1565 1678 1588 1702 a
1620 1667 1738 1715 exspi-

196 1726 301 1758 rante
331 1721 465 1758 Haun.
498 1732 541 1758 ex
572 1720 694 1770 plante
724 1721 817 1758 Par.
841 1721 863 1758 b
893 1721 1053 1770 spirante
1085 1721 1262 1769 Scaliyer
1350 1732 1464 1770 uapor
1495 1722 1673 1771 Scaliyer

200 1777 281 1815 533
313 1778 409 1826 ignis
441 1777 576 1816 Cicero
607 1778 710 1827 ignes
743 1778 933 1815 Varronis
960 1778 1054 1815 libri
1179 1777 1279 1814 cluet
1305 1778 1445 1816 Aldina
1486 1780 1674 1816 Varronis
1700 1786 1736 1817 el

202 1834 298 1871 Par.
321 1836 343 1872 b
373 1831 431 1872 ‘ue
461 1835 648 1883 uidetur-³,
678 1835 779 1872 Pille.
803 1835 1010 1881 Ciceronis,
1042 1836 1078 1871 si
1103 1836 1201 1882 fides
1225 1835 1411 1884 Treyderi
1438 1837 1589 1873 silentio
1619 1837 1738 1873 clauet

197 1891 308 1932 Flor.
342 1891 451 1929 Goth.
474 1892 607 1930 Haun.
630 1892 728 1930 Par.
750 1905 773 1929 a
805 1892 924 1929 clucet
955 1891 1153 1929 Ciceronis
1184 1892 1298 1939 Gud„
1331 1903 1432 1930 unus
1464 1893 1587 1931 Oxon.
1618 1893 1736 1930 elucet

196 1948 300 1985 Pith.
330 1948 452 1986 clucet
482 1950 546 1987 uel
575 1948 686 1986 ducet
715 1950 811 1998 Rey.
843 1961 890 1986 m.
918 1961 984 1996 pr.
1016 1948 1114 1986 lucet
1143 1949 1240 1986 idem
1271 1960 1376 1986 corr.
1409 1960 1494 1987 cum
1525 1953 1668 1987 ceteris

198 2004 289 2042 clam
310 2018 381 2043 om.
414 2006 540 2044 Varro
627 2005 822 2043 Feruidus:
853 2005 948 2043 unde
968 2006 1072 2055 ignes
1094 2004 1305 2043 mortalibus
1326 2006 1506 2055 Scaliyer
1527 2007 1620 2044 unde
1641 2009 1736 2057 ignis

198 2061 296 2099 cluet
326 2061 583 2100 immortalibu'
615 2063 710 2100 Clam
742 2063 944 2101 Bentleius
964 2063 1090 2111 Epist.
1114 2064 1167 2100 ad
1184 2063 1278 2100 Mill.
1294 2076 1338 2111 p.
1361 2062 1444 2101 475
1540 2064 1623 2101 534
1644 2065 1735 2101 dini·

197 2152 260 2178 sus
284 2142 438 2180 Cicero:
467 2142 521 2191 cf.
547 2143 660 2180 Rhet.
684 2144 736 2180 ad
755 2143 930 2181 Herenn.
953 2142 979 2180 I
989 2143 1019 2180 V
1037 2142 1076 2190 6,
1099 2143 1122 2179 9
1144 2142 1238 2180 diuis
1259 2123 1368 2191 (diuis
1390 2140 1514 2193 Flor.)
1549 2145 1736 2181 Varronis

193 2200 301 2245 libri,
334 2199 535 2237 Bentleius
564 2199 699 2237 ‹liuisse
722 2200 902 2249 Scaziqer
987 2211 1070 2236 eum
1089 2201 1193 2247 libri,
1217 2200 1469 2238 Hermannus
1491 2201 1633 2248 Opusc.
1658 2203 1683 2238 l.
1706 2204 1732 2238 l.

195 2256 290 2292 enim
322 2255 576 2294 Her-mannus
605 2257 726 2294 Elem.
757 2259 784 2295 l.
806 2258 832 2294 l.
864 2254 969 2293 nimi'
1002 2258 1204 2294 Bentleius
1233 2257 1330 2294 cluet
1362 2258 1541 2307 Scaliyer
1570 2265 1607 2294 ei„
1639 2259 1734 2294 hunc

197 2312 417 2360 Seyfferlus
531 2313 649 2350 dictus
683 2313 966 2360 Cratandrina,
998 2314 1252 2351 Her-mannus
1285 2315 1427 2362 opusc.
1463 2317 1488 2352 l.
1519 2317 1545 2352 l.
1586 2315 1731 2361 doctus,

196 2380 398 2416 suprascr.
430 2370 441 2406 i
470 2382 519 2407 m.
550 2371 683 2408 eadem
704 2370 781 2409 Cic.
806 2371 933 2410 Brux.
965 2370 1095 2408 doctus
1127 2374 1248 2409 ceteri
1265 2372 1367 2418 libri,
1391 2372 1582 2420 Scaliqer,
1615 2372 1729 2409 Benl-

194 2427 314 2473 leius‚
336 2427 588 2464 Hcrmannus
608 2428 727 2465 Elem.
757 2430 783 2466 l.
803 2430 852 2475 l.,
875 2428 1097 2476 Seyffertus
1189 2429 1282 2465 diuis
1314 2440 1436 2466 semen
1468 2428 1597 2465 «luctus
1632 2430 1732 2466 Bue-

197 2483 378 2520 eliezer-us
408 2484 503 2532 ignis
531 2486 750 2533 yenetiuum
779 2488 1063 2533 interpretatus
1186 2486 1267 2523 535
1299 2485 1454 2535 clepisse
1486 2497 1571 2522 ceam
1601 2487 1733 2523 Reizio

198 2539 450 2577 Her-mannus
473 2540 614 2588 Opusc.
633 2543 660 2578 l.
683 2543 708 2578 l.
798 2541 879 2580 536
911 2541 999 2578 surii
1020 2541 1234 2591 expendisse
1256 2543 1456 2580 Bentleius
1543 2543 1621 2579 537
1648 2543 1734 2578 ιιι-Ιιυ,

197 2607 288 2634 mss.
319 2595 493 2635 Mercari
522 2597 624 2635 [urbe
655 2601 779 2635 ceteri
869 2609 986 2648 agone
1018 2599 1142 2636 Basil.
1175 2611 1311 2649 agi-oue
1344 2599 1507 2636 Baebius
1529 2599 1552 2634 2
1654 2601 1735 2636 53⁸

196 2664 315 2702 neque
347 2655 478 2691 intueri
509 2656 747 2692 commendat
769 2655 890 2694 CFW
902 2655 1068 2694 Mueller
1093 2658 1251 2703 prosocl.
1274 2657 1403 2694 Plani.
1426 2656 1506 2692 ‘28ss
1580 2667 1662 2703 neq.
1686 2656 1735 2691 as-

198 2710 263 2747 suri
283 2710 379 2748 Par.
412 2721 478 2748 nec
508 2711 618 2748 adfari
641 2717 773 2750 celera
803 2714 968 2760 exempl.
1002 2723 1121 2762 neque
1143 2713 1238 2749 affari
1255 2718 1346 2761 post
1367 2714 1544 2749 Balleiwn
1574 2717 1609 2748 el
1632 2713 1732 2749 Her-

197 2778 378 2805 mannum
405 2769 587 2815 probauit
618 2770 765 2807 Vsener
780 2779 952 2818 prooem.
986 2770 1201 2818 Grypleisw.
1230 2775 1324 2806 aest.
1353 2770 1458 2806 1866
1475 2781 1518 2816 p.
1544 2768 1608 2805 12.
1640 2769 1731 2806 Cor-

199 2828 347 2871 replum
375 2827 540 2872 primam
570 2827 683 2863 uerbi
709 2828 896 2875 syllabam
917 2830 1137 2864 statuerunt
1160 2828 1378 2874 Gepperms
1398 2826 1445 2862 de
1471 2830 1655 2873 promml.
1679 2825 1731 2863 92

199 2884 236 2917 et
265 2879 349 2917 nini-i
372 2883 493 2919 scribi
509 2883 643 2919 iubens
669 2883 860 2931 Berylcius
890 2884 1008 2931 symb.
1032 2885 1085 2920 ml
1102 2895 1260 2931 yrarnm.
1288 2883 1368 2919 Lae.
1394 2882 1413 2918 I
1433 2882 1486 2918 82
1518 2894 1582 2918 nec
1606 2888 1732 2919 conti-a

198 2936 311 2973 adfari
333 2937 454 2975 CFW
472 2938 639 2977 Mueller
657 2941 684 2977 l.
706 2942 730 2977 l.
