1942 3204
222 187 305 228 222
862 189 904 220 L.
920 167 1105 222 'ATT1vs

804 291 866 333 IX
900 289 1074 347 <Troad.
1105 290 1153 349 2)

338 368 379 411 N
383 370 451 410 am
483 384 620 424 neque
652 370 789 424 pretio
821 370 960 424 neque
980 369 1168 410 amicitia
1187 371 1325 424 neque
1356 370 1400 411 ui
1426 370 1586 426 impelli
1605 373 1744 428 neque

1282 461 1405 501 prece

340 521 495 573 Qustus
527 538 633 565 sum.

882 599 945 641 XI
979 597 1075 656 (32)

220 677 306 720 665
429 677 501 719 An
532 677 638 719 haec
671 676 756 718 iam
791 676 915 719 obliti
947 679 1049 719 sunt
1078 676 1301 733 Phryges?

876 753 963 796 XII
995 752 1092 811 (14)

461 866 469 874 .
518 847 608 874 non
639 831 777 873 calida
808 831 934 873 latice
966 832 1110 873 lautus
1160 865 1406 874 .....

858 907 968 950 ΧΠΙ
1001 906 1098 966 (18)

881 984 1074 1027 Achilles

335 1063 485 1106 'Immo
507 1064 620 1105 enim
639 1077 742 1105 uero
763 1063 917 1118 corpus
936 1062 1108 1105 Priamo
1128 1063 1304 1119 reddidi,
1324 1063 1553 1107 Hectorem
1574 1066 1743 1110 abstuli.

875 1151 982 1212 XIV
1015 1150 1082 1209 (9)

336 1230 430 1272 Iam
459 1230 573 1271 hanc
604 1229 754 1275 urbem
785 1229 899 1271 ferro
931 1231 1100 1272 uastam
1131 1229 1261 1272 faciet
1290 1230 1453 1273 Peleus.

873 1323 957 1367 XV
990 1322 1087 1382 (13)

505 1400 792 1456 quadrurbem

217 1533 341 1565 hinc’
368 1543 398 1568 e.
424 1542 457 1574 q.
483 1542 510 1565 s.
543 1531 730 1570 (Accius
753 1531 984 1563 Demetrio
1015 1530 1160 1564 Aldina.
1194 1530 1430 1565 Coniciebam
1462 1532 1546 1565 olim
1578 1534 1743 1567 Accius

215 1579 374 1620 Decio,
415 1577 479 1610 sed
514 1587 611 1608 nunc
642 1575 893 1618 Kiesslingius
923 1577 1089 1609 Accius
1121 1601 1130 1610 .
1164 1601 1172 1610 .
1200 1602 1209 1610 .
1238 1577 1352 1610 idem
1390 1578 1605 1620 Erigona,
1635 1579 1742 1612 ualde

219 1623 364 1666 quidem
396 1620 664 1665 probabiliter.)
757 1622 810 1654 IX
840 1621 1036 1654 Diomedes
1060 1633 1094 1664 p.
1121 1623 1188 1655 380
1212 1622 1253 1657 P.
1280 1623 1437 1655 ‘Attius’
1465 1624 1636 1665 (actius
1660 1625 1744 1661 Par,

217 1669 283 1711 B)’
314 1670 466 1711 quitus
498 1677 587 1700 sum
618 1666 722 1709 ponit
754 1677 817 1708 pro
851 1667 953 1709 quiui
983 1667 1051 1700 hoc
1082 1667 1185 1700 modo
1219 1667 1309 1709 [IXJ.
1356 1668 1457 1700 Idem
1492 1669 1582 1701 alibi
1614 1670 1742 1702 eodem

216 1713 338 1746 modo:
371 1713 469 1745 unde
500 1712 621 1745 omnia
652 1711 813 1754 perdisci
844 1723 887 1744 ac
927 1713 1068 1755 percipi
1098 1716 1308 1755 queuntur.’
1340 1713 1436 1753 sQui
1472 1716 1557 1747 sunt
1592 1714 1743 1748 Sotadei

217 1770 262 1792 ex
292 1757 557 1800 Didascalicis,
598 1757 778 1789 immerito
811 1757 895 1789 olim
934 1758 1148 1800 tragoediae
1182 1757 1347 1800 reliquiis
1383 1759 1514 1791 inserti
1544 1759 1629 1802 (inc.
1664 1760 1739 1796 fab,

216 1804 285 1845 X):
319 1804 368 1837 cf.
392 1803 650 1835 Lachmannus
683 1802 727 1834 dc
759 1802 883 1835 Sotad.
915 1813 950 1845 p.
982 1804 1012 1835 7.
1061 1802 1132 1835 Illa
1163 1803 1497 1846 Epinausimachae
1529 1805 1640 1838 tribui
1664 1816 1744 1847 pos-

216 1852 316 1889 sunt,
349 1850 436 1881 item
461 1849 505 1881 fr.
529 1848 592 1881 XI.
617 1847 700 1880 XII.
726 1847 816 1880 XIII
930 1847 983 1879 XI
1007 1847 1157 1880 Rufinus
1189 1848 1233 1881 de
1263 1849 1389 1881 metris
1421 1849 1567 1882 Terent.
1592 1861 1627 1893 p.
1653 1852 1742 1883 2707

217 1896 255 1927 P.
276 1893 356 1936 (379
376 1892 435 1936 G.)
468 1893 607 1926 <Varro
632 1894 669 1925 in
699 1892 780 1926 VII:
808 1892 992 1926 clausulas
1018 1903 1161 1935 quoque
1186 1895 1338 1936 primum
1365 1894 1576 1936 appellatas
1601 1895 1741 1937 dicunt,

219 1940 314 1982 quod
341 1939 554 1972 clauderent
578 1938 816 1978 sententiam,
842 1940 882 1970 ut
907 1937 1006 1981 apud
1030 1938 1197 1971 Accium:
1226 1949 1272 1971 an
1297 1939 1412 1971 haec'
1438 1949 1467 1971 e.
1495 1950 1528 1982 q.
1552 1950 1579 1972 s.

308 1985 380 2017 XII
405 1985 618 2017 Priscianus
643 1984 675 2016 V
699 1994 735 2026 p.
761 1984 827 2016 658
852 1983 893 2015 P.
926 1983 1136 2015 ‘sciendum
1162 1986 1286 2016 tamen
1311 1984 1406 2026 quod
1432 1985 1674 2017 uetustissimi
1704 1986 1741 2017 in

217 2030 358 2068 multis,
390 2032 431 2061 ut
462 2030 633 2069 diximus,
666 2039 777 2071 supra
808 2028 985 2060 dictarum
1017 2029 1317 2062 terminationum
1346 2029 1587 2062 inueniuntur
1617 2030 1741 2063 confu‘-

217 2076 315 2107 disse
341 2085 476 2117 genera
506 2099 514 2107 .
535 2100 542 2107 .
564 2100 571 2106 .
601 2074 662 2106 hic
687 2077 724 2105 et
748 2073 840 2106 haec
940 2073 1064 2106 latex
1087 2073 1236 2107 Accius:
1267 2077 1359 2107 non’
1385 2084 1416 2106 e.
1444 2084 1477 2116 q.
1505 2084 1532 2107 S.
1564 2075 1740 2115 (actius

216 2120 345 2161 Halb.)
437 2120 529 2152 XIII
554 2119 682 2152 Cicero
707 2119 813 2154 Tusc.
839 2118 931 2161 disp.
947 2119 1036 2159 144,
1055 2119 1119 2151 105
1145 2119 1296 2151 ‘melius
1321 2119 1456 2152 Accius
1480 2122 1517 2152 et
1542 2120 1740 2162 aliquando

218 2166 366 2209 sapiens
391 2165 617 2198 Achilles:
642 2162 767 2196 immo'
793 2173 824 2196 e.
850 2174 884 2206 q.
911 2174 938 2198 s,
1046 2163 1131 2196 XIV
1157 2165 1292 2197 Festus
1317 2175 1351 2206 p.
1377 2165 1442 2198 372
1466 2165 1515 2197 Μ.
1541 2168 1758 2205 (Πειεῂιιιιιῥ

217 2222 281 2254 pro
305 2221 492 2253 magnum3
518 2211 664 2252 ponitur
688 2212 811 2242 tamen
837 2212 875 2241 et
897 2219 962 2251 pro
993 2209 1107 2241 inani.
1143 2208 1295 2241 Accius:
1320 2210 1416 2242 iam’
1441 2219 1473 2242 e.
1492 2220 1523 2252 q.
1550 2220 1578 2243 s.
1604 2211 1739 2243 Paulus

217 2267 251 2299 p.
278 2258 344 2289 373
368 2257 417 2289 Μ.
445 2258 642 2288 ‘uastum
667 2265 731 2297 pro
756 2256 946 2297 magnum’
972 2265 1003 2290 e,
1029 2265 1063 2296 q.
1089 2265 1119 2286 s.
1161 2254 1327 2287 ‘Accium
1352 2254 1466 2286 hanc
1570 2255 1740 2288 faciet.’

216 2301 414 2334 Ariolando
447 2301 628 2344 suspicari
659 2301 778 2342 possis
809 2299 902 2332 haec
931 2300 969 2331 in
993 2299 1213 2332 Hellenibus
1243 2299 1385 2332 inserta
1419 2299 1543 2333 fuisse.
1672 2302 1740 2334 XV

215 2347 349 2379 Festus
375 2358 409 2389 p.
434 2348 500 2379 258
525 2347 574 2380 M.
609 2345 923 2388 ‘quadrurbem
948 2344 1112 2377 Athenas
1136 2344 1269 2378 Accius
1295 2344 1514 2388 appellauit,
1546 2346 1642 2389 quod
1666 2346 1739 2378 sci-

215 2393 306 2424 licet
331 2403 375 2424 ex
399 2392 472 2423 1111
496 2391 644 2424 urbibus
667 2391 706 2423 in
730 2400 839 2422 unam
866 2389 1050 2422 domicilia
1076 2390 1326 2431 contulerunt,
1352 2391 1539 2423 Braurone
1564 2391 1738 2423 Eleusine

216 2437 349 2470 Piraeo
369 2437 505 2470 Sunio)
530 2436 669 2469 Paulus
686 2447 721 2478 p.
739 2436 804 2468 259
821 2434 872 2467 M.
898 2435 1206 2478 ‘quatrurbem
1231 2435 1394 2468 Athenas
1412 2436 1544 2468 Accius
1562 2435 1738 2479 appellat,

217 2481 311 2525 quod
337 2492 379 2515 ex
405 2486 561 2524 quatuor
583 2481 733 2515 urbibus
758 2481 797 2512 in
820 2490 929 2512 unam
954 2480 1054 2512 illam
1072 2480 1262 2513 ciuitatem
1287 2491 1325 2513 se
1342 2481 1508 2513 homines
1525 2480 1739 2514 contulere.’

304 2602 381 2640 661
415 2613 508 2648 nam,
531 2613 600 2639 om.
632 2611 765 2649 neque,
785 2600 936 2636 Par-..A
945 2600 981 2636 B
1001 2600 1154 2637 Monac.
1222 2598 1356 2647 impelli
1376 2599 1470 2643 Par.
1494 2600 1531 2635 B
1549 2612 1597 2636 m.
1620 2598 1644 2635 2
1675 2600 1739 2636 im-

215 2659 318 2708 pellit
347 2659 443 2695 Par.
467 2659 499 2694 A
524 2659 556 2694 B
582 2670 630 2694 m.
654 2658 675 2694 1
706 2654 1027 2705 inpellit'Monac.
1153 2655 1231 2694 667
1262 2655 1417 2692 Hectora
1448 2656 1739 2704 Nieberdinyius

217 2717 263 2752 de
292 2716 416 2752 Diade
455 2715 503 2752 ab
541 2715 583 2750 L.
614 2713 728 2751 Attiio
765 2715 805 2749 in
843 2714 1024 2750 dramata
1057 2723 1248 2750 conuersa
1271 2723 1313 2759 p.
1346 2712 1415 2749 17:
1457 2712 1510 2760 cf.
1549 2714 1623 2749 inc.
1651 2712 1735 2759 fab.

216 2773 335 2808 XXX
348 2772 400 2809 VI
485 2770 564 2809 668
592 2771 634 2806 L.
656 2771 844 2808 Muellero
875 2770 1153 2817 obtemperaui,
1185 2771 1251 2817 qui
1278 2770 1324 2806 de
1352 2778 1397 2805 re
1425 2781 1472 2805 m.
1497 2767 1577 2806 269
1609 2770 1737 2817 trisyl-

215 2830 342 2865 labam
371 2828 499 2865 Peleus
530 2830 689 2864 nominis
717 2836 935 2864 mensuram
967 2828 1117 2864 admisit
1126 2842 1138 2869 ,-
1175 2827 1260 2863 olim
1294 2826 1400 2862 initio
1430 2836 1606 2862 mancum
1636 2829 1736 2862 octo·

217 2888 368 2922 narium
398 2885 635 2922 trochaicum
665 2885 806 2921 notaui.
