1942 3204
215 204 298 246 216
851 205 894 238 L.
919 204 1096 237 ATTIVS

333 310 594 352 Maestitudo
626 309 923 365 praedicarent
953 308 1173 350 hominem
1204 323 1295 350 esse
1347 342 1591 350 .....
1617 298 1623 303 ’

883 384 946 428 IV
980 382 1077 441 (10)

334 463 447 506 Nam
479 463 559 505 etsi
591 465 765 518 opertus
798 462 1025 518 squalitate
1058 464 1124 504 est
1153 463 1355 517 hiatuque
1387 462 1664 506 horrificabili

906 538 947 581 V
980 536 1047 595 (8)

335 617 533 659 Profecto
565 617 868 671 hauquaquam
901 618 966 658 est
996 617 1116 658 ortus
1147 615 1354 658 mediocri
1384 618 1491 658 satu.

897 705 961 748 VI
994 702 1061 761 (2)

392 817 400 824 .
450 797 551 824 nam
583 782 618 823 si
650 797 675 824 a
706 796 773 823 me
805 783 987 838 regnum
1018 781 1212 824 Fortuna
1244 777 1378 838 atque*
1405 798 1507 838 opes

219 861 304 902 620
336 858 516 915 Eripere
550 859 706 915 quiuit7
737 860 782 901 ah
812 859 1018 901 uirtutem
1049 861 1127 901 nee
1160 859 1279 914 quiit.

868 935 955 979 VII
987 934 1083 993 (12)

335 1013 450 1055 Nam
480 1003 608 1055 hui'us
640 1013 811 1055 demum
841 1013 1034 1069 miseret,
1066 1011 1186 1056 cuius
1218 1013 1423 1056 nobilitas
1455 1012 1649 1056 miserias

335 1088 564 1133 Nobssitat.

876 1166 985 1210 VIII
1017 1165 1084 1224 (6)

335 1241 522 1286 Proinde
553 1243 791 1306 istaecrtua
823 1243 944 1286 aufer
974 1245 1175 1287 terricula
1207 1247 1335 1300 atque
1367 1245 1558 1287 {mimum
1589 1245 1746 1288 iratum

1282 1337 1515 1378 eonpnme.

309 1451 366 1484 III
388 1451 480 1484 Non.
510 1452 593 1493 136,
619 1453 660 1484 21
688 1451 993 1485 ‘maestitudo
1017 1462 1082 1494 pro
1106 1452 1323 1485 maestitia.’
1428 1453 1480 1485 IV
1503 1452 1596 1488 Non.
1622 1453 1699 1494 226,
1725 1455 1746 1485 3

221 1501 231 1517 ‘
244 1497 431 1562 squaloer
453 1497 700 1530 ..feminini
724 1498 857 1530 Accius
874 1498 1062 1550 Eurysace
1087 1522 1094 1530 .
1110 1523 1118 1531 .
1132 1522 1140 1530 .
1164 1497 1260 1530 idem
1278 1496 1409 1530 Telefo
1432 1523 1440 1530 .
1456 1522 1463 1529 .
1479 1500 1507 1531 .’
1601 1497 1631 1530 V
1655 1497 1748 1534 Non.

225 1544 307 1583 174,
335 1544 376 1575 13
402 1545 527 1575 ‘satu
552 1542 711 1584 positum
736 1553 800 1585 pro
832 1542 980 1575 semine.
1026 1542 1158 1575 Accius
1181 1542 1371 1584 Pelopidis
1401 1567 1409 1575 .
1430 1567 1438 1575 .
1458 1567 1467 1576 .
1495 1541 1592 1575 idem
1616 1542 1748 1576 Telefo

397 1587 447 1619 VI
470 1586 683 1620 Macrobius
709 1586 787 1620 Sat.
810 1587 863 1621 VI
879 1589 917 1629 1,
935 1589 978 1621 57
1004 1587 1227 1630 ‘Ver-gilius.
1254 1597 1323 1619 neo
1347 1587 1380 1620 si
1403 1588 1576 1620 miserum
1601 1588 1749 1621 fortuna

222 1631 395 1665 Sinonem
420 1632 565 1674 Finxit,
591 1643 727 1665 uanum
752 1633 862 1666 etiam
886 1632 1173 1675 mendacemque
1197 1633 1363 1675 improba
1388 1632 1513 1675 finget.
1555 1632 1686 1666 Accius
1710 1633 1749 1666 in

221 1677 389 1720 Telepho
413 1679 488 1711 ...’
588 1678 656 1710 VII
680 1678 773 1712 Non.
799 1679 882 1720 352,
908 1680 929 1712 8
955 1678 1072 1711 unde
1099 1681 1137 1710 et
1161 1677 1490 1716 nobilitarent,
1516 1677 1749 1711 notificarent

222 1722 361 1755 dictum
381 1726 442 1756 est
471 1747 479 1756 .
499 1747 508 1756 .
530 1725 558 1755 .’
660 1723 747 1756 VIII
770 1723 863 1757 Non.
889 1724 967 1764 227,
993 1724 1035 1757 31
1062 1722 1342 1756 ‘tm-riculae
1373 1747 1381 1757 .
1401 1747 1410 1756 .
1430 1748 1439 1757 .
1467 1723 1591 1756 neutri
1615 1723 1749 1756 Accius

222 1768 533 1810 Epinausimache
558 1793 566 1802 .
581 1793 588 1800 .
603 1793 611 1802 .
634 1768 730 1801 idem
754 1767 883 1802 Telefo
906 1794 914 1802 .
929 1793 938 1801 .
952 1771 981 1802 .’

224 1911 330 1954 tudo,
362 1912 512 1948 uastitas
533 1911 664 1948 Delrio
764 1910 991 1948 octonarios
1018 1912 1256 1948 continuauit
1283 1911 1536 1955 Hermannus
1563 1911 1685 1949 Elem.
1713 1913 1747 1948 d.

228 1981 276 2005 m.
305 1980 345 2015 p.
369 1968 422 2006 90
450 1969 539 2005 hos:
569 1966 679 2011 Quem
711 1978 781 2016 ego
814 1979 849 2004 u.
881 1979 912 2004 a.
945 1979 981 2004 u.
1014 1967 1279 2004 memorabilem
1309 1968 1402 2004 intui
1433 1979 1492 2014 u.‚
1522 1966 1564 2003 Ni
1595 1967 1749 2004 uestitus

224 2029 266 2071 t..,
298 2024 535 2071 maestitudo,
566 2023 751 2060 uastitudo
788 2053 797 2062 .
823 2053 833 2062 .
868 2022 1118 2060 praedicarent
1147 2024 1183 2060 h.
1213 2035 1245 2060 e.
1291 2024 1459 2069 Quorum
1490 2025 1611 2061 altero
1641 2026 1679 2060 in
1709 2036 1748 2061 u.

225 2091 392 2118 caesura
420 2083 648 2128 praemisso,
679 2091 754 2118 non
783 2083 822 2118 in
841 2082 920 2128 fine
940 2081 1067 2117 addito
1089 2081 1285 2127 trochaeo,
1317 2090 1349 2118 e.
1371 2092 1404 2118 e,
1434 2081 1562 2128 primo,
1595 2083 1752 2117 seruari

222 2141 392 2185 poterat.
435 2137 550 2173 Edidi
576 2138 762 2174 librorum
790 2141 935 2174 textum
957 2138 1133 2184 quamuis
1162 2147 1243 2174 meo
1264 2147 1378 2174 sensu
1406 2148 1482 2173 non
1502 2138 1749 2183 tolerabilem,

226 2204 336 2242 quem
368 2195 453 2230 olim
484 2194 673 2231 audacius
701 2195 757 2230 sic
787 2198 823 2230 el
842 2197 1084 2230 mutaueram
1105 2197 1142 2230 et
1162 2194 1509 2240 i'nterpolaueram:
1540 2204 1646 2240 quem
1676 2222 1684 2230 .
1704 2222 1712 2230 .
1732 2222 1741 2231 .

226 2251 343 2287 uirum
378 2247 382 2297 Ι
419 2248 571 2286 Summis
609 2249 813 2286 nominibus
857 2249 1000 2286 uiderer
1035 2249 1127 2286 intui
1163 2248 1482 2298 memorabilem,l
1516 2249 1558 2286 Ni
1594 2251 1749 2286 uestitus

227 2305 354 2353 taeter,
383 2305 542 2354 squales,
566 2306 747 2343 uastitudo
769 2304 952 2354 corporis,
983 2305 1196 2343 Maestitudo
1227 2318 1262 2354 p.
1285 2307 1321 2342 h.
1343 2317 1423 2343 esse
1444 2305 1749 2344 obscurissimum.

225 2364 387 2400 Leniore
416 2363 602 2399 medicina
632 2363 731 2399 haec
761 2364 914 2400 elicias.-
953 2361 1058 2411 quem
1089 2374 1159 2411 ego
1192 2362 1250 2399 ubi
1280 2363 1425 2411 aspexi,
1454 2362 1547 2399 intui
1576 2363 1751 2399 memora-

226 2419 332 2456 bilem
360 2418 482 2455 viram
516 2418 675 2465 uiderer,
715 2419 752 2455 ni
789 2420 942 2456 uestitus
981 2418 1105 2456 uultus
1138 2424 1250 2455 taetra
1283 2420 1432 2456 uastitas
1462 2418 1505 2455 Et
1535 2417 1749 2456 maestitudo

231 2488 266 2524 p.
289 2475 325 2511 h.
349 2486 380 2511 e.
472 2475 551 2512 617
584 2474 812 2512 horrificabili
844 2476 998 2513 Vossius
1018 2474 1209 2513 horrificali
1230 2476 1320 2512 libri
1404 2475 1484 2513 618
1515 2476 1608 2512 aium
1629 2486 1751 2523 quam-

230 2543 335 2580 quam
365 2531 484 2578 Leid.‚
514 2533 553 2568 in
584 2533 720 2579 quibus
749 2536 851 2568 reete
881 2535 966 2569 uisa
995 2536 1051 2569 est
1081 2532 1334 2569 Fleckeiseno
1365 2534 1562 2579 scriptura
1592 2531 1751 2579 hauqua-

229 2622 334 2659 quam
363 2612 488 2647 latere
518 2610 791 2659 haudquaquam
823 2613 945 2648 ceteri
970 2612 1062 2648 libri
1153 2609 1235 2648 620
1264 2615 1300 2647 et
1330 2610 1469 2648 Salisb.
1492 2585 1520 2646 aa
1547 2610 1647 2646 Med.
1670 2622 1693 2646 α

228 2678 295 2704 nec
326 2667 416 2715 quiit
436 2668 583 2715 scripsi
609 2667 773 2715 nequiuit
794 2667 933 2704 Salisb.
963 2668 1089 2716 nequit
1109 2667 1204 2704 Par.
1225 2667 1325 2704 Med.
1349 2679 1372 2703 a
1394 2668 1415 2704 b
1436 2677 1457 2703 e
1478 2666 1615 2714 nequiit
1635 2668 1749 2715 uulyo

228 2734 301 2760 non
331 2723 420 2771 quiit
442 2723 710 2770 Stephaniana
817 2722 895 2761 621
927 2735 1007 2760 nam
1038 2725 1121 2761 edd.
1153 2734 1196 2759 na
1225 2724 1314 2761 libri
1404 2723 1461 2759 his
1491 2722 1633 2758 demum
1663 2723 1753 2760 libri

229 2781 257 2815 is
289 2780 432 2816 demum
458 2781 540 2817 edd.
627 2780 777 2816 miseret·
805 2780 895 2816 libri
922 2781 1030 2816 miser
1059 2786 1115 2816 est
1145 2781 1226 2817 edd.
1330 2778 1410 2816 623
1439 2780 1556 2815 istaec
1586 2779 1750 2816 Bothius

230 2837 296 2872 ista
327 2836 414 2872 haee
441 2837 532 2874 libri
616 2836 865 2873 Senariorum
891 2837 1026 2884 frusta
1056 2836 1208 2885 proinde
1237 2837 1347 2873 istaec
1376 2840 1436 2872 tua
1465 2834 1577 2873 Aufer
1606 2846 1638 2873 e.
1661 2848 1697 2884 q.
1719 2846 1750 2872 s.

227 2892 409 2940 praefert
431 2892 496 2930 CF
504 2893 552 2930 W
569 2893 735 2930 Mueller
762 2894 916 2940 prosod.
939 2893 1068 2930 Plaut.
1091 2892 1172 2930 386
