1942 3204
736 187 1087 226 COROLLARIVM
1564 192 1681 230 LXXI

145 298 242 343 dete
273 301 317 342 et
348 298 583 355 despoliate
610 299 815 354 qubervna'
850 299 928 342 hoc
963 299 1162 342 ultimum
1195 301 1465 356 vocabulum,
1497 306 1538 345 et
1573 303 1676 346 inte-

146 384 271 428 grum
304 370 593 427 septenarium
633 370 746 427 apud
778 370 952 414 Festum
989 386 1029 427 p.
1063 371 1149 414 276
1181 371 1279 426 (inc.
1314 371 1407 414 libr.
1440 374 1516 428 68)
1548 375 1677 418 talem

142 442 348 499 quadaemm
392 456 466 485 vox
502 456 551 485 ea:
593 443 634 485 te'
671 456 866 486 resomms
909 443 998 485 meo'
1037 443 1175 497 yradu
1219 443 1422 486 remoram
1456 445 1590 498 flacit?
1628 462 1677 490 cx

142 513 364 571 tragoedia
395 516 636 557 mutuatum
668 529 771 557 esse.
834 512 897 556 De
937 528 1020 569 quo
1052 515 1242 571 neglexit
1279 516 1391 571 quod
1430 517 1473 558 in
1507 517 1557 560 A.
1590 517 1677 560 Mai

145 585 347 630 thesauro
380 600 506 642 quem
538 586 574 628 is
607 585 840 642 appellavit
871 585 1100 628 latinitatis
1132 585 1272 642 (class.
1294 589 1422 630 auctt.
1443 586 1552 631 VIII
1572 590 1678 646 355)

141 657 365 701 exhibetur
414 657 749 700 testimoniumz-
787 657 913 699 ‘haec
963 656 1149 712 remora,
1199 673 1248 701 ae
1298 659 1323 702 i.
1374 674 1514 714 mora3
1566 661 1676 703 unde

141 729 289 773 Livius
314 743 327 771 .·
352 742 556 784 quaenam
598 743 675 772 vox
714 730 875 785 yressm'
911 742 996 772 meo
1034 742 1238 773 remoram
1272 731 1394 783 siwit’
1406 745 1420 782 ‚·
1460 746 1543 787 quo
1588 747 1674 774 am-

141 801 319 858 biguum
351 803 463 844 certe
495 800 561 855 fit,
599 803 693 843 uter
724 816 775 843 ex
813 800 979 844 duobus
1011 804 1159 844 auctor
1197 802 1422 845 verborum
1455 803 1512 845 sit
1538 819 1547 845 :
1575 819 1674 846 nam

141 876 300 916 temere
332 872 514 915 invicem
547 873 725 915 confusa
756 873 887 916 fuisse
921 888 946 916 a
977 873 1163 916 librariis
1195 873 1304 916 Livii
1343 876 1386 916 et
1417 874 1568 917 Lucilii
1601 890 1673 918 no-

140 944 259 988 mina
289 944 493 1000 exemplis
526 946 594 987 sat
625 944 954 987 demonstratur.
998 943 1198 988 Ceterum
1222 944 1422 988 Vaticani
1461 959 1673 1002 gramma—

138 1016 213 1059 tici
245 1015 402 1059 auxilio
435 1003 603 1058 versum
638 1016 697 1059 sic
729 1016 816 1058 fere
849 1016 1159 1059 restituendum
1191 1031 1283 1060 esse
1316 1017 1442 1060 duco:

205 1101 416 1156 quaenam
436 1115 518 1142 vox
538 1115 589 1142 ex
610 1100 711 1142 aede
732 1114 939 1142 resonans
959 1100 1108 1155 gressu
1128 1115 1223 1143 meo
1243 1101 1456 1144 remoram
1477 1101 1609 1144 facit?

257 1183 334 1227 Sat
352 1183 474 1226 facile
495 1183 549 1225 ad
568 1188 769 1226 numeros
789 1183 996 1239 redigitur
1016 1183 1129 1239 quod
1144 1183 1375 1227 Bernensis
1396 1185 1669 1241 artigraphus

138 1255 182 1297 in
219 1254 390 1312 Hageni
435 1255 547 1297 anal.
591 1254 712 1297 Helv.
756 1270 795 1310 p.
835 1253 989 1299 CCXV
1031 1255 1174 1297 neutri
1219 1256 1403 1299 Tartara
1445 1258 1670 1312 proposuit

137 1326 410 1382 exemplum:
433 1326 615 1369 Tartara
645 1340 772 1370 saeua
800 1327 943 1381 petisti
978 1328 1086 1369 dura
1116 1327 1300 1370 claustra
1335 1328 1521 1379 dirimas,
1560 1329 1671 1371 unde

138 1398 405 1454 septenarius
438 1399 498 1442 sic
530 1398 683 1441 oritur:

327 1482 458 1524 saeua
487 1481 669 1524 Tartara
700 1482 904 1537 adpetisti
937 1482 1043 1524 dura
1074 1482 1262 1524 claustra
1294 1480 1479 1525 diruens.

137 1565 254 1616 Quae
286 1566 354 1608 cui
387 1565 622 1608 debeantur
653 1565 818 1608 auctori
849 1568 892 1607 et
930 1580 1059 1622 quam
1091 1564 1373 1620 probabiliter
1405 1566 1455 1608 de
1488 1566 1670 1609 Hercule

138 1637 182 1679 in
221 1651 376 1680 scaena
412 1636 658 1692 praedicata
701 1636 832 1679 fuisse
878 1638 1141 1692 statuantur,
1185 1637 1230 1679 in
1277 1637 1417 1679 medio
1461 1638 1669 1694 relinquo.

254 1707 450 1764 Denique
476 1722 527 1749 ex
553 1707 784 1750 comoediis
809 1706 1022 1750 Plautinis
1054 1710 1097 1750 et
1121 1707 1391 1751 Terentianis
1423 1710 1674 1765 tragoediae

134 1780 249 1823 dicta
281 1779 490 1835 expiscari
528 1794 656 1835 quam
694 1779 838 1821 inanis
876 1779 1125 1834 plerumque
1163 1794 1316 1834 operae
1349 1780 1405 1822 sit
1437 1795 1532 1823 cum
1565 1782 1667 1824 olim

134 1851 179 1893 in
212 1853 374 1907 quaest.
408 1865 518 1894 scen.
556 1866 597 1907 p.
629 1851 716 1894 352
748 1865 838 1906 sqq.
872 1850 976 1892 satis
1009 1850 1315 1906 enarraverim‚
1353 1866 1467 1894 nunc
1504 1854 1667 1907 paucis-

135 1922 244 1964 sima
274 1921 372 1964 inde
404 1937 444 1978 p.
476 1922 563 1965 269
596 1937 658 1978 sq.
689 1922 734 1964 in
767 1921 1044 1964 adnotatione
1077 1921 1271 1964 delibavi.
1334 1922 1453 1965 Inter
1485 1938 1593 1979 quae
1632 1925 1668 1966 si

134 1993 368 2036 indicatum
407 1993 462 2036 ab
494 1992 669 2035 Andrea
700 1992 929 2049 Spengelio
969 1993 1257 2048 septenarium
1297 1994 1526 2037 iambicum
1562 1995 1667 2037 Tru-

135 2065 294 2108 culenti
331 2064 374 2107 II
415 2066 458 2120 1,
494 2065 521 2106 9
557 2065 741 2108 actzltmn
775 2065 976 2118 fortunati
1005 2065 1134 2108 solent
1168 2065 1326 2108 mutan·
1350 2080 1365 2107 .·
1392 2067 1510 2108 varia
1546 2069 1670 2109 vitas!

133 2136 318 2191 recipere
350 2136 598 2190 voluissem,
635 2136 783 2179 eodem
821 2136 911 2179 iure
949 2136 1034 2179 alia
1072 2134 1445 2190 φιλοσοφούμενα
1483 2138 1662 2193 plurima

135 2207 349 2250 cothurno
381 2207 648 2264 adstringere
681 2208 933 2251 debuissem.

251 2444 404 2488 Restat
453 2448 501 2488 ut
549 2445 599 2488 de
650 2446 923 2502 glossariis
974 2461 1111 2503 pauca
1161 2435 1371 2489 moneam.
1454 2447 1502 2489 ln
1556 2463 1664 2503 quac

134 2531 336 2573 magnam
380 2532 431 2559 ex
475 2516 765 2572 antiquiorum
816 2519 1145 2574 compilatorum
1191 2518 1311 2560 libris
1357 2519 1661 2561 vocabulorum

132 2588 299 2643 copiam
331 2588 472 2631 varios
503 2603 579 2644 per
610 2588 769 2631 rivulos
806 2589 1100 2633 transfluxisse
1139 2593 1206 2632 sat
1244 2592 1394 2632 notum
1433 2593 1508 2632 est.
1573 2590 1660 2632 Ne<-

132 2660 287 2702 desunt
323 2659 368 2701 in
399 2659 483 2702 illis
520 2660 674 2716 tragici
712 2647 922 2704 sermonis
959 2661 1114 2716 frusta,
1158 2675 1246 2703 non
1284 2660 1357 2702 illa
1402 2661 1570 2716 quidem
1610 2677 1658 2703 ex

131 2731 237 2787 ipsis
267 2734 490 2786 poetarum
523 2732 698 2788 fabulis,
735 2733 808 2775 sed
840 2748 890 2784 ex
922 2732 1299 2790 grammaticorum
1333 2732 1586 2774 commentis
1618 2736 1659 2773 ot

132 2802 342 2858 excerptis
378 2802 551 2859 hausta,
594 2818 774 2859 quorum
812 2804 939 2861 longe
983 2804 1166 2860 plurima
1204 2802 1372 2845 Nonius
1416 2805 1459 2843 et
1497 2802 1660 2858 Festus,

133 2873 217 2917 alia
253 2873 410 2930 Varro,
453 2890 589 2931 pauca
632 2874 860 2918 Diomedes
903 2875 1147 2918 Priscianus
1186 2873 1428 2916 Macrobius
1472 2889 1655 2917 commo-
