1942 3204
271 168 370 203 XLII
860 167 1212 203 COROLLARIVM

273 278 445 318 &mamis
469 278 569 318 dem
598 276 796 331 hominis)
827 277 956 331 absit,
995 277 1029 319 si
1068 277 1320 318 scribamus:
1361 293 1381 319 e
1416 279 1708 332 minimisque
1743 280 1794 324 in>

275 349 444 389 omnis.

391 418 443 460 V.
478 419 561 461 105
588 419 632 461 in
658 420 901 461 narratione
933 420 1154 474 probabile
1186 421 1252 461 est
1276 419 1551 462 indicativum
1576 421 1794 476 praeteriti

273 490 462 544 positum
492 490 641 532 fuisse:
672 491 822 533 simul
852 491 955 533 caim
985 490 1218 532 uidebam.

392 560 443 603 V.
480 562 573 603 112.
635 561 809 603 Pacuvii
848 562 978 603 verba
1014 562 1082 603 vel
1118 561 1209 616 ipse
1241 561 1426 603 Lucilius
1465 562 1618 604 satirae
1649 563 1793 607 inmis-

271 632 409 674 cuisse
441 632 507 673 vel
539 632 738 674 librarius
770 632 868 674 huic
901 632 1176 687 supposuisse
1207 635 1378 687 potest:
1399 633 1471 675 sed
1498 632 1713 677 Ciceronis
1743 635 1794 677 de

270 703 426 744 finibus
458 703 578 744 libris
619 718 703 759 quo
735 718 878 745 errore
909 703 1058 745 eadem
1090 703 1304 758 adscripta
1336 703 1423 745 sint
1454 705 1681 747 obscurum
1716 708 1794 761 est,

269 789 407 830 neque
439 774 683 828 explanavit
714 775 787 830 qui
817 775 1059 830 nuperrime
1090 775 1234 830 tetigit
1264 773 1310 816 C.
1337 774 1394 817 M.
1420 774 1642 818 Francken
1674 775 1794 819 Coni.

270 845 360 887 crit.
399 845 441 887 II
478 861 518 900 p.
557 846 624 887 31.
697 845 895 888 Ceterum
941 846 1229 888 memorabilis
1273 845 1404 902 Nonii
1446 845 1665 888 Leidensis
1713 847 1794 889 116

271 916 502 970 scriptura:
533 917 640 959 idem
671 917 867 971 chrysam.
904 916 984 968 Di,
1016 932 1101 972 qua
1132 919 1199 959 sat
1229 917 1483 959 inlustratur
1513 932 1641 973 quam
1672 917 1794 960 facile

274 987 463 1042 Chrysae
495 990 538 1028 et
568 987 798 1043 Eurysacis
829 988 944 1030 tituli
976 988 1179 1030 confundi
1210 987 1437 1042 potuerint.

388 1057 457 1100 Ad
496 1073 532 1100 v.
577 1059 658 1100 118
698 1062 967 1114 comparetur
1004 1059 1173 1114 Epidici
1210 1059 1436 1101 Plautinae
1473 1074 1510 1101 v.
1548 1060 1632 1102 249
1678 1063 1794 1103 ‘nam

268 1128 340 1171 ille
374 1130 544 1185 quidem
576 1132 650 1171 aut
680 1130 766 1172 iam
797 1131 867 1173 hic
892 1131 1043 1185 aderit,
1075 1131 1199 1172 credo
1230 1130 1388 1184 hercle,
1420 1132 1494 1172 aut
1524 1131 1610 1172 iam
1643 1131 1794 1186 adest',

272 1216 356 1256 quo
388 1216 476 1242 non
507 1201 568 1242 ita
599 1201 662 1242 uti
693 1201 838 1256 velim,
874 1204 922 1243 ut
953 1203 1243 1245 duriusculum
1273 1201 1443 1243 initium
1474 1205 1548 1244 avit
1582 1202 1696 1245 (idest
1730 1202 1795 1245 hic

271 1273 577 1314 commendem.
628 1271 710 1315 Sed
741 1287 882 1315 carere
915 1289 1011 1316 cum
1042 1274 1256 1329 possimus
1287 1273 1468 1328 repetito
1499 1273 1581 1324 hic,
1612 1273 1793 1315 fortasse

271 1343 442 1397 scripsit
473 1343 703 1386 Pacuvius:

475 1417 549 1456 aut
578 1413 650 1456 hsc
681 1415 826 1457 adest
857 1419 942 1458 aut
973 1417 1150 1458 adfore
1182 1418 1371 1458 actutum
1404 1418 1589 1458 autumo.

271 1485 410 1526 Inseri
441 1486 528 1527 iam
559 1501 728 1542 quoque
759 1489 858 1542 post
889 1487 988 1529 ‘hic’
1021 1487 1168 1542 possit.

390 1556 440 1598 V.
477 1557 558 1598 129
588 1558 746 1609 factum
777 1559 917 1614 legere
949 1558 1054 1601 mihi
1084 1558 1200 1600 visus
1233 1573 1326 1600 sum
1357 1558 1402 1600 in
1434 1557 1631 1599 Leidensi
1666 1558 1758 1600 116.

390 1626 441 1669 V.
484 1628 565 1670 143
604 1628 723 1680 mihi,
762 1631 810 1671 ut
846 1630 892 1671 in
930 1630 1050 1672 libris
1088 1631 1222 1684 extat,
1264 1629 1418 1684 legisse
1457 1629 1680 1684 suspiceris
1721 1629 1794 1684 qui

269 1698 316 1739 in
354 1697 584 1741 Bernensis
623 1700 779 1742 codicis
817 1716 857 1743 n.
890 1702 977 1743 224
1015 1700 1224 1756 glossario
1269 1700 1409 1755 primo
1453 1700 1620 1742 notavit
1656 1700 1794 1754 ‘pudet

268 1769 384 1810 mihi.
417 1771 673 1812 uerecundia
699 1774 765 1813 est
789 1772 930 1827 mihi',
963 1774 1133 1827 sumpta
1158 1786 1208 1814 ex
1234 1771 1382 1814 eodem
1412 1772 1549 1825 fonte,
1579 1771 1626 1812 ni
1655 1770 1792 1825 fallor,

269 1839 380 1881 unde
413 1839 582 1883 Nonius
615 1857 692 1884 sua
722 1843 853 1885 habet
885 1843 1033 1898 ‘pudet
1063 1843 1177 1885 enim
1208 1842 1486 1884 uerecundiae
1517 1843 1610 1883 est?
1666 1840 1790 1883 Certe

269 1912 526 1952 structuram
557 1912 675 1954 illam
707 1914 841 1956 multo
878 1914 1044 1956 facilius
1081 1913 1272 1956 tolerabo
1306 1927 1434 1968 quam
1472 1912 1626 1967 frigide
1665 1914 1791 1967 atque

267 1981 411 2036 inepte
443 1981 647 2025 insertam
679 1985 1031 2027 lamentationem
1063 1985 1118 2026 ‘ei
1148 1984 1281 2027 mihi.'

384 2051 435 2094 V.
466 2054 548 2097 148
574 2056 702 2109 paulo
727 2056 991 2110 probabilius
1019 2071 1147 2111 quam
1179 2059 1215 2098 te
1238 2056 1321 2098 nisi
1347 2070 1398 2097 ex
1429 2055 1637 2097 librorum
1663 2054 1790 2109 scrip-

266 2124 362 2165 tura
394 2127 488 2167 tunc
517 2126 555 2168 .ςί’
586 2126 751 2169 elicitur
783 2131 843 2179 te,
874 2128 990 2170 nesi.

386 2194 437 2236 V.
463 2196 556 2238 153.
594 2196 662 2239 Ad
684 2198 1004 2240 similitudinem
1024 2198 1105 2240 loci
1118 2197 1307 2240 Plautini
1325 2197 1371 2239 in
1385 2196 1575 2252 Captivis
1594 2197 1677 2239 931
1701 2211 1790 2252 sqq.

268 2265 422 2307 ‘fecisti
452 2269 500 2308 ut
531 2268 627 2322 tibi,
658 2267 944 2324 Philocrates,
974 2270 1209 2325 numquam
1234 2269 1389 2311 referre
1415 2268 1598 2324 gratiam
1628 2267 1791 2322 possim

268 2336 391 2391 satis,
434 2336 620 2380 Proinde
660 2342 709 2381 ut
750 2342 798 2381 tu
840 2340 1108 2395 promeritu's
1152 2341 1203 2382 de
1241 2354 1309 2381 me
1354 2341 1397 2380 et
1438 2337 1554 2381 filio’
1599 2337 1789 2393 proxime

268 2407 430 2450 aceedit
461 2408 601 2451 Grotii
632 2410 760 2464 ratio,
793 2426 901 2466 quae
933 2412 1275 2466 supplementum
1308 2410 1495 2452 admittit
1524 2410 1628 2451 tale:

444 2479 658 2534 [proinde]
692 2483 740 2522 ut
770 2482 854 2523 ista
887 2485 987 2524 sunt
1016 2482 1249 2537 promerita
1279 2482 1423 2523 uestra
1453 2495 1484 2523 e.
1514 2494 1550 2534 q.
1580 2494 1611 2522 s.

267 2547 329 2591 Cf.
366 2553 588 2604 praeterea
625 2551 766 2593 Plauti
809 2551 935 2594 Most.
973 2553 1060 2594 214
1098 2555 1352 2608 ‘numquam
1390 2553 1469 2607 ego
1514 2550 1576 2592 illi
1612 2564 1788 2604 possum

267 2621 450 2674 gratiam
482 2622 639 2664 referre
670 2625 719 2664 ut
748 2623 945 2665 meritust
976 2624 1026 2665 de
1057 2625 1152 2666 me?

384 2691 430 2734 P.
463 2693 530 2735 96.
593 2693 722 2748 Apud
758 2693 949 2736 Nonium
987 2709 1027 2749 p.
1059 2693 1164 2748 345,
1199 2695 1219 2736 1
1261 2692 1464 2736 excidisse
1495 2691 1703 2734 Varronis
1739 2706 1789 2733 ex

267 2762 496 2818 Agathone
518 2766 662 2817 satura
688 2765 871 2806 frustum
892 2767 935 2806 et
953 2779 1111 2807 nomen
1130 2764 1303 2807 Pacuvii
1323 2764 1560 2806 coniecerat
1578 2761 1786 2816 Naekius3

268 2835 341 2876 sed
375 2836 576 2891 quoniam
607 2835 720 2878 infra
751 2836 873 2887 idem,
913 2834 1052 2878 Varro
1089 2850 1163 2891 sc.,
1200 2835 1414 2890 laudatur,
1450 2833 1623 2877 Pacuvii
1659 2833 1788 2876 verba
