1942 3204
252 153 333 188 LIV
838 147 1189 184 COROLLARIVM

254 277 305 303 ex
342 260 559 316 sequentis
596 274 742 302 versus
780 258 903 300 initio
940 271 1023 312 qua
1057 256 1140 298 huc
1178 256 1410 298 translatae
1448 271 1539 298 esse
1579 258 1771 311 possunt,

254 334 388 375 restat
422 345 508 382 em,
544 331 569 373 i.
602 345 635 372 e.
674 345 788 384 eum,
826 344 909 385 quo
948 328 1049 384 agni
1085 327 1261 382 pretiosi
1298 327 1643 370 commemoratio
1676 340 1770 382 gra-

254 404 363 445 viter
394 403 576 444 effertur.
638 400 955 456 Distinguenda
985 399 1116 454 igitur
1148 398 1208 440 sic
1239 400 1305 439 est
1335 397 1489 439 oratio:

327 474 433 516 adde
463 474 564 528 huc,
596 472 709 528 quod
740 471 846 513 mihi
877 472 1077 525 portento
1110 470 1340 511 caelestum
1372 470 1492 523 pater

326 543 570 600 prodigium
602 543 735 597 misit,
766 542 888 598 regni
921 541 1165 591 stabilimen
1196 541 1297 594 mei,

327 630 486 671 agnum
517 614 632 656 inter
661 614 843 668 pecudes
876 627 1005 654 aurea
1035 612 1196 654 clarum
1227 626 1365 666 coma,

326 702 399 728 em
430 686 557 728 clam
589 685 818 740 Thyestem
850 684 1012 738 clepere
1044 698 1194 725 ausum
1226 697 1318 724 esse
1349 697 1371 724 e
1402 682 1520 738 regia
1550 696 1580 723 e.
1611 696 1647 736 q.
1677 683 1726 724 ss

255 757 371 800 Nota
397 757 557 799 scilicet
580 758 644 798 est
671 754 893 811 diligentia
924 754 1149 808 sermonis,
1181 768 1265 809 qua
1289 754 1326 796 is
1351 754 1417 795 vel
1448 754 1516 795 ille
1538 768 1775 808 pronomen

256 831 418 871 veteres
456 827 608 869 addere
641 827 853 880 solebant3
892 827 935 867 et
970 827 1153 880 possunt
1190 824 1394 879 exemplis
1433 825 1485 866 ab
1522 823 1695 866 Holtzio
1731 824 1777 865 in

258 899 426 955 syntaxi
469 899 592 954 prisc.
632 897 793 952 scriptt.
825 897 845 938 I
883 895 968 939 357
1003 911 1063 952 sq.
1102 895 1349 952 compositis
1393 895 1489 937 addi
1528 898 1594 937 sat
1631 896 1777 950 multa,

257 972 373 1014 velut
402 970 546 1012 Plauti
575 968 691 1010 Trin.
724 967 822 1010 328.

375 1041 428 1083 V.
448 1041 545 1083 239.
583 1039 683 1082 Non
708 1038 922 1081 laudanda
946 1040 1133 1093 tantum,
1160 1038 1232 1080 sed
1260 1038 1305 1079 in
1330 1040 1494 1080 textum
1520 1037 1779 1080 confidenter

260 1112 503 1168 recipienda
539 1113 632 1153 erat
668 1109 864 1152 Scriverii
908 1109 1150 1151 coniectura
1192 1109 1367 1163 thyrsos,
1410 1109 1476 1150 vel
1520 1108 1632 1164 quod
1675 1108 1779 1163 ipsis

260 1184 414 1226 litteris
446 1182 658 1225 indicatur
690 1182 850 1224 tirsos.
895 1179 963 1222 Sic
988 1181 1033 1222 in
1060 1179 1242 1223 Senecae
1268 1171 1430 1234 Oedipo
1448 1194 1492 1239 ¹v.
1519 1179 1601 1221 641
1630 1178 1803 1234 Agaue*

259 1255 377 1310 loqui
407 1255 559 1295 fertur:
592 1252 776 1302 ‘vibrate
807 1252 1011 1307 thyrsos.'
1076 1250 1138 1293 Of.
1171 1251 1299 1292 etiam
1330 1249 1455 1292 Herc.
1488 1250 1566 1292 fur.
1599 1250 1696 1293 476.

377 1324 430 1367 V.
461 1323 559 1367 245.
620 1322 747 1364 Haud
780 1322 974 1377 displicet
1003 1321 1183 1364 Useneri
1215 1322 1457 1363 coniectura

456 1396 556 1451 quia
585 1395 721 1450 neque
753 1397 931 1436 uetustas
960 1394 1086 1436 moris
1117 1407 1252 1449 neque
1285 1392 1584 1448 grandaeuitas

263 1481 521 1524 quamquam
558 1466 706 1507 eodem
743 1465 879 1506 redire
918 1465 1054 1507 sentio
1094 1460 1145 1504 ἓν
1174 1460 1248 1503 διὰ
1278 1462 1408 1503 δυοῖν
1443 1478 1568 1518 neque
1603 1467 1782 1508 uetustas

261 1553 386 1593 neque
416 1551 519 1588 mos,
550 1537 576 1578 i.
609 1551 641 1578 e.
674 1550 884 1578 annorum
915 1535 1329 1577 vetustate—sanctus
1361 1548 1464 1576 mos.
1514 1534 1575 1576 Of.
1608 1535 1705 1577 624.

379 1608 432 1650 V.
452 1608 550 1651 246.
587 1607 698 1649 Mira
729 1607 942 1649 locutione
970 1607 1152 1660 iwriyare
1183 1619 1313 1661 genas
1345 1606 1503 1661 lanugo
1536 1605 1705 1660 dicitur,
1737 1608 1784 1648 ut

265 1695 439 1729 somnus
471 1679 674 1721 membra.
737 1677 833 1719 Dici
866 1677 1036 1733 quidem
1068 1676 1227 1719 Graece
1258 1676 1399 1731 potuit
1428 1677 1609 1718 fortasse
1641 1672 1783 1727 ὑγρὸν

263 1748 404 1799 ἄνθος
435 1747 616 1800 ἰούλου,
654 1749 720 1791 vel
757 1748 908 1791 Latine
947 1748 1108 1790 ‘mollis
1152 1738 1352 1802 laTnugo’,
1394 1749 1539 1789 tamen
1581 1747 1782 1802 lanugine

268 1836 402 1878 genae
440 1821 590 1863 molles
627 1835 715 1862 non
752 1820 861 1862 fiunt
890 1820 1109 1874 multoque
1139 1818 1279 1860 minus
1311 1817 1495 1873 liquidae
1531 1817 1685 1859 fluidae
1722 1818 1783 1859 in-

264 1893 422 1948 riguae.
503 1891 620 1947 Ergo
669 1891 753 1933 nisi
795 1891 904 1932 forte
955 1889 1073 1932 molli
1092 1933 1099 1938 ,
1121 1890 1230 1931 flexu
1285 1887 1364 1930 rivi
1413 1888 1539 1930 modo
1590 1889 1784 1943 serpendi

264 1963 485 2006 notionem
522 1963 677 2004 inferre
715 1961 831 2016 licet,
867 1960 1041 2014 {replicat
1077 1959 1330 2013 scribamus,
1366 1961 1415 2000 ut
1449 1959 1625 2001 floribus
1664 1974 1783 2001 ramo

267 2033 391 2076 sertis
441 2047 544 2075 auro
593 2032 854 2087 inplicantur
877 2020 1044 2073 crines.
1112 2029 1252 2085 Caput
1293 2030 1490 2085 inplicari
1533 2033 1783 2073 ornamento

266 2105 471 2147 Afranius
502 2119 539 2146 v.
575 2104 627 2146 18
660 2102 776 2145 dixit.

385 2174 435 2217 V.
473 2174 572 2218 252.
634 2174 731 2229 Ipse
769 2173 1008 2229 repudiavit
1043 2172 1326 2215 Buechelerus
1365 2188 1471 2228 quae
1514 2172 1559 2215 in
1599 2175 1784 2214 mentem

266 2247 471 2289 venerant

722 2329 923 2370 praesens
955 2317 1126 2370 praesto
1158 2314 1338 2369 torpidis

509 2384 635 2428 nobi's
668 2388 840 2441 stupore
873 2400 963 2428 sese
995 2386 1107 2428 ultro
1140 2387 1355 2428 ostentum
1388 2384 1555 2427 obtulit.

387 2457 438 2500 V.
469 2457 556 2500 255
586 2458 710 2500 uiden
739 2461 786 2499 ut
814 2456 1041 2499 Usenerus.

387 2527 439 2571 V.
459 2528 555 2571 275.
594 2528 752 2570 Durius
775 2543 919 2571 versus
939 2527 1109 2570 initium
1128 2542 1265 2583 neque
1285 2527 1353 2570 hic
1375 2541 1510 2582 neque
1531 2525 1633 2568 alibi
1658 2527 1786 2568 emol-

268 2601 345 2643 lire
382 2599 496 2642 volui
533 2601 697 2641 remota
732 2610 841 2655 quae
879 2613 975 2640 cum
1019 2599 1293 2654 sequentibus
1337 2598 1548 2641 artissime
1591 2598 1788 2640 cohaeret

270 2672 420 2713 vocula
449 2671 510 2713 ita
541 2670 586 2712 in
618 2669 905 2712 antecedentis
937 2670 1107 2712 exitum.

388 2741 440 2783 V.
473 2741 557 2783 279
589 2741 807 2783 lenissimo
839 2741 1025 2783 remedio
1058 2743 1250 2795 sanatur,
1282 2740 1317 2782 si
1350 2740 1547 2782 scribitur

360 2812 552 2867 linguam
583 2812 851 2867 praepediar,
884 2813 1027 2867 grate
1058 2826 1163 2866 puer
1184 2827 1192 2853 ε
1213 2826 1266 2853 ne
1299 2810 1528 2853 attenderis
1559 2824 1588 2852 e.
1619 2824 1654 2863 q.
1685 2823 1716 2852 s.
