1942 3204
219 158 301 200 114
819 159 867 191 M.
891 157 1133 198 PAcvvlvs

850 261 979 305 XVII
1012 259 1108 319 (10)

337 373 844 382 ........
905 339 1078 381 ηθῃίἔιῐη
1107 354 1259 395 precor
1322 334 1327 339 ’

335 417 511 473 Petens,
541 420 591 459 uis
622 432 729 472 quae
763 417 831 472 egi
863 430 945 472 ago
962 416 1091 477 >{Exim
1122 417 1380 458 uerruncent
1410 416 1530 458 bene.

841 492 993 536 XVIII
1025 491 1121 550 (17)

338 572 422 627 Tu,
453 572 623 627 mdlier,
654 574 752 627 tege
783 574 826 612 te
859 573 901 612 eb
931 573 1027 612 ‘mita
1057 571 1218 626 templo
1250 569 1408 612 Lssoeri.

864 647 969 690 XIX
1003 646 1100 705 (23)

904 726 1007 767 mim
1039 725 1074 766 si
1104 727 1147 766 te
1178 726 1346 780 regere’n
1374 724 1514 781 pudor
1522 758 1533 780 ⁷

221 804 308 845 300
341 802 439 845 Siue
475 803 580 845 {ideo
613 817 685 845 cor
718 802 930 858 sapientia
959 802 1159 844 inbutiim
1189 802 1303 844 foret

869 878 952 920 XX
985 876 1082 935 (21)

336 957 477 998 Metus
511 958 678 1012 egestas
711 957 878 998 maeror
910 956 1076 998 senium
1108 954 1367 1010 exiliumque
1400 957 1443 996 eb
1474 955 1700 997 desertitas

863 1016 969 1075 XXI
1003 1031 1099 1090 (11)

338 1103 518 1160 Triplici
549 1104 872 1159 pertimefaictus
892 1119 1083 1147 maerore
1103 1105 1235 1147 {inimi
1254 1105 1415 1146 incerte
1436 1104 1582 1146 errans
1601 1105 1745 1159 uagat.

869 1182 998 1223 XXII
1032 1180 1098 1239 (9)

341 1253 573 1295 Beluarum
607 1251 743 1309 [haec]
779 1254 827 1295 alc
858 1253 1047 1294 ferarum
1079 1253 1289 1294 aduentus
1321 1267 1374 1294 ne
1406 1253 1563 1294 taetret
1592 1253 1698 1294 loca.

221 1337 303 1369 uius
329 1336 531 1368 Athalanta
554 1361 561 1367 .
577 1360 584 1367 .
600 1360 607 1369 .
631 1336 725 1368 idem
752 1336 932 1368 Periboea
1125 1335 1231 1368 XVII
1255 1335 1347 1368 Non.
1366 1336 1442 1376 185,
1467 1335 1511 1367 26
1537 1338 1746 1367 ‘uerrun-

221 1385 345 1424 cent,
373 1381 410 1413 id
437 1385 494 1414 est
518 1384 668 1414 uertant
692 1406 721 1414 ..
739 1385 767 1413 .⁷
815 1381 915 1413 Idem
941 1383 1019 1419 505,
1047 1381 1088 1413 18
1114 1381 1268 1422 ‘axim‚
1297 1380 1444 1422 egerim.
1474 1380 1515 1411 P.
1543 1380 1742 1413 Periboea:

220 1431 265 1460 ut
292 1438 402 1470 quae
431 1427 502 1468 egi
603 1429 909 1459 uerruncent.’
1019 1425 1141 1459 XVIII
1166 1426 1257 1459 Non.
1281 1426 1365 1464 476,
1393 1427 1433 1457 12
1460 1428 1635 1457 ‘tutant
1658 1450 1666 1458 .
1687 1449 1694 1457 .
1715 1427 1744 1457 .’

310 1472 397 1505 XIX
422 1473 515 1505 Non.
541 1473 625 1512 521,
654 1474 695 1504 10
721 1472 934 1504 ‘inbuere
960 1470 1187 1504 consuetudo
1212 1470 1386 1503 inducere
1411 1470 1474 1503 uel
1498 1470 1646 1503 inficere
1673 1470 1746 1502 exi-

220 1518 348 1550 stimat
371 1542 378 1549 .
394 1542 401 1549 .
417 1542 424 1550 .
440 1520 468 1549 ‚⁷
562 1518 630 1549 XX
656 1518 748 1552 Non.
774 1519 812 1558 3,
840 1519 856 1549 1
885 1517 1079 1549 ‘senium
1105 1519 1162 1548 est
1187 1516 1351 1548 taedium
1376 1518 1413 1548 et
1438 1515 1575 1556 odium,
1608 1516 1746 1548 dictum

221 1574 242 1595 a
268 1566 461 1595 senectute
492 1588 499 1595 .
522 1587 529 1594 .
551 1587 558 1594 .
589 1572 673 1594 nam
699 1565 861 1595 aetatem
886 1562 1021 1594 malam
1046 1564 1275 1594 senectutem
1299 1563 1448 1594 ueteres
1475 1561 1646 1593 dixerunt
1675 1585 1683 1593 .
1704 1585 1712 1593 .
1732 1585 1741 1594 .

220 1609 362 1640 senium
387 1609 504 1650 ipsum
530 1608 689 1650 positum
715 1609 768 1640 sic
791 1632 799 1640 .
815 1633 844 1640 ..
868 1607 909 1639 P.
936 1607 1115 1639 Periboea
1139 1631 1168 1640 ..
1184 1608 1212 1640 .'
1239 1604 1487 1649 (Pacubius
1505 1607 1550 1639 W
1574 1605 1680 1639 Leid.
1700 1615 1744 1641 m.

221 1664 274 1696 pr.
300 1653 446 1693 Bamb.)
539 1653 627 1686 XXI
651 1653 743 1685 Non.
761 1654 840 1694 467,
858 1655 901 1685 33
927 1656 1090 1695 ‘uagas
1115 1663 1178 1695 pro
1203 1651 1355 1694 uagaris
1479 1651 1520 1686 P.
1545 1651 1745 1684 Periboea:

220 1701 258 1730 in
283 1698 441 1741 triplici’
467 1708 499 1730 e.
524 1709 556 1740 q.
584 1699 612 1730 s‘.
638 1697 925 1739 (Periboeam
957 1697 1139 1740 triplici
1163 1697 1304 1738 Bamb.)
1414 1696 1519 1729 XXII
1542 1696 1638 1729 Non.
1666 1697 1743 1738 178,

219 1745 240 1777 8
266 1747 449 1785 ‘tetret,
477 1743 598 1785 sedet,
625 1743 793 1786 polluat.⁷

220 1851 359 1876 morum
381 1841 471 1877 libri
486 1841 663 1887 plerique
693 1845 879 1876 aeternum
900 1850 982 1875 mox
1004 1839 1141 1875 Bamb.
1171 1842 1355 1874 aeternum
1377 1837 1526 1873 deorum
1547 1837 1593 1873 Ν.
1616 1836 1748 1873 Faber

221 1902 364 1933 aeterne
395 1897 588 1932 humanum
612 1896 774 1932 Botln'us
804 1895 970 1931 diuorum
992 1900 1176 1931 aeternum
1197 1896 1258 1931 uel
1286 1899 1470 1930 aeternum
1493 1893 1646 1929 altorum
1671 1890 1747 1941 (uel

220 1953 363 1989 illorum
386 1949 670 2003 uel-imperium)
694 1953 961 1989 Buechelerus
1049 1950 1129 1988 296
1161 1961 1290 1999 precor
1321 1950 1459 1986 ueniam
1490 1950 1580 1986 libri
1665 1949 1744 1986 297

221 2015 282 2045 aut
311 2010 403 2046 libri
427 2022 468 2056 p.
493 2008 572 2046 505
678 2020 746 2057 qua
776 2009 879 2045 Leid.
902 2009 1039 2044 Bamb.
1063 2019 1103 2054 p.
1127 2006 1208 2044 505
1303 2007 1393 2042 axim
1425 2007 1482 2042 ed.
1516 2005 1622 2043 1526
1655 2006 1746 2042 exim

219 2067 309 2103 libri
333 2078 374 2113 p.
400 2066 477 2103 185
510 2065 569 2101 uel
590 2066 680 2101 axim
700 2066 791 2102 libri
807 2077 846 2112 p.
870 2065 950 2102 505
1037 2074 1260 2100 euerruncen
1288 2063 1377 2100 libri
1400 2073 1442 2109 p.
1465 2061 1545 2099 505
1618 2073 1747 2110 precor

221 2123 361 2159 ueniam
384 2128 510 2171 petens
533 2121 588 2157 vti
610 2132 700 2170 quae
722 2133 791 2170 ego
813 2122 871 2170 egi
894 2132 962 2170 ago
985 2122 1075 2157 axim
1097 2132 1132 2156 u.
1156 2119 1191 2156 l).
1213 2119 1385 2167 defendit
1404 2119 1672 2156 Buechelerus

222 2179 301 2216 298
325 2184 401 2216 tota
420 2179 555 2215 Bamb.
637 2179 768 2226 templo
790 2179 971 2214 Alberlus
992 2178 1160 2225 Laizyius
1181 2176 1335 2221 Quaesl.
1357 2179 1464 2212 metr.
1485 2187 1524 2222 p.
1543 2174 1592 2211 13
1615 2174 1744 2223 templa

219 2237 308 2272 libri
395 2236 473 2272 299
507 2241 653 2283 regeret
674 2237 731 2271 ed.
756 2234 863 2272 1526
897 2240 1034 2283 [egeret
1056 2232 1147 2271 libri
1231 2233 1310 2270 301
1334 2232 1548 2280 exiliumque
1569 2236 1605 2267 ct
1625 2231 1746 2268 deser-

223 2294 305 2328 titas
335 2303 455 2330 ausus
482 2304 584 2329 sum:
615 2291 668 2339 cf.
690 2294 765 2328 inc,
783 2291 867 2339 fab.
888 2291 946 2338 fr.
966 2290 1110 2327 LXIII
1135 2289 1349 2337 exiliumque
1380 2294 1416 2325 et
1446 2292 1614 2324 senectus
1643 2288 1746 2334 libri,
1778 2315 1792 2320 ,

222 2350 323 2396 quod
352 2354 509 2386 tuentur
540 2349 755 2395 Gepperlus
785 2349 831 2384 de
864 2352 1048 2395 pronunt.
1075 2346 1152 2383 112
1192 2351 1227 2382 el
1260 2345 1379 2383 GFW
1397 2344 1564 2382 Mueller
1590 2345 1745 2391 prosod.

221 2407 352 2442 Plaut.
382 2405 462 2443 256
493 2405 709 2453 exiliumque
739 2410 775 2440 et
803 2404 1011 2440 mendicitas
1040 2403 1307 2440 Buechelerus
1338 2402 1481 2438 exilium
1511 2405 1549 2437 et
1577 2405 1745 2437 senectus

222 2464 306 2499 olim
335 2463 423 2498 dedi
507 2468 542 2498 et
563 2467 731 2498 senectus
761 2466 797 2497 et
826 2461 905 2497 sitis
935 2460 1112 2508 Perpetua
1142 2458 1404 2499 Lud.,Carrio
1435 2459 1592 2494 Emend.
1619 2456 1670 2493 II
1694 2457 1745 2494 16

223 2530 274 2555 ex
305 2520 361 2555 ed.
398 2517 669 2555 Venelcc1483
790 2517 871 2555 302
903 2511 1035 2565 triplici
1065 2518 1126 2553 uel
1157 2517 1239 2552 hinc
1276 2514 1408 2563 triplici
1446 2516 1507 2551 uel
1545 2514 1574 2549 is
1607 2518 1651 2549 tr.
1684 2515 1745 2550 uel

223 2574 413 2623 multiplici
446 2575 600 2612 Vossius
630 2575 664 2610 in
697 2574 829 2622 triplici
857 2575 947 2610 libri
973 2578 1134 2620 praeter
1154 2572 1305 2618 Bamb.,
1336 2572 1383 2607 de
1403 2583 1477 2619 quo
1498 2571 1583 2607 uide
1603 2580 1746 2616 supra:

223 2643 302 2667 nam
332 2634 456 2668 latere
484 2635 619 2678 potest.
707 2642 846 2667 merore
875 2631 966 2667 libri
1069 2629 1149 2666 303
1179 2628 1365 2664 beluarum
1395 2638 1434 2663 ac
1464 2627 1616 2663 serarum
1643 2626 1745 2672 libri,

224 2690 325 2736 quod
351 2692 481 2724 tuetur
511 2687 704 2736 Berylcius
735 2687 880 2734 ephem.
912 2687 1010 2723 stud.
1034 2686 1151 2733 antiq.
1176 2683 1283 2722 1852
1302 2696 1343 2731 p.
1366 2683 1458 2729 350.
1489 2682 1746 2730 beluarumque

226 2745 296 2781 hue
325 2744 482 2780 ferarum
504 2746 588 2782 olim
619 2745 771 2791 scripsi.
813 2744 1008 2790 Templari
1044 2744 1120 2779 alia
1145 2745 1331 2789 possunt,
1370 2741 1476 2776 uelut
1512 2738 1667 2774 seriirum
1706 2749 1746 2774 ac

223 2801 407 2837 belum-um
447 2812 492 2836 ne
527 2799 658 2837 taetret
695 2800 773 2836 loca
803 2799 1010 2846 Aduentus,
1048 2801 1110 2836 uel
1139 2801 1243 2835 inira
1273 2799 1387 2833 unius
1415 2797 1628 2842 septenarii
1656 2805 1745 2841 spa-

223 2860 311 2894 tium
343 2859 526 2894 conclusa
556 2856 644 2893 haec
668 2856 827 2894 ,serarum
857 2867 897 2892 ac
926 2855 1109 2891 beluarum
1141 2853 1316 2891 aduentus
1347 2863 1391 2889 ne
1422 2851 1554 2888 taetret
1585 2851 1673 2888 loca.
