1942 3204
829 157 882 202 L(
898 164 1070 200 ATT1vs
1636 163 1719 206 175

145 243 153 258 “
179 270 267 314 295
297 268 471 327 Capiti?

838 345 948 390 VIII
981 344 1048 404 (2)

295 423 495 482 Ssipimus
533 424 696 480 animo,
732 423 917 467 frtiimur
954 424 1116 467 anima:
1155 421 1248 466 sine
1287 424 1432 467 animo
1472 424 1618 466 anima
1650 426 1719 467 est

1251 501 1416 544 debilis.

861 578 926 622 IX
959 577 1027 638 (4)

294 656 437 715 'Apud
475 658 769 701 abundantem
808 658 1032 714 §utiquam
1070 673 1242 701 amnem
1280 660 1324 699 et
1359 658 1533 714 raeipidas
1578 658 1717 701 undas

1249 734 1417 778 ‘Inachi

871 813 913 857 X
946 812 1014 872 (8)

294 891 423 935 Ntinc
447 889 634 951 pergam?
652 894 702 935 ut
727 890 950 950 suppliciis
969 893 1148 950 placans
1169 892 1370 935 caelitum
1391 907 1487 935 aras
1508 893 1717 949 expleam.

910 970 975 1014 XI

295 1047 406 1099 Quid
438 1049 567 1105 ishie,
600 1050 735 1106 gnata
765 1049 912 1106 unica,
944 1050 1026 1105 est,
1057 1048 1344 1105 Demonassa‚
1377 1049 1575 1105 obsecro,

175 1126 263 1168 300
295 1125 419 1177 Quod
451 1128 519 1169 me
549 1129 674 1170 tanto
707 1129 912 1183 expetens
943 1127 1139 1171 timidam
1171 1142 1194 1170 e
1225 1130 1340 1170 teoto
1373 1127 1511 1170 excies
1543 1127 1631 1169 -P

837 1210 924 1254 ΧΠ
957 1208 1055 1268 (10)

292 1287 507 1345 Eloquere
537 1303 720 1346 propere
752 1304 802 1332 ae
833 1304 977 1332 meum
1007 1289 1123 1331 h1ine
1155 1304 1362 1345 pauorem
1394 1290 1634 1345 expectora.

266 1395 357 1429 VIII
387 1395 481 1429 Non.
514 1397 598 1438 426,
624 1398 668 1430 28
700 1397 898 1430 ‘animus
930 1401 966 1430 et
998 1397 1146 1430 anima
1175 1396 1247 1429 hoe
1277 1397 1435 1430 distant:
1469 1398 1612 1430 animus
1645 1401 1713 1439 est,

173 1451 245 1484 quo
269 1441 451 1484 sapimus,
477 1442 621 1484 anima,
648 1453 722 1486 qua
746 1443 920 1476 uiuimus.
959 1443 1095 1476 Accius
1121 1443 1327 1486 Epigone
1352 1468 1360 1476 .
1382 1467 1390 1475 .
1410 1446 1439 1476 .’
1466 1441 1713 1486 (Epigonis

174 1485 302 1519 Delrio
329 1487 531 1530 Erigone.
555 1487 755 1529 Meroen-us)
782 1488 1053 1521 Grammaticus
1078 1489 1148 1524 inc.
1174 1488 1285 1530 gloss,
1304 1488 1414 1531 Verg.
1443 1499 1502 1531 ap.
1521 1488 1713 1521 Barthium

172 1531 326 1565 Aduers.
352 1532 529 1566 XXXVII
545 1535 567 1567 5
592 1533 759 1575 (Seruius
785 1534 841 1566 ed.
870 1535 963 1566 Lion
986 1533 1024 1566 11
1048 1545 1083 1577 p.
1104 1535 1186 1576 374)
1213 1535 1375 1567 ‘animus
1399 1535 1445 1567 ab
1473 1535 1596 1568 anima
1622 1534 1713 1566 dici-

174 1580 254 1610 turt
280 1577 375 1611 haec
400 1581 457 1610 est
482 1578 578 1611 enim
604 1589 677 1622 qua.
700 1579 878 1620 uiuimus,
910 1579 1033 1612 animo
1058 1583 1182 1613 autem
1207 1579 1472 1623 intellegimuS.
1521 1580 1649 1613 Attius
1672 1582 1710 1612 in

174 1623 400 1666 Epigonoz
426 1624 591 1666 capimus
617 1625 752 1666 animo,
776 1625 930 1658 fruimur
954 1625 1106 1658 anima!
1181 1625 1235 1658 IX
1258 1625 1352 1658 Non.
1377 1626 1454 1666 192,
1477 1626 1500 1658 4
1525 1628 1713 1658 ‘amnem

260 1668 440 1702 feminino
463 1693 472 1701 .
493 1694 500 1702 .
522 1694 530 1702 .
553 1670 691 1703 Accius
715 1670 1030 1713 Epinausimache
1055 1695 1064 1704 .
1083 1695 1092 1704 .
1112 1695 1120 1703 .
1143 1670 1242 1704 idem
1265 1671 1473 1714 Epigono
1582 1669 1714 1714 (Epi-

174 1714 305 1756 gonis
329 1714 531 1758 Mereor-us)
632 1715 666 1748 X
688 1715 786 1750 Non.
810 1717 895 1756 398,
923 1717 964 1749 19
996 1716 1300 1759 ‘supplicium
1332 1726 1456 1749 rursus
1488 1716 1713 1760 supplicatio

181 1784 190 1792 .
211 1784 220 1793 .
240 1783 248 1792 .
277 1760 414 1794 Accius
436 1759 646 1804 Epigona
671 1786 680 1794 .
700 1786 707 1793 .
728 1764 759 1795 .’
790 1760 1033 1805 (EpigonIs
1058 1761 1185 1795 Delrio
1209 1761 1414 1805 Epigono
1440 1760 1581 1798 Geneu.
1606 1762 1712 1797 Leid.

172 1805 373 1848 Erigone
398 1805 513 1839 Basil.
544 1807 743 1849 Erigona
766 1804 979 1851 Mei-cerus)
1069 1806 1123 1840 XI
1149 1807 1340 1840 Charisius
1371 1806 1416 1840 de
1448 1818 1559 1841 uersu
1584 1807 1714 1840 Satur—

173 1851 235 1883 nio
259 1850 359 1894 (uide
376 1851 443 1893 IV)
536 1851 608 1885 XII
631 1852 725 1886 Non.
744 1853 798 1895 16,
817 1854 838 1886 5
863 1855 1181 1896 ‘expectorare
1209 1855 1266 1886 est
1290 1855 1396 1886 extra
1421 1856 1554 1896 peetus
1580 1853 1711 1886 eicere.

175 1976 211 2008 te
241 1971 330 2009 haec
358 1965 520 2023 pigrem]
553 1978 705 2022 propter
734 1983 774 2010 re
803 1973 944 2023 pigrem
975 1973 1063 2010 haec
1087 1975 1181 2011 libri
1214 1979 1366 2023 propter
1394 1978 1430 2010 te
1459 1974 1601 2024 pigi-em
1623 1974 1711 2011 haec

174 2029 257 2066 edd.
386 2028 468 2067 296
499 2029 659 2078 capimus
687 2042 848 2078 qramm.
879 2031 1041 2068 Barthii
1161 2030 1241 2069 297
1274 2032 1446 2080 Argiuam
1477 2032 1520 2068 L.
1543 2031 1711 2069 Mueller

173 2086 318 2123 annali.
337 2086 485 2134 philon.
512 2086 619 2124 1867
642 2098 686 2134 p.
714 2086 797 2124 492
913 2086 994 2125 298
1025 2098 1174 2137 pergam
1206 2094 1246 2125 ut
1274 2089 1483 2125 Fruterius
1515 2088 1637 2126 Veris.
1667 2089 1716 2125 ΙΙ

174 2141 220 2185 5,
252 2142 407 2191 Lipsius
434 2153 628 2192 pergamus
658 2144 748 2181 libri
775 2155 969 2194 pergamus
991 2151 1032 2182 ut
1052 2145 1191 2183 Iunius
1219 2148 1256 2183 in
1286 2158 1355 2194 mq.
1465 2146 1713 2194 Interroqari

171 2200 278 2236 malit
308 2199 575 2248 Buechelcpus
680 2200 761 2238 299
791 2207 899 2251 gnata
927 2202 1032 2239 unica
1052 2202 1172 2239 Borb.
1197 2215 1221 2239 a
1253 2213 1381 2252 graeca
1409 2203 1519 2239 amica
1542 2203 1662 2239 Borb.
1689 2204 1710 2239 b

260 2255 470 2294 demanassa
493 2258 612 2295 Borb.
635 2258 668 2294 b.
707 2258 766 2295 De
787 2261 1004 2307 antiquiore
1034 2260 1133 2297 baec
1165 2264 1331 2297 testatur
1351 2260 1403 2296 H.
1426 2260 1578 2296 Keilius
1597 2260 1709 2296 Anat.

171 2325 230 2361 qr.
255 2324 298 2360 p.
321 2312 374 2351 36
406 2313 468 2351 ‘de
497 2313 735 2352 Demonassae
764 2318 935 2363 nomine,
967 2318 1069 2365 quod
1096 2327 1232 2354 uerum
1263 2327 1348 2354 esse
1379 2318 1515 2364 credo,
1548 2327 1600 2353 ex
1628 2319 1710 2363 api·

173 2370 282 2407 cibus
311 2370 515 2408 literarum
545 2373 613 2420 qui
640 2373 769 2410 relicti
795 2377 885 2410 sunt
915 2385 991 2410 non
1022 2378 1196 2411 constat.-
1226 2373 1367 2411 ‹lemara
1397 2402 1406 2411 .
1426 2402 1436 2410 .
1455 2403 1464 2411 .
1496 2375 1560 2410 uel
1590 2372 1710 2410 dema-

171 2437 256 2463 eans
287 2438 311 2476 q
337 2429 468 2476 leqere
497 2429 589 2466 mibi
616 2427 808 2467 uidebar?
854 2429 1054 2467 Constituit
1085 2440 1240 2468 uersum
1277 2431 1373 2468 idem
1401 2442 1442 2478 p.
1466 2430 1518 2468 38
1627 2430 1711 2468 300

171 2494 383 2534 mecumago
413 2487 477 2522 uel
506 2496 693 2535 meamego
725 2488 788 2524 uel
818 2488 940 2524 simile
960 2489 1140 2536 quiddam
1169 2490 1207 2525 in
1230 2488 1349 2525 Borb.
1372 2500 1395 2524 a
1417 2490 1603 2535 scriptum
1626 2498 1710 2523 esse

171 2541 377 2579 uidebatur
406 2541 460 2579 H.
483 2542 607 2580 Keilio
626 2545 653 2580 l.
674 2544 715 2590 l.,
749 2554 818 2581 om.
842 2543 961 2582 Borb.
983 2545 1004 2581 b
1035 2556 1091 2581 me
1123 2544 1242 2582 subito
1274 2545 1370 2581 idem
1400 2545 1537 2582 Philol.
1565 2544 1635 2580 ΙΙΙ
1656 2543 1708 2580 97.

171 2607 229 2634 1110
259 2597 424 2636 Alcmaeo
455 2601 518 2637 uel
548 2599 741 2637 Aleumaeo
772 2599 858 2648 (om.
881 2598 950 2651 1110)
983 2602 1190 2651 Berylcius.
1220 2612 1360 2639 1110ου111
1390 2612 1499 2650 agere
1531 2600 1707 2637 Bueche-

170 2655 287 2692 lerus.
326 2656 450 2694 Paulo
474 2658 642 2704 propius
670 2669 787 2706 quam
817 2662 950 2695 cetera
982 2658 1032 2695 ab
1062 2659 1284 2708 apoqraploei
1303 2658 1574 2703 Niebuhriani,
1608 2658 1711 2704 quod

170 2711 243 2757 filii
267 2712 500 2751 liberalitate
529 2714 621 2751 milti
648 2717 943 2752 accuratissime
971 2716 1162 2763 depictum
1193 2726 1330 2761 seruo,
1361 2715 1604 2751 similitudine
1624 2723 1708 2750 mea

172 2772 349 2815 quamuis
367 2771 595 2809 duriuscule
617 2771 753 2809 abesse
783 2773 966 2810 uidentur
993 2774 1028 2809 si
1055 2774 1203 2821 quidem
1224 2775 1261 2809 in
1293 2772 1488 2819 sequentis
1519 2772 1708 2807 uersiculi

171 2825 279 2862 initio
298 2825 453 2864 clamore
474 2828 722 2876 sequebatur.
783 2840 839 2866 me
860 2834 1092 2878 expetessens
1115 2835 1140 2865 t.
1163 2840 1182 2865 0
1205 2827 1326 2864 1001011
1349 2829 1446 2864 coni.
1475 2827 1668 2864 Vsenerus

173 2882 290 2919 cxciet
310 2882 505 2933 Ber-alcius
588 2884 668 2923 301
699 2896 856 2935 propere
877 2886 1083 2925 Mercerus
1112 2886 1258 2934 proprie
1288 2885 1378 2921 libri
1463 2894 1580 2920 meum
1611 2884 1707 2922 1111110
