1942 3204
303 230 386 271 170
939 230 1178 266 L.·ATT1VS

944 334 1050 379 XVI
1082 332 1178 392 (20)

1026 411 1376 455 indecorabssiter
1407 413 1568 455 alienos
1600 404 1734 456 diunt.

943 489 1072 533 XVII
1105 487 1171 547 (3)

420 555 592 618 Quanta
624 567 670 609 1'11
701 568 899 610 uenando
932 567 1085 609 affecta
1117 569 1181 609 est
1211 567 1474 610 laetitudine.

950 644 1101 687 xvm
1134 642 1230 700 (15)

300 723 386 764 260
419 756 427 764 .
461 755 468 763 .
502 722 697 777 splendet
729 723 872 778 saepe,
904 723 971 764 ast
1001 721 1114 763 idem
1144 719 1304 763 nimbis
1335 721 1550 764 interdum
1581 722 1735 778 nigret.

942 815 1049 858 XIX
1105 816 1156 858 19

418 893 569 935 Festus
600 909 640 948 p.
673 894 759 935 314
791 893 848 935 M.
887 813 1099 950 ‘[stipes(
1130 814 1257 935 fiistis
1294 891 1451 951 terrae]
1484 893 1644 935 defixus
1677 918 1732 924 —
1765 919 1820 924 —

298 996 352 1000 —
393 996 446 1000 -ν
488 996 541 1000 —-
585 968 771 1027 [Accius]
818 971 864 1012 in
900 971 1100 1012 Bacchis:
1144 969 1373 1028 ee[quen1
1418 971 1648 1026 stipitem
1692 969 1819 1027 abi-]

296 1045 530 1104 eg[n]um
581 1038 668 1090 aut
706 1046 931 1105 al[neum
969 1082 1225 1090 .......
1225 1046 1240 1105 ]
1251 1049 1334 1090 us?
1399 1047 1706 1104 Supplementa
1741 1047 1822 1090 Vr-

300 1124 382 1166 sini
415 1126 526 1166 sunt.

883 1201 1243 1246 CHRYSIPPVS

999 1297 1021 1339 Ι
1053 1295 1120 1355 (5)

415 1374 565 1431 Neque
600 1373 722 1432 [erat]
757 1375 982 1431 quisquam
1015 1391 1040 1417 a
1069 1376 1166 1418 telis
1197 1391 1377 1431 uacuus,
1408 1375 1481 1417 sed
1512 1375 1576 1417 uti
1608 1375 1675 1416 cui
1707 1375 1821 1431 quic-

1358 1468 1439 1508 que
1471 1452 1643 1494 obuiam

416 1529 593 1586 Fuerat,
635 1528 725 1587 [ita]
759 1530 920 1573 ferrum
954 1531 1080 1587 xiiius,
1114 1528 1252 1588 [alius]
1287 1530 1378 1572 saeixi
1408 1529 1566 1572 raudus
1597 1527 1818 1587 m[1'serat.]

386 1637 472 1669 XVI
498 1636 689 1670 Charisius
713 1637 749 1670 11
771 1649 804 1680 p.
825 1638 888 1670 182
906 1638 946 1670 P.
972 1636 1385 1670 ‘indecorabiliter.
1411 1635 1545 1669 Accius
1569 1629 1726 1670 Bacchis
1745 1662 1753 1669 .
1768 1661 1775 1669 .
1790 1639 1819 1670 .’

385 1682 490 1715 XVII
521 1684 614 1716 Νοιι.
649 1684 730 1722 132,
763 1685 804 1716 13
836 1682 1140 1716 ‘laetitudine
1172 1693 1239 1724 pro
1270 1682 1426 1716 laetitia.
1461 1681 1598 1715 Accius
1628 1706 1636 1714 .
1657 1706 1666 1715 .
1685 1706 1694 1716 .
1724 1681 1819 1715 idem

295 1728 487 1761 Baccius
516 1753 524 1760 .
546 1753 554 1762 .
593 1727 842 1771 ’(Bacchis
865 1728 962 1770 edd.)
1061 1727 1185 1761 XVIII
1208 1727 1299 1760 Non.
1328 1728 1404 1765 144,
1432 1728 1473 1759 12
1498 1727 1687 1770 ‘nigret‚
1715 1727 1820 1770 nigra

293 1773 365 1806 fit.
403 1766 568 1806 ..Accius
601 1773 876 1806 Bacchidem
905 1798 913 1805 .
935 1798 942 1806 .
981 1773 1241 1814 ⁹(Bacchis
1265 1772 1320 1805 ed.
1346 1773 1432 1805 1526
1464 1771 1676 1805 Bacchis.
1707 1772 1820 1805 idem

293 1817 496 1860 Mercerus)
601 1819 688 1852 XIX
713 1818 771 1851 cf.
794 1818 931 1851 Fronto
957 1819 1001 1852 de
1027 1819 1239 1860 eloquentia
1263 1829 1297 1861 p.
1324 1818 1388 1850 148
1411 1818 1502 1852 Nab.
1529 1817 1633 1860 ‘quin
1658 1818 1756 1860 erige
1782 1820 1819 1850 te

292 1867 330 1896 et
356 1863 510 1901 extolle,
537 1866 574 1897 et
599 1868 756 1898 tortores
781 1864 892 1906 istos,
919 1865 983 1905 qui
1006 1866 1043 1896 te
1068 1867 1109 1896 ut
1135 1863 1332 1896 abietem
1357 1865 1434 1896 aut
1458 1863 1608 1895 alnum
1633 1873 1820 1905 proceram

294 1909 491 1941 incuruant
516 1912 553 1941 et
579 1910 624 1942 ad
651 1910 904 1942 chamaetorta
930 1909 1145 1947 detrahunt,
1170 1908 1296 1941 ualido
1320 1908 1508 1941 cacumine
1533 1910 1595 1940 tuo
1621 1911 1781 1941 excute?

383 1954 606 1996 Euripideae
639 1954 787 1988 fabulae
824 1954 1029 1987 diuerbium
1061 1954 1109 1995 (u.
1136 1933 1259 1987 '493—
1215 1952 1347 1996 —498)
1380 1953 1613 1986 adumbrauit
1643 1953 1819 1986 Horatius

298 2009 317 2031 e
345 1999 404 2032 ist.
430 2000 447 2031 I
473 2001 529 2040 16,
556 2002 598 2032 73
624 2010 640 2033 s
695 2025 704 2033 .

319 2010 342 2042 p
385 2010 918 2088 CHRY81PvaqaeJnonslP1²vs=
952 2044 996 2078 fr.
1027 2043 1078 2086 II)
1115 2045 1133 2077 1
1161 2045 1294 2076 Festus
1324 2054 1358 2085 p.
1388 2044 1455 2076 265
1485 2043 1534 2075 M.
1574 2042 1729 2076 ‘rodus
1758 2043 1818 2076 uel

297 2089 461 2121 raudus
486 2090 668 2131 significat
693 2101 767 2123 rem
791 2089 918 2122 rudem
943 2092 981 2122 et
1006 2089 1277 2132 imperfectam:
1310 2099 1393 2121 nam
1417 2098 1544 2121 saxum
1569 2098 1711 2131 quoque
1737 2099 1817 2121 rau-

293 2135 360 2166 dus
385 2134 580 2176 appellant
604 2138 754 2178 poetae,
788 2138 828 2167 ut
852 2134 986 2168 Accius
1009 2135 1047 2167 in
1071 2134 1283 2177 Melanippo
1307 2151 1350 2157 —
1376 2135 1414 2166 et
1438 2134 1475 2165 in
1501 2133 1722 2176 Chrysippo:
1753 2144 1817 2167 ne-

291 2182 381 2222 que’
409 2190 440 2212 e.
467 2190 500 2222 q.
525 2189 554 2213 S.

293 2300 457 2337 Bothius
489 2299 651 2336 ohnoxae
684 2300 886 2337 Cledonius
915 2299 1041 2336 obnixe
1073 2299 1229 2336 Grotius
1258 2299 1358 2336 Bibl.
1390 2300 1476 2336 crit.
1507 2310 1595 2335 nou.
1625 2298 1694 2336 IV
1718 2298 1817 2335 obni-

294 2368 377 2392 xum
398 2357 649 2394 Hermannus
669 2357 808 2405 Hayen
887 2355 1065 2405 obtegunt
1087 2356 1240 2393 Grotius
1261 2355 1436 2392 obtexunt
1458 2355 1658 2392 Cledonius
1690 2361 1818 2404 tegunt

296 2412 454 2450 Bothius
558 2414 654 2450 Tres
681 2414 856 2450 senarios
883 2414 1101 2450 Boeclclzius
1129 2412 1195 2449 Gr.
1225 2416 1328 2458 iray.
1354 2414 1485 2458 princ.
1509 2423 1553 2459 p.
1577 2411 1657 2449 312
1695 2414 1814 2449 conti-

292 2472 428 2506 nuauz‘t
457 2471 592 2507 hosce.-
625 2470 758 2506 Deinde
788 2469 830 2505 ab
860 2469 986 2518 iugulo
1007 2482 1053 2518 p.
1085 2481 1121 2518 g.
1154 2481 1188 2517 p.
1216 2464 1222 2519 Ι
1250 2468 1383 2505 Obnixe
1413 2467 1608 2505 obtexunt:
1649 2473 1724 2504 tum
1753 2479 1815 2517 pe*

291 2525 421 2562 cudum
452 2526 685 2574 syluestrium
712 2524 718 2573 Ι
744 2525 895 2562 Exuuias
925 2525 949 2561 1.
971 2538 1007 2574 p.
1030 2526 1054 2562 l.
1077 2537 1108 2562 a.
1196 2524 1276 2562 259
1298 2524 1438 2561 affectio
1461 2530 1517 2561 est
1534 2525 1626 2561 libri
1651 2524 1816 2561 affectust

303 2582 453 2620 Vossius
485 2583 600 2619 affecti
620 2582 825 2620 Mercerus
845 2582 962 2620 affecti
982 2587 1036 2619 est
1057 2582 1100 2618 L.
1122 2582 1288 2619 Mueller
1307 2591 1402 2617 mus.
1424 2581 1549 2620 Rhen.
1570 2581 1718 2618 XXIV
1733 2579 1815 2618 240

378 2638 459 2677 260
487 2639 564 2676 sole
594 2639 761 2688 splendet
782 2639 963 2685 Bothius,
994 2643 1098 2675 recte
1205 2637 1284 2675 262
1314 2642 1390 2674 erat
1414 2637 1455 2673 0.
1477 2637 1709 2683 Muellerus,
1741 2649 1810 2673 om.

292 2697 374 2733 cod.
476 2694 534 2732 eui
565 2692 739 2746 quicque]
773 2692 902 2744 e'uique
933 2697 1014 2732 cod.
1045 2696 1102 2732 cui
1133 2694 1218 2743 quid
1253 2693 1294 2731 0.
1316 2693 1531 2730 Muellerus
1561 2692 1647 2741 quid
1685 2694 1814 2741 cuique

290 2752 573 2789 Lindemannus
623 2750 630 2759 ⁸
659 2751 777 2789 fuerat
799 2751 940 2788 obuiam
964 2751 1155 2800 Berylcius
1175 2751 1336 2797 Ephem.
1358 2750 1450 2786 Hal.
1477 2748 1584 2786 1842
1602 2761 1642 2796 p.
1665 2748 1745 2787 238

291 2807 371 2845 263
392 2809 441 2845 ita
463 2821 533 2845 om.
561 2810 644 2846 cod.
729 2808 864 2844 ferrum
886 2808 998 2855 alius,
1020 2807 1110 2844 alius
1131 2818 1273 2843 saxeum
1296 2806 1372 2853 (uel
1393 2805 1479 2853 saxi)
1500 2805 1633 2842 raudus
1651 2817 1813 2854 sumpse-

291 2869 345 2900 rat
371 2864 410 2900 0.
435 2865 646 2902 Muellerus
667 2864 802 2902 ferrum
822 2864 912 2901 alius
932 2865 1029 2901 saxio
1057 2863 1182 2901 rudem
1204 2865 1286 2901 cod.
1308 2862 1470 2910 Ferrum,
1500 2861 1589 2898 alius
1609 2862 1683 2898 saxi
1702 2861 1811 2898 rodus

290 2920 482 2969 Bequius
510 2923 535 2958 l.
557 2923 582 2958 l.
1413 2940 1416 2943 -
