1942 3204
769 177 1122 216 COROLLARIVM
1566 182 1719 218 XXXIX

181 287 290 333 Rud.
322 289 409 332 468
442 292 562 333 ‘nam
592 289 698 331 haec
730 289 981 332 litteratast:
1019 303 1147 345 eapse
1179 292 1328 332 cantat
1369 290 1496 346 quoia
1530 291 1600 333 sit’
1635 291 1722 335 (JD

179 360 390 415 praebent
418 361 471 403 ab
501 375 553 404 se.
616 359 745 403 Redit
774 360 924 403 eadem
956 360 1168 416 scriptura
1200 361 1246 403 in
1277 361 1426 404 militis
1458 377 1494 404 v.
1527 362 1634 417 940,
1674 362 1717 405 in

180 429 292 475 Men.
330 433 430 487 180,
467 432 514 475 in
552 431 812 475 Truculento
853 430 916 474 IV
954 432 1000 486 3,
1040 432 1114 487 78,
1153 447 1414 489 quamquam
1453 433 1534 476 hoc
1567 434 1719 476 ultimo

179 502 273 547 loco
304 504 444 547 versui
475 519 565 548 non
597 503 702 547 satis
741 503 855 546 facit.
918 501 1032 546 Nam
1064 503 1110 547 in
1140 502 1434 547 Menaechmis
1476 505 1641 547 hiatum
1674 505 1717 547 in

180 576 413 631 septenarii
448 575 628 619 diacresi
654 575 942 631 frequentem,
973 575 1228 630 praesertim
1252 575 1299 618 in
1326 576 1449 631 gravi
1474 576 1718 632 interpunc-

177 645 295 690 tione
323 635 382 690 'et
424 646 753 701 exclamatione,
796 646 1095 689 tolerabimus:
1141 647 1289 689 ‘mane
1340 661 1485 702 mane,
1529 647 1718 702 obsecro,

178 716 338 762 hercle:
377 734 479 776 apse
511 734 654 763 eccam
685 718 793 778 ‹ixit’
828 733 862 761 e.
895 733 934 774 q.
967 733 998 760 s.
1048 717 1248 761 Ceterum
1280 719 1332 761 cf.
1364 717 1589 761 Ritschelii
1622 734 1716 761 nov.

177 803 263 832 exc.
296 789 433 834 Plaut.
460 790 481 833 Ι
512 791 581 834 52.
627 790 820 841 Quadrat
845 789 898 832 ad
930 789 1042 832 hanc
1068 789 1325 845 scripturam
1352 789 1541 833 Labbaei
1573 791 1714 846 glossa

179 862 244 903 ‘as
274 856 443 911 αὐτοῖς’.

296 931 348 975 V.
379 933 439 975 30
469 934 630 990 expleri
662 936 806 989 potest
838 933 1125 990 septenarius:

235 1002 345 1046 dice
372 1005 474 1058 [mi]
501 1005 603 1062 quid
630 1006 785 1049 faciam
810 1006 877 1048 uel
901 1004 1031 1060 dice,
1057 1005 1177 1061 quid
1202 1005 1318 1059 [uis]
1344 1006 1500 1049 faciam
1519 1021 1549 1048 e.
1569 1021 1605 1061 q.
1624 1021 1655 1049 s.

174 1074 339 1118 Eadem
382 1075 624 1132 imperativi
661 1077 802 1120 forma
838 1075 1028 1119 Naevius
1065 1091 1102 1119 v.
1134 1077 1191 1120 63
1230 1092 1332 1119 usus
1369 1080 1436 1120 est
1466 1080 1510 1120 et
1546 1077 1714 1131 Accius,

174 1148 223 1188 ut
263 1146 444 1202 conieci,
488 1151 622 1204 praet.
671 1149 734 1193 12.
810 1147 1005 1204 Incipere
1050 1163 1220 1191 versum
1264 1149 1319 1191 ab
1363 1149 1617 1206 imperativo
1668 1151 1713 1192 in

173 1216 287 1261 Leid.
325 1219 407 1262 116
438 1218 674 1262 indicatum
699 1222 766 1263 est
796 1220 953 1263 initiali
985 1220 1148 1275 littera,
1179 1234 1288 1276 quae
1315 1221 1425 1263 solet
1450 1236 1500 1263 eo
1532 1222 1712 1265 consilio

173 1288 304 1332 etiam
342 1291 493 1334 mediis
529 1292 576 1334 in
613 1292 818 1348 exemplis
856 1292 1074 1347 usurpari,
1115 1292 1311 1348 quamvis
1348 1307 1427 1335 nec
1464 1296 1711 1336 constanter

172 1375 251 1403 nec
280 1364 394 1404 recte
425 1362 596 1420 ubique.
642 1363 855 1419 Exempla
885 1366 934 1406 ut
965 1363 1176 1419 adferam,
1208 1379 1245 1406 v.
1282 1364 1362 1407 131
1398 1379 1460 1420 sq.
1492 1364 1619 1408 Nunc
1644 1399 1652 1407 .
1674 1399 1710 1406 ..

168 1433 303 1485 fecisti
333 1435 381 1476 ut
417 1436 686 1490 septenarius
724 1435 968 1490 exhibetur3
1009 1434 1130 1478 Accii
1167 1450 1204 1478 v,
1239 1437 1293 1478 77
1333 1450 1412 1491 pro
1444 1435 1615 1491 integro
1647 1436 1709 1478 in-

173 1503 311 1546 fertur
334 1504 426 1548 Sed.

290 1575 343 1618 V.
363 1577 420 1619 32
445 1577 496 1620 de
522 1578 840 1635 interrogandis
866 1579 1049 1634 captivis
1073 1577 1273 1621 Troianis
1299 1579 1526 1622 consilium
1553 1578 1712 1622 Nestor

171 1646 290 1689 dedit
309 1664 318 1690 :
339 1648 432 1691 eius
452 1649 586 1705 igitur
603 1650 777 1693 nomine
796 1649 1067 1706 Agamemno
1094 1650 1141 1693 in
1160 1665 1366 1706 responso
1387 1651 1448 1694 sic
1467 1651 1530 1693 uti
1550 1651 1709 1706 potuit:

272 1721 315 1761 et
346 1721 495 1763 aecum
527 1723 572 1763 et
600 1723 765 1764 rectum
795 1724 878 1777 est,
910 1722 1145 1776 [No'storL
1178 1722 1292 1778 quod
1323 1724 1371 1764 tu
1403 1723 1596 1778 postulas

171 1790 260 1832 sive
292 1790 365 1834 hoc
393 1793 504 1847 quod
523 1793 713 1847 postulas
743 1793 892 1836 mavis.
942 1792 1051 1837 Cum
1082 1792 1164 1836 hoc
1195 1795 1239 1835 et
1268 1807 1367 1835 cum
1397 1792 1530 1836 Ennii
1561 1808 1598 1835 v.
1627 1795 1706 1836 161

170 1862 428 1906 conferenda
479 1862 623 1907 Plauti
673 1864 803 1907 verba
846 1864 892 1907 in
935 1864 1083 1908 Sticho
1126 1864 1224 1908 422·
1259 1866 1324 1906 ‘et
1365 1864 1432 1906 ius
1475 1867 1518 1906 et
1561 1879 1708 1908 aecum

173 1934 396 1988 postulas?

287 2005 341 2048 V.
360 2005 418 2049 35
443 2006 674 2050 iambicum
706 2008 973 2051 octonarium
999 2008 1183 2065 praetuli
1209 2008 1427 2051 trochaico
1447 2007 1705 2063 septenario,

173 2091 302 2133 quem
333 2077 618 2122 Buechelerus
649 2080 997 2124 commendavit

288 2147 341 2191 V.
372 2150 426 2192 41
461 2165 524 2207 sq.
576 2150 801 2195 Traditum
831 2153 976 2207 quisue
1007 2151 1293 2196 Buechelerus
1326 2166 1494 2194 servare
1527 2154 1707 2194 conatur

170 2219 386 2276 Menelao,
417 2224 466 2265 ut
495 2225 619 2278 puto,
650 2223 765 2267 hunc
790 2224 985 2267 tribuens
1011 2224 1245 2267 senarium:
1276 2238 1358 2279 pro
1390 2223 1560 2278 ι”ηψόνίο
1585 2237 1705 2278 afflen-

169 2292 269 2335 dum
304 2296 372 2336 est.
408 2296 502 2348 quis
539 2295 675 2338 vetat?
711 2296 855 2350 quisue
890 2295 1066 2338 decolat?
1104 2298 1156 2338 ut
1189 2296 1312 2352 quasi
1350 2294 1595 2337 altercando
1633 2309 1705 2336 rex

170 2378 295 2406 suum
326 2364 416 2419 ipse
443 2365 675 2421 imperium
701 2367 925 2410 confirmet
949 2367 1030 2410 hac
1061 2368 1148 2409 fere
1174 2366 1407 2409 sententia:
1439 2369 1583 2421 ‘rogas
1610 2365 1704 2420 quis

170 2435 314 2477 vetet?
345 2450 425 2491 ego
457 2451 530 2479 rex
561 2439 669 2480 veto.
701 2437 788 2481 iam
822 2439 918 2495 quis
951 2438 1066 2481 ausit
1097 2438 1343 2482 attollere?
1409 2437 1568 2479 Parum
1599 2436 1702 2478 haec

170 2507 332 2563 regiam
363 2507 635 2551 maiestatem
668 2524 763 2552 meo
802 2509 973 2566 quidem
1012 2525 1140 2552 sensu
1173 2509 1351 2565 spirant.
1414 2507 1478 2550 Ac
1518 2507 1702 2563 primum

170 2592 258 2620 non
307 2578 432 2621 credo
482 2579 754 2635 imperatoris
798 2596 891 2624 esse
934 2580 1008 2623 illa
1045 2595 1124 2635 pro
1174 2580 1345 2635 imperio
1387 2579 1590 2634 (cymaclum
1632 2580 1700 2620 est.

91 2667 95 2671 ’
170 2648 442 2706 Quamquam
474 2651 626 2694 similis
658 2665 751 2694 esse
782 2652 915 2695 videri
947 2654 1092 2708 potest
1116 2651 1249 2694 Getae
1282 2652 1327 2693 in
1353 2649 1542 2693 Terentii
1570 2647 1699 2690 Phor-

169 2722 311 2764 mione
349 2737 386 2765 v.
422 2723 504 2765 196
542 2738 641 2778 VOX,
685 2738 770 2779 qua
813 2724 1044 2779 imperiosa
1081 2723 1316 2766 Phaedriae
1360 2720 1573 2764 adlocutio
1612 2722 1698 2762 ‘sta

169 2793 288 2836 ilico'
323 2793 512 2849 carpitur
537 2794 659 2837 ‘satis
691 2809 768 2850 pro
794 2795 987 2851 imperio,
1013 2794 1206 2851 quisquis
1232 2796 1304 2835 es.'
1345 2792 1427 2835 Scd
1448 2791 1700 2834 Atridamne

169 2865 309 2920 ipsum
361 2865 529 2922 imperii
574 2865 843 2909 atrocitatem
886 2868 1126 2922 professum
1165 2865 1287 2907 csse?
1331 2865 1462 2906 immo
1506 2863 1700 2906 minister
