1942 3204
295 239 379 280 212
918 205 973 275 ιι,
999 239 1172 272 ATTlvs

413 343 653 386 Flammfim
683 344 824 385 citatis
856 344 1022 385 feruido
1055 343 1205 385 ardore
1238 343 1448 398 explicas,

416 420 627 470 Quianam
658 423 747 462 tam
779 420 958 462 aduerso
992 420 1171 476 augiirio
1204 422 1247 461 et
1277 420 1449 461 inimico
1482 420 1624 461 omine

417 496 546 540 Tebl's
577 498 790 539 radiatum
821 499 967 539 himen
999 498 1190 539 ostentes
1222 498 1346 538 tuum
1377 497 1462 538 -‘?

972 574 1016 616 II
1049 572 1145 630 (10)

298 652 384 693 585
415 651 480 693 Ibi
512 651 597 707 fais,
628 651 687 693 ibi
719 653 918 693 cunctam
949 649 1172 707 antiquam
1205 651 1506 692 castitiidinem

982 727 1049 769 III
1082 725 1149 784 (1)

417 803 796 860 Vicissitatemque
829 803 1091 860 inperitandi
1121 805 1309 846 tradidit.

979 881 1043 924 IV
1076 880 1143 939 (2)

419 993 428 1001 .
478 993 487 1001 .
537 993 546 1002 .
595 992 605 1011 2
655 992 665 1001 .
715 993 724 1001 .
773 974 827 1001 ne
858 959 1013 1001 horum
1046 957 1232 1000 diuidiae
1265 959 1499 1000 dise6rdiae

417 1035 644 1091 Dsssipen'n
674 1036 917 1078 disblirbent
947 1038 1092 1078 tantas
1125 1037 1168 1077 613
1198 1038 1287 1077 tam
1320 1036 1484 1091 opimas
1517 1034 1675 1077 ciuium

415 1111 602 1155 Diuitias

989 1172 1031 1215 V
1063 1170 1131 1229 (9)

301 1250 388 1292 590
418 1248 559 1291 Natfis
590 1249 654 1290 uti
684 1251 776 1311 tute
809 1250 1023 1304 sceptrum
1054 1251 1274 1304 poteretlir
1305 1249 1440 1304 patris

305 1350 386 1383 simi
410 1374 509 1383 .....
520 1353 530 1369 ’
558 1348 797 1391 (foenissis
822 1348 905 1384 Par.
931 1349 1140 1392 phenisis
1158 1351 1242 1383 Vat.
1267 1349 1499 1391 phoenisis
1517 1349 1620 1384 Leid.
1636 1348 1668 1381 V
1693 1348 1827 1391 phoe-

296 1396 440 1428 nissis
466 1394 594 1436 ceteri)
615 1393 785 1427 Versibus
802 1395 866 1427 581
887 1397 923 1427 et
940 1395 1005 1427 582
1024 1395 1200 1437 Apuleius
1220 1404 1364 1436 quoque
1382 1404 1454 1426 non
1471 1395 1659 1427 nominato
1679 1398 1825 1427 auctore

299 1441 399 1481 (nam
427 1440 558 1472 lacuna
583 1438 846 1482 praecedentia
870 1440 1005 1472 hausta
1030 1439 1129 1482 sunt)
1153 1440 1269 1472 utitur
1292 1440 1329 1470 in
1354 1439 1492 1472 Florid.
1517 1440 1552 1472 11
1581 1441 1620 1472 10
1645 1450 1679 1482 p.
1698 1441 1740 1472 13
1765 1440 1828 1471 Kr.

392 1485 589 1518 Translata
615 1489 700 1517 sunt
727 1495 771 1517 ex
797 1484 986 1527 Euripidis
1010 1485 1148 1519 Phoen.
1173 1484 1323 1550 prologo
1350 1483 1478 1526 (u.1).

570 1532 598 1574 ὦ
624 1535 696 1585 τὴν
722 1535 763 1573 ἐν
788 1549 941 1593 αστροις
966 1534 1133 1596 οὐρανοῦ
1158 1539 1303 1593 τέμνων
1327 1537 1421 1574 ὁδὸν

558 1581 1404 1685 siriniensi‘diffinisse

570 1673 621 1727 ὥς
648 1657 818 1729 δυστυχῆ
843 1672 1009 1720 Θήβαισι
1033 1675 1078 1721 τῇ
1104 1671 1197 1710 τόθ’
1221 1671 1345 1720 ἡμέρᾳ

569 1715 696 1755 ἀκτῖν’
724 1716 874 1765 ἐφῆκας
898 1733 932 1755 κ.
958 1733 990 1755 τ.
1016 1723 1048 1755 λ.

391 1779 428 1813 II
452 1779 545 1815 Non.
562 1780 615 1815 85,
635 1780 677 1811 10
702 1779 1055 1812 ‘castitudinem
1079 1790 1144 1820 pro
1170 1780 1368 1812 castitate)
1396 1777 1461 1820 (in
1488 1779 1678 1821 erigona
1701 1779 1828 1812 Vrbin.

299 1827 383 1859 307:
412 1825 578 1867 sequitur
603 1824 729 1856 statim
754 1834 783 1859 s.
808 1835 842 1857 u.
875 1825 1131 1856 comitasset’
1166 1835 1208 1856 ex
1234 1824 1395 1866 Erigona
1425 1823 1542 1866 locus)
1658 1824 1712 1857 III
1735 1825 1827 1859 Non.

300 1869 820 1911 185‚18‘uicissitatem
846 1879 911 1912 pro
935 1866 1221 1903 uicissitudine?
1260 1869 1583 1909 (uicissitatim
1607 1869 1750 1910 Bamb.)

298 1916 349 1947 IV
376 1895 973 1955 ’Non.101,19‘diuidae,ut
997 1914 1270 1947 dissensiones)
1308 1913 1538 1956 (diuidiae
1570 1914 1626 1950 ed.
1653 1915 1740 1947 1526

299 1960 518 1993 Foenisis
543 1940 688 2001 B’amb.)
781 1961 814 1994 V
837 1960 928 1993 Νοιι.
945 1960 1024 2001 481,
1042 1961 1122 1992 30‘
1133 1959 1362 2008 sic-potior
1385 1959 1486 1991 illam
1512 1970 1585 1992 rem
1610 1970 1676 2002 pro
1700 1959 1766 1992 illa
1791 1970 1844 1999 re,

300 2079 531 2116 Priscianus
560 2078 770 2115 candentem
804 2077 945 2115 feruido
976 2089 1084 2114 cursu
1114 2077 1319 2125 Apuleius,
1359 2080 1436 2115 nisi
1463 2079 1566 2126 quod
1599 2078 1829 2126 punicantem

300 2135 324 2171 f.
355 2146 386 2172 c.
419 2137 598 2183 antiquos
631 2134 720 2182 fere
758 2136 909 2172 codices
938 2135 1080 2171 babere
1120 2138 1285 2171 testatur
1314 2134 1578 2171 Beeicbemus.
1618 2134 1828 2175 candentem

298 2191 424 2240 perdio
455 2193 517 2228 uel
537 2192 662 2240 peruio
693 2202 801 2227 cursu
821 2190 1114 2228 Hildebrandus
1207 2190 1287 2228 583
1320 2187 1503 2241 quianam]
1537 2191 1592 2238 cf.
1616 2191 1829 2228 Lachman-

298 2259 373 2285 nus
401 2250 442 2285 in
472 2247 591 2285 Luer.
611 2247 638 2284 I
654 2246 734 2285 599
767 2248 924 2295 quianim
955 2248 1037 2285 Vat.
1153 2252 1190 2284 et
1215 2258 1418 2295 suprascr.
1441 2247 1535 2284 Par.
1557 2247 1594 2282 R
1710 2241 1846 2284 omine*

299 2304 459 2351 (homine
483 2302 582 2349 ναι.)
611 2305 672 2340 bie
702 2306 878 2341 omissum
907 2316 945 2341 u.
976 2303 1057 2341 584
1083 2308 1173 2352 post
1204 2308 1305 2340 tuum
1334 2304 1475 2341 liabent
1495 2304 1613 2341 Parr.
1637 2303 1708 2342 AR
1742 2304 1837 2341 Vnt.⁴

300 2361 406 2397 Leid.
438 2360 473 2396 V
555 2359 636 2397 584
667 2359 761 2397 tebis
782 2361 877 2397 Par.
901 2361 934 2396 A
965 2360 1082 2397 thebis
1113 2363 1235 2407 ceteri
1320 2364 1480 2397 ostentas
1511 2365 1600 2397 ante
1626 2361 1829 2397 Krehlium

301 2418 484 2454 Heinsius
514 2421 698 2453 ostentum
729 2418 837 2464 libri,
871 2418 1066 2466 Berylcius
1094 2417 1196 2454 Mus.
1226 2417 1352 2454 Rhen.
1385 2416 1492 2454 1835
1519 2429 1559 2464 p.
1584 2417 1636 2455 88
1668 2416 1828 2454 ostendis

301 2474 482 2510 editiones
502 2475 759 2521 interpolatae
790 2474 943 2510 ostensti
974 2475 1140 2521 Vossius,
1169 2473 1343 2521 fortasse
1364 2478 1470 2510 reete
1492 2472 1560 2522 (ef.
1585 2474 1710 2510 occisti
1730 2474 1826 2510 Pae.

302 2528 398 2577 321)
514 2529 594 2567 586
627 2529 754 2566 tradidi
784 2533 880 2567 coni.
906 2531 1063 2567 Grotius
1094 2531 1192 2567 Bibl.
1225 2532 1309 2567 crit.
1342 2542 1430 2567 nou.
1454 2529 1479 2565 Ι
1489 2530 1518 2566 V
1631 2529 1711 2567 587
1743 2540 1828 2566 neo-

301 2597 381 2622 rum
402 2586 537 2623 Bamb.
633 2586 712 2624 587
736 2597 792 2635 sq.
814 2587 1110 2624 Fleckeisenum
1139 2598 1241 2624 nune
1271 2591 1429 2624 secutus
1458 2588 1713 2633 septenarios,
1734 2588 1830 2623 olim

297 2653 382 2679 eum
418 2643 553 2680 Bothio
591 2645 769 2680 senarios
807 2644 991 2691 discripsi
1131 2643 1285 2680 diuidiae
1319 2641 1518 2679 discordiae
1547 2643 1827 2679 Fleckeisenus

301 2698 441 2735 diuidae
471 2704 507 2735 et
537 2698 736 2736 discordiae
766 2701 857 2737 libri
884 2699 1038 2736 diuidiae
1069 2699 1253 2737 discordes
1285 2699 1463 2747 Scaliger
1483 2698 1586 2735 Coni.
1613 2710 1652 2746 p.
1676 2698 1727 2736 75
1757 2699 1830 2735 dis-

302 2754 446 2792 cordiae
479 2760 515 2791 et
545 2755 700 2792 diuidiae
732 2755 895 2793 Botlzius
1011 2755 1092 2794 588
1123 2755 1328 2792 disturbent
1358 2755 1533 2803 Scaliyer
1563 2760 1599 2791 et
1628 2754 1830 2791 disturbent

301 2812 393 2848 libri
505 2817 542 2848 et
572 2807 663 2862 tam]
697 2817 840 2861 tamque
869 2815 994 2850 malim
1110 2818 1179 2849 tam
1210 2813 1345 2861 opimas
1375 2822 1441 2848 ms.
1472 2812 1611 2854 Fabri,
1642 2812 1828 2860 Scaliyer‚

303 2867 456 2914 Lipsius
475 2868 565 2904 Ant.
589 2868 693 2905 Leet.
720 2868 786 2905 IV
806 2869 856 2906 18
888 2870 956 2905 iam
988 2870 1140 2918 optimas
1163 2871 1285 2905 ceteri
1310 2869 1400 2905 libri
1503 2867 1662 2916 quinium
1694 2868 1828 2905 Bamb.

388 2923 472 2962 590
502 2925 556 2960 uti
587 2929 664 2961 tute
695 2924 860 2962 Bothius
890 2931 929 2962 ut
962 2931 1038 2962 tute
1066 2926 1156 2963 libri
1183 2925 1319 2962 uirtute
1339 2925 1475 2962 Iunius
1560 2930 1758 2977 screptrum
1784 2925 1834 2963 W
