1942 3204
515 195 581 230 Ex
605 194 836 230 mci-:Rus
860 194 1186 230 INCERTORVM
1209 194 1421 232 FABVLIS
1659 192 1743 236 247

319 301 549 345 Praeterea
575 301 628 344 ad
649 301 825 344 Troiam
851 316 948 345 cum
968 301 1065 345 misi
1090 301 1146 344 ob
1167 300 1483 344 defendendam
1504 300 1741 358 Graeciam,

288 411 293 415 «
321 377 495 424 Scibam
526 395 594 424 me
619 380 665 423 in
690 378 963 424 mortiferum
988 380 1162 437 bellum,
1193 380 1283 423 n6n
1308 379 1355 422 in
1382 380 1531 436 epulas
1559 378 1742 423 mittere.

832 474 978 520 XLVI
1034 476 1087 520 18

320 589 329 598 .
360 554 474 597 inter
505 570 549 597 se
582 555 770 611 strepere
802 473 1035 611 apertequi,
1067 474 1204 598 sitem
1235 554 1430 597 obterere
1464 552 1741 610 extispicum:

319 631 495 676 Soluere
526 632 712 688 imperat
742 632 930 676 secundo
962 636 1134 676 rumore
1167 632 1432 688 aduersaque
1465 632 1548 674 aui.

820 720 987 765 XLVII
1019 721 1118 780 (54)

230 802 289 847 90
318 800 416 844 Nisi
448 799 490 844 ss
518 815 604 857 qua
634 799 784 845 Vlixes
816 798 947 843 lintre
980 800 1119 844 euasit
1152 799 1325 843 Lartius

200 935 260 975 13,
285 935 332 967 28
358 932 554 966 ‘uidentur
584 933 680 965 enim
711 932 835 965 omnia
866 932 1062 975 repentina
1094 932 1278 976 grauiora.
1327 942 1372 964 ex
1403 930 1475 964 hoc
1504 933 1541 963 et
1570 930 1637 964 illa
1662 931 1739 964 iure

198 978 415 1012 laudantur:
443 989 525 1021 ego
551 981 664 1012 cum’
692 989 722 1011 e.
748 987 782 1020 q.
809 988 837 1011 s.
885 978 1025 1011 Ibidem
1049 979 1110 1019 24,
1137 978 1180 1011 58
1212 980 1346 1020 ‘atque
1378 975 1448 1010 hoc
1471 977 1567 1010 idem
1593 980 1631 1009 et
1655 977 1740 1009 Te-

197 1025 313 1058 lamo
338 1024 404 1057 ilie
430 1023 611 1056 declarat:
645 1034 727 1066 ego
760 1034 853 1055 cum
887 1024 1052 1066 genui.’
1102 1022 1276 1066 (Reliqua
1300 1022 1408 1055 huius
1434 1032 1564 1055 uersus
1589 1032 1634 1058 m,
1661 1033 1735 1055 rec.

199 1070 330 1103 addita
356 1070 394 1102 in
420 1070 526 1111 Κορης
558 1073 673 1102 totum
701 1079 847 1102 uersum
873 1069 1048 1102 exhibent
1073 1069 1190 1104 Mai-b.
1217 1067 1346 1102 Duisb.
1375 1068 1493 1103 Oxou.
1520 1078 1626 1102 unus,
1661 1079 1738 1110 ego

197 1126 289 1148 cum
315 1115 446 1158 genui
472 1115 730 1148 moriturum
757 1114 872 1148 sciui
898 1114 1031 1148 Vindd.
1057 1115 1155 1148 Mon.
1180 1115 1203 1147 b
1229 1113 1346 1149 Rehd.
1373 1117 1411 1146 et
1436 1112 1572 1146 additis
1599 1124 1644 1146 m.
1672 1114 1739 1147 alt.

198 1162 459 1194 moriturum
492 1161 611 1193 sciui
642 1159 768 1199 Bern.)
819 1161 961 1194 Seneca
986 1160 1031 1193 ad
1058 1160 1188 1203 Polyb.
1217 1160 1261 1194 de
1293 1170 1393 1192 cons.
1422 1161 1481 1201 11,
1508 1161 1552 1193 30
1584 1162 1740 1202 ‘quanto

196 1206 262 1240 ille
287 1207 440 1249 iustior,
474 1206 536 1249 qui
560 1206 731 1239 nuntiata
757 1205 823 1238 filii
857 1208 973 1239 morte
999 1205 1150 1249 dignam
1181 1216 1315 1248 magno
1340 1205 1421 1238 uiro
1446 1215 1573 1238 uocem
1595 1205 1739 1238 emisit:

197 1263 277 1296 ego
308 1277 316 1285 .
336 1277 344 1286 .
365 1277 373 1285 .
395 1277 402 1285 .
434 1252 565 1286 sciui.
614 1262 763 1295 prorsus
795 1262 867 1285 non
891 1251 1037 1284 mireris
1064 1262 1108 1284 ex
1138 1251 1210 1284 hoc
1234 1254 1363 1284 natum
1396 1261 1478 1284 esse
1505 1251 1566 1294 qui
1593 1251 1740 1284 fortiter

197 1298 288 1331 mori
314 1301 442 1341 posset
543 1308 621 1340 ego
726 1297 858 1330 sciui.
908 1297 1043 1330 deinde
1070 1297 1210 1330 adiecit
1242 1307 1317 1330 rem
1342 1297 1493 1330 maioris
1519 1300 1557 1329 et
1582 1295 1741 1339 pruden-

195 1344 272 1377 tiae
299 1349 336 1376 et
366 1343 497 1376 animi:
531 1346 576 1375 et
607 1342 708 1375 huic
740 1343 804 1375 rei
836 1343 1030 1378 sustuli.’
1078 1343 1219 1376 Fronto
1252 1342 1295 1375 de
1328 1342 1430 1375 bello
1457 1341 1580 1376 Parth.
1610 1353 1645 1385 p.
1675 1344 1739 1375 199

196 1389 254 1425 ed.
280 1390 384 1423 Rom.
412 1389 493 1430 (105
519 1388 624 1425 Nieb.
650 1390 715 1422 217
741 1388 851 1430 Nab.)
885 1392 954 1421 ‘an
980 1391 1177 1422 cunctetur
1201 1388 1245 1421 de
1271 1387 1452 1421 militibus
1478 1387 1616 1420 nostris
1641 1388 1740 1420 Mars

195 1438 300 1478 pater
317 1434 381 1468 illa
398 1434 548 1470 dicere?
568 1431 644 1478 [85]
672 1434 922 1467 Praeterea
948 1445 1043 1467 cum
1069 1435 1106 1466 in
1125 1437 1320 1467 terrarum'
1342 1433 1512 1474 (‘terrae’
1532 1432 1628 1475 cod.)
1655 1436 1737 1466 ‘or-

196 1481 279 1514 bem
304 1481 404 1513 misi
436 1481 488 1514 ob
520 1479 852 1513 defendendum
883 1480 1092 1523 imperium,
1127 1480 1298 1513 scibam
1329 1490 1390 1512 me
1422 1480 1468 1512 in
1497 1479 1738 1512 mortifera

195 1525 341 1559 bella’
369 1537 398 1560 e.
425 1535 458 1568 q.
486 1536 513 1558 s.
564 1525 680 1558 ‘haee
705 1526 820 1557 uerba
843 1525 1026 1558 Telamo
1051 1525 1249 1558 Troiano
1282 1524 1403 1558 bello
1435 1524 1480 1557 de
1507 1525 1584 1557 suis
1609 1524 1738 1557 liberis

194 1571 310 1605 semel
335 1571 504 1604 elocutus
530 1573 613 1606 est.’
663 1571 913 1614 Hieronymus
944 1571 1051 1614 epist.
1077 1570 1124 1603 ad
1151 1570 1338 1603 Heliodor.
1363 1570 1419 1603 ΙΙΙ
1451 1570 1538 1603 ‘ubi
1571 1569 1663 1602 illud
1687 1570 1734 1602 ab

195 1617 359 1650 infantia
384 1615 547 1650 studium
571 1616 763 1649 literarum
786 1619 822 1649 et
846 1616 1094 1660 Anaxagorae
1125 1626 1169 1649 ac
1193 1616 1455 1649 Telamonis
1488 1626 1635 1658 semper
1658 1614 1736 1648 lau—

195 1663 285 1696 data
309 1662 516 1695 sententia:
549 1661 752 1695 sciebam
782 1672 846 1695 me
871 1664 1085 1705 genuisse
1117 1661 1399 1695 mortalem?’
1432 1661 1498 1702 (cf.
1526 1661 1604 1694 Cic.
1629 1661 1736 1695 Tuse.

196 1708 290 1751 disp.
314 1707 371 1741 111
399 1709 457 1745 14,
482 1707 541 1747 30)
567 1707 687 1740 Ennio
711 1707 921 1740 uindicauit
946 1708 1191 1741 Hermannus.
1287 1707 1406 1740 XLVI
1431 1705 1562 1740 Cicero
1588 1706 1632 1740 de
1658 1706 1736 1739 diu.

194 1754 211 1787 1
238 1755 297 1794 16,
325 1755 368 1786 29
401 1756 462 1787 ‘ut
493 1753 532 1786 P.
565 1751 741 1786 Claudius
772 1753 869 1796 Appi
900 1751 1013 1786 Caeci
1044 1752 1140 1786 filius
1171 1753 1326 1796 eiusque
1358 1753 1505 1796 collega
1540 1753 1581 1786 L.
1605 1752 1735 1785 Iunius

195 1799 342 1832 classes
366 1799 545 1832 maximas
564 1797 822 1842 perdiderunt,
847 1809 927 1832 cum
953 1799 1046 1832 uitio
1063 1799 1314 1842 nauigassent.
1356 1797 1451 1840 quod
1476 1797 1605 1831 eodem
1630 1797 1736 1831 modo

196 1845 324 1878 euenit
353 1844 692 1886 Agamemnoni:
726 1845 819 1887 qui,
852 1854 947 1877 cum
972 1844 1135 1877 Achiui
1166 1845 1433 1887 coepissent
1458 1844 1582 1876 inter
1607 1846 1675 1876 se’
1702 1854 1732 1876 e.

195 1901 227 1934 q.
252 1900 280 1927 s.
322 1890 379 1923 Ex
404 1890 618 1922 narratione
644 1890 834 1932 naufragii
860 1901 960 1928 esse,
993 1901 1087 1934 quae
1112 1890 1150 1922 in
1176 1890 1331 1923 Pacuuii
1357 1890 1500 1922 Teucro
1526 1889 1734 1932 legebatur,

193 1935 329 1969 statuit
353 1935 550 1979 Bergkius.
661 1934 802 1968 XLVII
829 1935 1083 1977 Quintilianus
1108 1935 1158 1968 VI
1183 1938 1222 1976 3,
1248 1937 1292 1969 96
1317 1934 1520 1967 ‘adiuuant
1543 1935 1734 1967 urbanita-

193 1985 267 2014 tem
293 1984 331 2015 et
354 1991 485 2014 uersus
510 1980 696 2014 commode
727 1981 841 2024 positi
871 1991 937 2015 seu
970 1981 1037 2014 toti
1062 1984 1102 2014 ut
1125 1985 1212 2014 sunt
1235 2006 1243 2013 .
1265 2005 1274 2013 .
1295 2005 1303 2013 .
1333 1980 1428 2023 quod
1453 1979 1493 2012 fit
1517 1980 1677 2023 gratius,
1703 1980 1735 2013 si

196 2037 269 2070 qua
295 2027 408 2059 etiam
436 2026 678 2069 ambiguitate
705 2026 895 2068 conditur,
926 2030 968 2060 ut
993 2027 1125 2060 Cicero
1150 2027 1194 2060 in
1221 2027 1445 2059 Lartium’
1477 2023 1549 2067 (ita
1573 2025 1735 2059 Bonnel-

193 2073 279 2106 lius.
312 2075 348 2105 in
377 2072 551 2106 tertium
576 2072 739 2105 Ambros.
771 2072 815 2105 in
846 2072 1028 2106 lei-tium
1053 2072 1151 2108 Flor.
1185 2074 1229 2105 in
1261 2073 1427 2105 artium
1457 2071 1588 2106 Bamb.
1613 2070 1733 2115 suppl.

195 2118 239 2151 in
270 2118 433 2151 arcium
464 2118 548 2151 Par.
572 2128 595 2150 a
624 2117 712 2151 Tur.
737 2126 782 2154 m.
810 2128 864 2162 pr.
898 2122 937 2151 et
967 2118 1090 2151 tertia.
1123 2118 1330 2152 martium
1362 2117 1506 2150 Monac.
1540 2117 1734 2160 Argentor.

194 2163 404 2196 marcium
435 2163 522 2196 Tur.
552 2173 598 2199 m.
629 2173 702 2196 sec.
734 2164 779 2196 in
815 2163 1033 2197 Marcium
1066 2163 1147 2197 edd.
1182 2161 1351 2207 priores.)
1390 2163 1594 2196 ‘hominem
1630 2162 1734 2196 calli-

194 2209 280 2242 dum
305 2212 344 2242 et
367 2211 569 2254 uersatum,
595 2219 675 2241 cum
693 2210 725 2241 Is
742 2209 782 2242 in
800 2209 957 2252 quadam
977 2220 1091 2243 causa
1107 2213 1304 2253 suspectus
1323 2211 1439 2243 esset:
1466 2209 1577 2241 nisi’
1596 2219 1627 2241 e.
1647 2218 1682 2250 q.
1703 2219 1732 2240 s.

193 2253 251 2290 cf.
283 2254 415 2287 Cicero
448 2255 549 2287 Brut.
575 2255 636 2292 60,
662 2255 730 2287 216
755 2255 911 2296 Quintil.
937 2255 988 2288 XI
1013 2258 1051 2297 3,
1078 2256 1154 2289 129.
1202 2255 1364 2288 Possunt
1394 2254 1487 2287 haec
1518 2263 1662 2296 quoque
1695 2254 1732 2286 in

194 2301 340 2333 Teucro
364 2299 520 2332 Pacuuii
544 2299 687 2332 inserta
714 2299 843 2333 fuisse.

194 2456 392 2494 Ciceronis
421 2455 512 2493 libri
539 2456 756 2494 deteriores
842 2452 894 2507 ei]
929 2456 1010 2493 huic
1042 2457 1192 2495 Seneca
1309 2456 1362 2494 86
1394 2457 1491 2494 missi
1524 2457 1733 2494 Frontonis

195 2514 278 2551 cod.
396 2512 448 2550 87
481 2512 611 2550 scibam
642 2514 789 2551 Fronto
824 2512 977 2550 sciebam
1010 2514 1208 2552 Ciceronis
1236 2514 1327 2550 libri
1440 2513 1494 2551 88
1526 2514 1621 2550 inter
1650 2524 1732 2550 sese

193 2571 380 2608 Dauisius
409 2569 461 2606 illi
493 2571 589 2607 inter
618 2581 658 2607 sc
689 2570 924 2620 Slieylilzius
953 2572 1001 2608 de
1030 2571 1128 2609 Pac.
1160 2570 1296 2608 Dulor.
1324 2583 1368 2619 p.
1397 2570 1475 2608 126
1584 2570 1731 2618 extispi-

194 2628 288 2665 cium
317 2627 422 2664 Laid.
445 2627 485 2664 H
579 2626 633 2665 90
662 2627 730 2664 nisi
760 2628 790 2664 si
821 2628 994 2665 Ambros.
1018 2627 1154 2666 Bamb.
1186 2630 1327 2676 suppl„
1362 2632 1403 2666 ut
1431 2629 1528 2665 coni.
1551 2627 1729 2674 Spaldin-

192 2687 278 2734 yius
305 2684 375 2721 nisi
397 2685 520 2722 celeri
535 2684 625 2721 libri
711 2685 793 2733 quia
816 2685 972 2722 Monac.
995 2685 1201 2734 Arqentor.
1291 2685 1398 2722 lintre
1422 2685 1483 2722 uel
1510 2682 1592 2719 inde
1613 2683 1731 2719 euasit

195 2741 443 2789 Spaldinyius
463 2741 652 2778 interuasit
672 2742 762 2779 libri
780 2743 920 2789 optimi,
948 2746 1079 2779 tuetur
1099 2743 1379 2780 Buecheler-ees.
1410 2740 1579 2777 inteuasit
1602 2740 1730 2788 Guelf.

195 2803 271 2835 arte
294 2799 410 2835 euasit
435 2799 527 2836 libri
547 2798 774 2836 Bur-manno
804 2802 928 2836 notati
955 2804 1033 2835 rate
1064 2800 1180 2836 euasit
1211 2801 1279 2836 alii
1371 2797 1513 2833 Lartius
1543 2797 1728 2843 Ambros„

196 2853 443 2904 Spaldinyius
471 2855 600 2892 lortius
631 2854 794 2903 (laertius
815 2856 988 2893 Ambros.
1019 2868 1066 2893 m.
1098 2855 1138 2903 2)
1166 2858 1250 2893 rell.
1284 2855 1425 2892 Lenius
1456 2856 1617 2891 nominis
1643 2854 1727 2902 for-

195 2922 296 2949 mam
327 2916 456 2950 tuetur
485 2913 766 2951 Fleckeisemas
796 2915 944 2951 annali.
972 2914 1121 2961 philoll.
1149 2913 1255 2951 1866
1271 2924 1313 2959 p.
1336 2912 1360 2950 8
