1942 3204
205 172 285 214 100
803 178 851 209 Μ.
878 177 1115 213 PAcvvlvs

861 280 1065 324 ILIONA

901 358 921 399 1
955 357 1021 415 (2)

312 491 551 547 Deptilsum
582 508 768 535 mamma
800 494 1186 549 paedagogandum
1224 496 1380 551 accipit

313 569 550 624 Repotialis
583 569 725 612 Liber.

1393 420 1638 463 abeo..

888 642 931 683 ΙΙ
984 644 1011 684 4

314 704 395 759 Sed
427 716 477 758 lu'
507 719 703 760 eluentur
734 720 953 774 hospitum
965 641 1240 762 (hifidsssimi.

878 797 943 838 III
977 795 1043 854 (3)

196 872 280 913 195
313 906 487 914 .....
518 873 722 915 blandam
753 873 1030 915 hortatricem
1064 874 1241 930 adiugat

320 949 595 1016 Voluptatem

564 1026 628 1069 IV
661 1025 793 1083 (Enn.
824 1027 964 1069 Iliona
999 1028 1019 1069 1
1054 1027 1233 1070 Hecuba
1270 1028 1343 1086 14)

309 1103 461 1158 Mater,
486 1106 528 1145 te
555 1105 738 1159 appello,
755 1107 817 1160 tii,
843 1120 951 1160 quae
978 1119 1123 1146 euram
1157 1107 1308 1147 somno
1330 1107 1581 1161 suspensam
1600 1107 1718 1149 leuas

282 1210 418 1242 ΙωοΝΛ
442 1209 459 1241 Ι
483 1211 620 1242 Festus
645 1221 678 1252 p.
696 1211 760 1242 281
779 1208 828 1243 M.
856 1211 1074 1253 ‘repotiaz
1102 1211 1279 1253 postridie
1306 1213 1454 1254 nuptias
1472 1212 1570 1255 apud
1587 1223 1720 1246 nouum

190 1255 360 1287 maritum
388 1258 556 1296 cenatur,
583 1256 667 1297 quia
694 1256 800 1297 quasi
824 1255 988 1288 refieitur
1012 1257 1181 1298 potatio.’
1252 1257 1289 1290 11
1313 1257 1403 1289 Non.
1427 1258 1483 1299 88,
1507 1260 1528 1291 3
1554 1258 1718 1297 mluet,

192 1301 403 1332 nominatur
426 1325 434 1334 .
457 1325 464 1332 .
485 1303 514 1332 .’
631 1301 686 1334 III
710 1300 802 1334 Non.
829 1301 888 1339 75,
916 1303 957 1334 13
983 1301 1243 1344 ‘adiugare‚
1272 1301 1484 1344 adiungere.
1531 1303 1719 1336 Plautus

191 1345 332 1387 Chryse
356 1369 365 1378 .
386 1370 393 1377 .
415 1370 423 1377 .
447 1346 544 1378 idem
570 1345 688 1378 Iliona
712 1370 742 1379 ..
758 1349 786 1379 .'
906 1347 957 1379 IV
984 1346 1113 1379 Cicero
1139 1347 1244 1379 Tusa.
1269 1347 1361 1389 disp.
1388 1349 1406 1380 I
1429 1349 1490 1388 44,
1517 1349 1581 1381 106
1606 1351 1718 1382 ‘ecee

194 1391 291 1423 alius
317 1391 482 1424 exoritur
508 1402 527 1424 e
552 1394 669 1433 terra,
696 1391 759 1433 qui
783 1394 939 1424 matrem
966 1391 1120 1424 dormire
1145 1402 1218 1424 non
1243 1393 1360 1424 sinat:
1385 1392 1545 1434 Mater,
1572 1398 1614 1427 te
1639 1404 1719 1436 ap-

189 1435 317 1478 pello
349 1462 357 1468 .
383 1461 391 1468 .
419 1461 428 1470 .
457 1439 618 1469 natum.
672 1434 776 1469 Haec
807 1447 886 1469 eum
917 1437 1052 1479 pressis
1089 1441 1125 1470 et
1155 1437 1340 1470 flebilibus
1372 1438 1505 1480 modis,
1539 1441 1600 1481 qui
1630 1439 1719 1472 totis

190 1481 345 1513 theatris
371 1482 595 1514 maestitiam
620 1482 801 1524 inferant,
836 1482 1095 1521 concinuntur,
1126 1481 1275 1515 difficile
1302 1485 1359 1515 est
1382 1492 1455 1515 non
1487 1493 1550 1517 eos
1579 1485 1642 1526 qui
1665 1484 1720 1516 in-

191 1526 331 1558 humati
357 1527 433 1559 sint
456 1528 609 1559 miseros
634 1526 813 1573 iudicare.
845 1528 968 1570 prius
994 1538 1120 1570 quam
1147 1527 1273 1560 ferae
1297 1527 1615 1571 uolucresque.
1645 1540 1719 1562 me-

191 1572 263 1603 tuit
288 1582 332 1604 ne
359 1571 535 1605 laceratis
565 1572 735 1605 membris
767 1573 888 1605 minus
913 1573 1007 1605 bene
1032 1575 1173 1605 utatur:
1206 1583 1251 1605 ne
1278 1573 1493 1614 combustis,
1524 1584 1595 1606 non
1628 1575 1719 1607 exti-

191 1617 330 1650 mescit.
359 1615 452 1659 [200.
479 1614 562 1660 201]
611 1618 692 1650 Non
716 1617 911 1660 intellego,
947 1617 1031 1660 quid
1057 1621 1217 1658 metuat,
1250 1628 1329 1650 cum
1360 1621 1435 1650 tam
1459 1619 1574 1652 bonos
1598 1622 1719 1662 septe-

189 1662 334 1694 narios'
361 1664 632 1704 (‘oetonarios'
659 1663 874 1703 Lambinus)
902 1662 1056 1695 ‘fundat
1080 1662 1127 1695 ad
1151 1663 1310 1698 tibiam)
1343 1663 1519 1695 Horatius
1546 1665 1658 1698 Serm.
1683 1665 1718 1697 11

190 1710 229 1749 3,
249 1708 294 1740 60
319 1710 413 1740 ‘non
438 1708 554 1750 magis
581 1707 740 1741 audierit
766 1718 874 1749 quam
899 1707 1024 1740 Fufius
1050 1708 1174 1740 ebrius
1199 1708 1304 1749 olim,
1331 1708 1420 1740 Cum
1447 1708 1601 1742 Ilionam
1619 1710 1719 1742 edor-

188 1753 272 1792 mit,
306 1752 474 1786 Catienis
504 1752 601 1785 mille
630 1753 802 1785 ducentis
831 1753 978 1786 Mater
1015 1756 1057 1786 te
1090 1753 1268 1796 appello
1300 1753 1578 1787 clamantibus)
1631 1755 1718 1787 Por-

189 1797 319 1840 phyrio
344 1799 382 1830 in
408 1798 471 1832 l.1.
498 1798 588 1831 ‘hoc
614 1808 724 1831 uersu
748 1798 990 1832 clamitabant
1008 1800 1070 1841 qui
1095 1802 1152 1831 est
1169 1799 1338 1831 Paeuuii’
1365 1798 1487 1839 (‘fort.
1514 1799 1552 1831 in
1575 1799 1716 1832 Iliona’

187 1847 296 1875 uetus
321 1843 415 1876 liber
439 1843 480 1876 P.
506 1843 690 1885 Danielis)
713 1847 746 1875 ‘2
767 1841 886 1886 [197]’
918 1844 1015 1876 idem
1042 1842 1191 1876 deinde:
1232 1843 1311 1876 ‘hic
1346 1844 1508 1876 Fufius
1533 1843 1717 1885 (Fusius

188 1887 291 1930 libri)
322 1889 554 1921 Phocaeus
586 1889 794 1929 (focaeus
820 1890 964 1924 Monac.
998 1889 1153 1922 foceus
1178 1889 1277 1927 Par.)
1304 1888 1578 1931 tragoediarum
1612 1893 1718 1922 actor

189 1933 276 1974 fuit,
304 1933 366 1976 qui
391 1944 471 1966 eum
497 1933 609 1966 uellet
632 1934 788 1967 Ilionam
806 1933 1046 1966 dormientem
1072 1934 1294 1976 exprimere,
1321 1936 1362 1965 ut
1387 1933 1432 1965 ad
1457 1933 1523 1966 filii
1548 1934 1718 1976 Polydori

188 1982 404 2020 exsurgeret
421 1989 567 2021 uocem,
594 1979 633 2010 in
652 1989 763 2011 scena
781 1978 1002 2011 obdormiit)
1035 1979 1130 2011 Acro
1154 1979 1192 2011 in
1217 1978 1303 2011 1.1.:
1330 1978 1405 2010 ‘hic
1421 1978 1585 2012 Fufius
1610 1982 1715 2012 actor

188 2024 459 2066 tragoediarum
486 2024 574 2064 fuit,
605 2024 669 2066 qui
693 2034 771 2056 eum
797 2023 952 2056 Ilionam
976 2023 1205 2066 tragoediam
1231 2027 1360 2066 ageret
1385 2024 1509 2056 ebrius
1540 2028 1578 2057 et
1602 2024 1717 2058 uellet

188 2079 268 2101 eam
293 2069 466 2101 simulare
492 2068 748 2111 dormientem,
779 2069 964 2111 grauitate
989 2069 1067 2101 uini
1092 2069 1138 2102 ad
1167 2079 1294 2101 uerum
1318 2079 1480 2102 somnum
1506 2069 1634 2102 duetus
1660 2073 1716 2102 est

278 2114 480 2157 Polydorus
504 2114 564 2146 hie
588 2117 743 2147 necatus
767 2112 880 2147 no'ctu
905 2114 1021 2147 sorori
1045 2114 1150 2147 uenit
1182 2114 1220 2146 in
1246 2114 1381 2147 somnis
1406 2123 1558 2157 rogans,
1589 2118 1631 2147 ut
1660 2125 1716 2148 se-

300 2246 378 2284 191
401 2245 443 2283 ab
465 2257 508 2283 eo
527 2246 618 2283 libri
644 2246 675 2281 is
702 2245 791 2282 adeo
812 2246 1072 2294 Kiesslinyius
1091 2247 1334 2292 septenarios
1355 2246 1637 2282 commendans.
1669 2245 1713 2282 ab

186 2302 249 2339 llio
271 2305 334 2340 uel
361 2302 402 2339 ab
424 2314 467 2340 eo
496 2319 517 2339 υ
546 2322 602 2329 --
631 2303 896 2340 Buechelerus
991 2301 1033 2338 ab
1055 2313 1094 2338 ea
1116 2302 1151 2338 d.
1172 2301 1491 2350 paedagogandum
1513 2313 1542 2339 a.
1565 2301 1711 2338 Mamma

187 2361 273 2396 olim
287 2362 431 2406 scripsi
494 2359 571 2396 193
593 2359 778 2407 repotialis
799 2358 891 2396 liber
906 2361 1027 2406 (immo
1043 2358 1147 2395 Liber
1163 2360 1351 2405 suppletis
1367 2359 1402 2394 in
1419 2358 1587 2395 Thraecis
1605 2358 1713 2395 domo

186 2415 294 2464 Regis
322 2414 603 2463 Buechelerus)
626 2415 814 2463 Sculiyer,
852 2416 1052 2453 Turnebus
1072 2415 1170 2452 Adu.
1191 2414 1302 2452 XIII
1319 2414 1371 2451 25
1402 2414 1595 2463 appottalis
1625 2413 1714 2451 libet

186 2473 268 2509 eod.
292 2470 396 2519 (liber
417 2476 510 2509 teste
532 2472 583 2508 H.
595 2471 720 2509 Keilio
741 2472 842 2509 Mus.
854 2473 977 2509 Rhen.
1002 2472 1057 2509 VI
1064 2484 1104 2519 p.
1117 2467 1211 2519 624)
1233 2470 1402 2519 repotiali
1422 2470 1514 2507 lacte
1533 2470 1574 2507 0.
1588 2470 1712 2507 Muel-

184 2530 292 2566 lerus
311 2534 352 2565 ut
371 2529 511 2576 repotia
530 2528 604 2565 illie
623 2527 710 2565 libet
731 2529 903 2576 paruolus
925 2530 1011 2565 olim
1033 2530 1187 2565 conieei.
1274 2526 1353 2564 194
1373 2526 1437 2563 sed
1459 2527 1494 2563 hi
1515 2527 1653 2564 Iunius
1671 2529 1710 2563 in

185 2598 256 2634 my.
289 2584 352 2621 sed
373 2585 460 2621 haec
479 2585 570 2621 libri
598 2583 677 2621 heic
705 2586 978 2622 nominatiuum
1001 2586 1194 2632 pluralem
1226 2584 1463 2621 commendat
1481 2583 1526 2620 L.
1546 2583 1713 2620 Mueller

186 2643 232 2678 de
253 2652 296 2678 re
317 2653 363 2679 m.
383 2641 478 2679 386.
503 2641 688 2678 Fortasse
706 2641 882 2678 Thraeces
903 2642 1180 2678 restituendum
1257 2639 1458 2677 infidissimi
1476 2639 1639 2676 Bothius
1658 2640 1711 2675 in-

185 2754 403 2800 Mercerus‚
426 2754 580 2792 Grotius
594 2754 693 2791 Bibl.
714 2756 798 2790 crit.
817 2767 854 2791 n.
871 2754 895 2791 I
907 2755 938 2792 V
955 2753 1180 2790 uoluntatem
1199 2754 1290 2790 libri
1350 2752 1428 2790 197
1452 2756 1492 2787 tu
1507 2752 1602 2800 Rey.
1615 2752 1710 2788 Gud.

189 2810 316 2848 Bruoe.
338 2811 473 2856 Bern.,
497 2823 567 2848 om.
594 2821 680 2847 eum
701 2812 842 2847 ceteris
865 2811 1067 2848 Bentleius
1134 2820 1346 2858 suspensam
1369 2809 1460 2846 libri
1483 2809 1710 2855 deteriores,
1767 2828 1770 2830 -

184 2867 414 2914 Porphyrio,
442 2867 637 2904 Bentleius
666 2867 764 2904 olim.
787 2877 964 2915 suspenso
993 2868 1084 2904 libri
1112 2868 1252 2914 optimi,
1281 2865 1482 2903 Bentleius
1510 2869 1588 2903 not.
1609 2865 1710 2902 ined.
