1942 3204
760 234 810 271 M.
835 233 1080 269 PAcvvlvs
1636 230 1691 275 83

820 337 887 380 111
921 335 1019 396 (22)

276 427 473 488 [Tamen]
507 428 587 472 etsi
619 431 765 471 metuo
797 426 916 484 picta
947 428 999 471 de
1031 427 1148 484 pallii
1179 426 1354 483 plagam

843 541 907 586 IV
939 540 1007 599 (3)

273 632 461 676 Gradere
493 633 622 690 {itque
654 634 845 675 atrocem
876 633 1024 674 coerce
1055 631 1381 674 confidentiam!

837 745 878 790 V
911 743 1009 803 (24)

361 870 370 879 .
402 870 411 879 .
443 837 680 879 extremum
711 836 829 878 intra
859 835 1093 878 camterem
1122 834 1265 890 ipsum
1298 834 1558 890 praegradat

276 913 665 971 Parthenopaeum.

187 1060 246 1104 50
844 1008 909 1053 v1
941 1006 1008 1066 (2)

186 1121 241 1164 51
276 1098 407 1143 Viam
439 1114 608 1173 quam·
600 1098 800 1142 insistam
831 1098 982 1141 dubito
1015 1100 1091 1140 aut
1122 1097 1236 1154 quod
1269 1098 1552 1154 primordium

277 1175 505 1233 Cupissem
537 1176 591 1219 ad
623 1177 801 1233 stirpem
833 1174 1146 1233 exqulrendum
1177 1209 1353 1219 .....

832 1289 919 1334 vn
951 1287 1019 1347 (8)

276 1380 392 1431 Quas
422 1380 644 1423 famulitas
675 1378 743 1423 uis
775 1382 945 1436 egestas
976 1380 1094 1422 sema
1125 1379 1311 1422 formido
1345 1395 1481 1435 pauor

788 1492 921 1540 ,vm
954 1490 1051 1550 (12)

279 1582 388 1625 Hiat
418 1582 621 1639 sollicita,
652 1581 795 1625 stadio
828 1582 1078 1638 obstupida‚
1109 1585 1320 1639 slispensa
1351 1582 1496 1625 animo
1529 1580 1695 1625 ciuitas.

251 1720 306 1753 111
332 1719 424 1753 Non.
447 1720 534 1762 378,
556 1720 578 1752 6
603 1718 761 1763 ‘plaga
786 1719 987 1763 aliquando
1012 1729 1100 1763 pare
1122 1719 1230 1760 lecti,
1263 1719 1463 1763 aliquando
1488 1720 1616 1754 omnis.
1655 1721 1697 1753 P.

158 1764 340 1799 Atalanta
365 1789 375 1799 .
394 1789 402 1798 .
422 1788 432 1799 .
461 1767 503 1798 ut
532 1766 582 1798 sit
610 1764 723 1808 plaga
745 1773 860 1808 tquem
892 1775 990 1798 nunc
1021 1765 1174 1798 dicimus
1205 1765 1361 1798 clauum.
1403 1766 1520 1799 Varro
1551 1766 1697 1798 Prome-

158 1810 265 1845 theo.
298 1810 469 1845 eburneis
498 1809 607 1843 lectis
638 1813 677 1843 et
699 1809 820 1854 plagis
845 1810 1032 1854 sigillatis.
1067 1810 1260 1844 Afranius·
1285 1810 1407 1854 palam
1440 1810 1541 1843 facto
1568 1810 1697 1843 demea

159 1858 199 1889 et
228 1855 415 1900 plagulam
445 1855 491 1888 de
522 1855 621 1889 lecto
651 1855 760 1899 pellis
791 1856 936 1889 dimitte
967 1857 1006 1888 in
1037 1855 1191 1891 ordine)
1339 1857 1390 1890 IV
1419 1855 1513 1888 Non.
1539 1857 1621 1894 262,
1657 1857 1698 1888 10

159 1900 475 1935 ‘confidentia
499 1911 642 1935 rursum
668 1902 878 1945 temeritas,
906 1901 1075 1935 andacia.
1113 1902 1154 1936 P.
1179 1901 1218 1935 in
1245 1901 1449 1935 Athalanta
1473 1926 1480 1933 .
1501 1926 1509 1933 .
1530 1903 1560 1934 .'

249 1947 282 1980 V
305 1946 398 1983 Non.
423 1926 930 1991 65,1‘[praegrada’t‚]
963 1946 1239 1990 praegreditur,
1266 1947 1478 1980 anteuenit:
1511 1946 1649 1979 dietum
1676 1957 1699 1979 a

163 1991 295 2036 gradu.
342 1971 531 2025 Pacuuius
555 1991 772 2026 Tantalo:
802 1995 1024 2026 extremum'
1050 2003 1082 2026 e.
1109 2003 1143 2036 q.
1168 2003 1196 2026 s.
1244 1992 1484 2035 (Atalanta
1510 1991 1651 2033 lunIus)

252 2037 303 2071 VI
329 2038 422 2072 Non.
446 2038 531 2079 226,
563 2039 607 2072 32
639 2038 850 2081 ‘stirpem
880 2063 887 2070 .
909 2062 917 2072 .
938 2063 947 2072 .
975 2037 1182 2071 masculino
1212 2063 1220 2072 .
1241 2064 1248 2071 .
1270 2063 1277 2071 .
1312 2039 1353 2072 P.
1376 2037 1578 2070 Athalanta
1608 2062 1616 2070 .
1638 2062 1645 2070 .
1667 2040 1696 2069 .’

250 2082 322 2116 VII
346 2083 439 2118 Non.
465 2062 547 2125 109’,
572 2084 617 2117 28
641 2083 906 2117 ‘famulitae
931 2087 989 2116 est
1013 2084 1175 2117 seruitus
1198 2087 1273 2118 ...’
1384 2083 1473 2116 VIII
1497 2083 1590 2116 Non.
1615 2084 1696 2124 429,

158 2130 180 2162 5
210 2129 328 2163 ‘inter
350 2128 478 2162 urbem
509 2131 547 2162 et
572 2128 761 2162 ciuitatem
787 2129 857 2163 hoc
881 2130 1053 2163 interest:
1084 2130 1188 2163 urbs
1214 2133 1271 2163 est
1302 2128 1491 2168 aedificia,
1524 2129 1698 2162 ciuitas

159 2173 307 2208 incolae
337 2199 346 2208 .
364 2198 374 2208 .
394 2199 402 2207 .
431 2175 474 2208 P.
498 2173 702 2207 Athalanta
723 2200 732 2208 .
753 2200 761 2209 .
782 2173 810 2208 .’

273 2316 328 2356 46
359 2318 428 2354 etsi
459 2323 581 2354 metuo
612 2318 706 2366 picta
744 2317 789 2354 «le
828 2318 932 2367 plaga
966 2317 1095 2367 pallam
1122 2319 1233 2366 libri,
1273 2318 1446 2367 defendit
1477 2319 1696 2355 Palma-rius

161 2374 342 2422 Spiciley.
374 2386 441 2422 cap.
474 2375 583 2412 Grut.
616 2374 682 2412 IV
709 2373 790 2413 782
891 2375 1012 2424 pluma
1042 2374 1183 2425 plagam
1216 2377 1302 2413 olim
1332 2378 1569 2423 scripseram

160 2431 214 2468 47
245 2441 374 2467 coerce
403 2432 542 2469 Aldina
572 2442 742 2469 coercere
770 2432 862 2470 libri
960 2431 1014 2469 48
1045 2437 1202 2470 cinerem
1234 2432 1283 2469 W
1308 2437 1525 2481 campterem
1547 2432 1695 2477 Iunius,

166 2487 368 2525 Turnebus
397 2489 496 2526 Adu.
534 2488 680 2525 XXIX
708 2488 760 2526 19
797 2499 983 2527 cancerem
1018 2500 1085 2527 ms.
1119 2489 1241 2535 Iunii,
1274 2490 1375 2527 unde
1405 2490 1489 2525 liic.-
1518 2499 1696 2525 carcerem

274 2543 328 2582 49
359 2544 669 2594 Parthenopaeum
696 2545 874 2595 Scaliyer
894 2545 998 2583 Cani.
1025 2558 1066 2594 p.
1092 2546 1140 2583 11
1173 2546 1456 2583 Parthenoreum
1485 2546 1586 2583 libri.
1638 2546 1696 2581 An

163 2600 454 2650 Parthenopaeus
485 2606 523 2639 et
552 2614 590 2639 u.
623 2603 870 2640 antecedenti
895 2603 1033 2652 ipsam?
1156 2603 1211 2641 50
1240 2602 1366 2639 dubito
1398 2613 1503 2651 quam
1535 2602 1695 2638 insistam

164 2656 259 2694 uiam
287 2659 392 2704 libri,
432 2670 548 2707 quam
586 2661 653 2707 qui
688 2660 905 2697 clausulam
935 2670 1076 2698 uersus
1101 2660 1265 2708 fecerit,
1307 2672 1330 2696 a
1368 2661 1562 2707 sequentis
1590 2660 1697 2694 initio

163 2717 243 2751 tres
271 2715 416 2752 iambos
444 2715 579 2752 deesse
608 2719 770 2762 statuet,
808 2718 884 2753 nisi
919 2717 990 2754 hos
1019 2721 1205 2754 accentus
1234 2721 1296 2753 aut
1334 2714 1429 2763 quod
1461 2713 1696 2763 primordium

163 2779 194 2807 e.
225 2782 262 2819 q.
294 2781 325 2808 s.
351 2772 595 2818 probauerit.
714 2772 767 2810 52
798 2772 842 2809 ad
872 2773 1011 2810 Aldina
1051 2785 1069 2810 a
1098 2775 1190 2810 libri
1302 2770 1560 2820 exquirendum
1596 2770 1695 2807 Ben-

164 2828 266 2864 tinus
295 2828 544 2877 exquirentem
573 2829 664 2866 libri
777 2829 830 2870 53
863 2829 1018 2867 formido
1050 2830 1169 2879 pudor
1198 2829 1316 2874 Leid„
1348 2828 1451 2876 quod
1474 2832 1602 2875 potest
1632 2837 1696 2863 ue-

163 2894 248 2921 rum
270 2893 353 2921 esse
439 2884 494 2922 54
524 2884 601 2922 hist
621 2887 684 2923 uel
704 2882 797 2936 hiat]
831 2886 880 2923 hil
899 2887 990 2923 libri
1018 2886 1067 2923 nil
1087 2887 1227 2924 Iunius
1245 2888 1284 2921 in
1306 2895 1378 2933 my.
1413 2894 1510 2920 nunc
1533 2883 1698 2920 Bomius

157 2938 189 2975 ·2
283 2950 458 2989 suspensa
487 2941 570 2979 Iac.
596 2942 756 2991 Maehly
785 2954 877 2979 ann.
901 2943 1053 2991 philon.
1090 2942 1195 2980 1857
1226 2954 1265 2989 p.
1290 2941 1371 2979 286
1402 2951 1580 2989 suspenso
1609 2941 1700 2977 libri

1364 3017 1411 3052 6.
