1942 3204
227 242 312 284 226
868 243 910 274 L.
936 239 1112 275 A'r'rlvs

843 343 1036 387 XXXIV
1067 341 1135 401 (7)

653 421 866 478 residuos,
899 419 1068 479 somn[o
1101 418 1283 477 deditos]

903 497 1073 541 XXXV

345 610 354 618 .
404 580 501 619 eum
531 577 637 619 illud
670 577 814 619 obluio
846 577 982 633 lauet,
1013 575 1086 632 qui
1117 573 1270 617 incidit
1300 575 1582 618 inuidendum

887 651 1080 696 XXXVI

344 713 534 756 Hectora

879 772 1094 816 XXXVII

343 834 526 875 terimen

869 891 1108 936 XXXVIII

347 951 615 994 inimicitiam

894 1028 1085 1072 XXXIX

345 1107 467 1149 aluus
501 1105 761 1163 (masculine)

951 1183 1029 1226 XL

343 1243 538 1298 pristices

223 1361 276 1394 ad
302 1372 356 1404 pa
379 1386 772 1397 ..................
793 1365 871 1395 set.
912 1362 1074 1394 Ennius'
1093 1347 1138 1395 ¹e.
1165 1372 1199 1404 q.
1227 1372 1254 1397 s,
1293 1361 1358 1404 (cf.
1382 1362 1427 1395 H.
1455 1361 1600 1395 Keilius
1623 1362 1649 1396 l.
1672 1362 1695 1398 l.
1720 1373 1754 1406 p.

225 1404 307 1449 624)
335 1407 534 1449 Suppleuit
559 1408 713 1441 Vrsinus
828 1406 983 1439 XXXIV
1007 1407 1142 1440 Festus
1171 1418 1205 1450 p.
1232 1409 1296 1441 281
1323 1408 1372 1442 M.
1404 1405 1545 1450 ‘[reses
1578 1411 1614 1440 et
1644 1408 1756 1441 resi-

225 1452 337 1484 duus
362 1452 498 1485 dicitur
526 1454 680 1496 ignauus
692 1478 700 1493 ,
732 1449 837 1496 quia]
869 1452 1019 1486 residet.
1059 1452 1192 1485 Accius
1215 1477 1223 1486 .
1237 1476 1247 1486 .
1264 1477 1268 1481 -
1283 1477 1291 1486 .
1307 1477 1315 1486 .
1329 1477 1336 1485 .
1351 1478 1359 1486 .
1374 1476 1382 1485 .
1397 1477 1405 1485 .
1419 1477 1428 1486 .
1442 1477 1451 1486 .
1465 1477 1473 1485 .
1487 1471 1496 1485 .
1526 1452 1733 1486 residuos
1747 1477 1756 1495 ‚

221 1495 378 1541 summ[
392 1522 763 1532 .................
791 1495 983 1539 Afranius]
1010 1497 1049 1529 in
1066 1496 1182 1530 Rosa’
1201 1509 1234 1532 e.
1251 1508 1284 1540 q.
1302 1508 1331 1531 s.
1363 1497 1427 1540 (cf.
1455 1498 1501 1530 H.
1518 1497 1659 1530 Keilius
1684 1498 1710 1534 l.
1729 1498 1755 1534 l.

226 1553 261 1584 p.
287 1542 367 1584 624)
468 1543 604 1576 XXXV
628 1544 745 1576 Varro
773 1543 817 1575 de
836 1542 860 1577 l.
879 1543 919 1576 L.
938 1543 989 1575 VI
1005 1544 1050 1576 80
1066 1543 1115 1577 M.
1141 1542 1270 1576 ‘uideo
1296 1554 1318 1575 a
1342 1544 1378 1576 ui
1402 1567 1410 1576 .
1424 1568 1432 1576 .
1448 1568 1457 1576 .
1478 1543 1564 1575 hinc
1588 1543 1755 1583 uisenda,

221 1587 393 1630 uigilant‚
420 1588 607 1630 uigilium,
634 1588 852 1621 inuid'ent
877 1591 914 1620 et
938 1587 1049 1620 Atti:
1075 1590 1190 1620 cum'
1217 1599 1248 1620 e.
1267 1597 1301 1630 q.
1321 1598 1349 1621 s.
1377 1591 1420 1621 ‘a
1445 1598 1516 1632 quo
1541 1588 1652 1621 etiam
1675 1589 1754 1622 uio-

221 1631 320 1665 lauit
352 1634 533 1676 uirginem
564 1645 628 1676 pro
653 1634 802 1667 uitiauit
827 1632 1029 1666 dicebant)
1078 1632 1212 1675 (Atti:
1245 1643 1338 1666 cum
1369 1633 1632 1667 Lachmannus
1660 1633 1755 1669 Mus.

220 1677 336 1710 Rhen.
364 1679 419 1712 111
445 1689 478 1721 p.
504 1681 569 1712 611
603 1679 791 1712 atticum
821 1677 936 1711 Flor.
971 1678 1169 1711 acticum
1201 1678 1286 1711 Par.
1313 1679 1335 1711 b
1370 1679 1523 1712 aetati
1549 1689 1672 1721 quom
1697 1689 1755 1712 ce·

221 1723 294 1755 teri
316 1722 422 1765 libri,
448 1725 519 1757 nisi
545 1724 641 1767 quod
667 1734 762 1757 cum
787 1723 895 1758 Goth.
921 1723 1153 1756 Attianum
1178 1724 1386 1757 Nunnesius
1417 1723 1463 1757 ad
1489 1723 1624 1765 Phryn.
1649 1735 1683 1768 p.
1710 1725 1754 1757 70

221 1768 312 1801 Lob.
339 1769 538 1802 anticum
564 1769 752 1803 Victorius
845 1768 1061 1802 inuident
1086 1772 1130 1801 et
1158 1769 1318 1802 uitium
1343 1768 1417 1802 illi
1443 1768 1631 1810 obtulit,
1658 1769 1755 1802 nio-

223 1813 359 1853 lauit,
393 1815 508 1856 quod
540 1814 712 1847 incidit
743 1815 787 1847 in
818 1813 1057 1847 uidendum
1089 1813 1259 1856 Scaliger
1289 1814 1393 1847 Coni.
1426 1825 1460 1857 p.
1486 1814 1544 1855 60)
1597 1813 1754 1847 Omnino

223 1858 371 1891 dubium
398 1860 490 1892 haec
516 1871 599 1893 num
626 1860 672 1892 ad
697 1861 838 1893 Attium
871 1859 1093 1902 pertineant.
1201 1858 1356 1893 XXXVI
1381 1859 1498 1892 Varro
1523 1859 1566 1893 de
1599 1859 1623 1894 l.
1650 1859 1693 1893 L.
1721 1858 1754 1891 X

221 1905 264 1936 70
279 1904 328 1936 M.
372 1903 520 1937 ‘Accius
546 1905 638 1938 haee
663 1906 701 1938 in
726 1905 928 1948 tragoediis
951 1904 1092 1947 largius
1118 1915 1140 1936 a
1166 1905 1288 1947 prisca
1312 1903 1580 1938 consuetudine
1607 1914 1754 1937 mouere

224 1950 346 1992 eoepit
372 1954 409 1982 et
433 1949 479 1982 ad
506 1951 643 1983 formas
668 1951 831 1984 Graecas
854 1949 1049 1983 uerborum
1074 1950 1192 1992 magis
1217 1960 1414 1990 reuocare,
1440 1961 1463 1982 a
1488 1959 1558 1992 quo
1581 1949 1754 1982 Valerius

221 1995 290 2026 ait:
317 1995 481 2028 Accius
498 1996 743 2029 Hectorem
768 1995 900 2030 nolet
925 1995 1097 2036 facere,
1115 1994 1316 2028 Hectora
1342 1994 1506 2028 malet.’
1577 1994 1754 2028 XXXVII

220 2041 337 2072 Varro
371 2040 416 2073 de
448 2040 470 2076 l.
501 2041 545 2074 L.
569 2041 602 2073 V
625 2040 667 2074 21
693 2041 743 2075 M.
777 2043 924 2073 ‘terra
955 2040 1055 2073 dicta
1086 2040 1131 2072 ab
1159 2050 1219 2080 eo,
1250 2043 1291 2081 ut
1315 2039 1444 2073 Aelius
1474 2039 1623 2076 scribit,
1655 2038 1754 2082 quod

221 2086 351 2118 teritur
375 2110 382 2118 .
398 2111 405 2118 .
421 2111 428 2118 .
452 2086 538 2119 hinc
563 2086 653 2119 fines
679 2096 848 2129 agrorum
873 2085 1038 2127 termini,
1063 2084 1159 2128 quod
1183 2095 1251 2118 eae
1276 2084 1392 2128 partis
1419 2088 1569 2128 propter
1593 2084 1753 2117 limitare

220 2130 292 2162 iter
317 2132 473 2164 maxime
498 2135 684 2164 teruntur:
716 2132 845 2174 itaque
869 2131 938 2164 hoc
964 2141 1043 2164 cum
1067 2130 1084 2163 I
1116 2130 1153 2162 in
1179 2130 1290 2163 Latio
1315 2129 1457 2173 aliquot
1488 2130 1580 2163 loeis
1606 2129 1751 2171 dicitur,

219 2177 261 2206 ut
286 2176 382 2217 apud
406 2176 555 2209 Accium
587 2187 658 2210 non
684 2177 879 2216 terminus,
911 2175 976 2208 sed
1007 2176 1230 2210 terimen.’
1277 2175 1500 2208 Emendauit
1525 2175 1566 2208 L.
1592 2174 1753 2218 Spenge-

220 2220 292 2252 lius
315 2222 353 2253 in
379 2232 506 2257 comm.
533 2222 577 2256 de
595 2218 905 2255 Varronianorum
922 2221 1097 2254 librorum
1116 2219 1202 2253 del.
1221 2220 1246 2256 1.
1273 2220 1530 2254 emendatione
1555 2220 1642 2262 (act.
1665 2231 1751 2253 aca-

219 2265 312 2301 dem.
338 2267 482 2301 Monac.
507 2267 577 2300 VII
594 2269 614 2300 2
640 2267 728 2307 anni
753 2267 855 2309 1854)
880 2277 915 2309 p.
939 2267 982 2300 37
1008 2276 1061 2309 sq.
1088 2265 1269 2299 boccum
1294 2266 1332 2298 is
1363 2267 1406 2299 in
1431 2265 1569 2298 Latio
1601 2268 1639 2298 et
1663 2268 1751 2298 ter—

219 2321 310 2344 men
335 2311 432 2344 Flor.
462 2312 513 2346 cf.
539 2312 799 2346 Lachmannus
823 2322 913 2346 mus.
939 2311 1052 2344 Rhea.
1078 2311 1136 2344 111
1159 2312 1238 2343 611.
1337 2310 1530 2344 xxxvm
1556 2310 1748 2343 Charisius

219 2356 237 2389 1
262 2366 296 2398 p.
321 2358 363 2389 75
388 2357 428 2392 Ρ.
457 2358 700 2391 ‘inimicitiae
725 2360 762 2391 et
786 2357 942 2391 insidiae
969 2356 1162 2400 pluraliter
1186 2356 1258 2388 dici
1285 2356 1438 2398 debent,
1464 2355 1529 2389 sed
1554 2355 1751 2388 Sallustius

221 2400 265 2434 de
302 2401 448 2434 insidiis
479 2404 596 2444 prima
627 2404 767 2446 inquit,
801 2406 838 2435 et
866 2402 1001 2435 Accius
1033 2401 1321 2434 inimicitiam
1353 2402 1467 2434 dicit.’
1592 2400 1749 2433 XXXIX

221 2445 414 2480 Charisius
431 2448 448 2480 1
475 2459 507 2490 p.
527 2450 567 2481 61
587 2449 627 2483 P.
654 2448 824 2481 ‘aluum
850 2447 1036 2490 Vergilius
1063 2446 1238 2479 feminino
1263 2456 1399 2489 genere
1424 2456 1536 2489 saepe
1561 2445 1664 2484 dixit,
1689 2445 1750 2478 sed

219 2491 474 2525 masculine
501 2493 639 2526 Caluus
663 2519 694 2527 ..
709 2518 716 2526 .
740 2497 778 2526 et
803 2493 957 2526 Heluius
981 2491 1101 2525 Cinna
1123 2516 1131 2525 .
1147 2516 1177 2525 ..
1202 2495 1239 2524 et
1257 2492 1436 2525 Laberius
1462 2495 1500 2524 et
1516 2491 1651 2523 Accius
1675 2490 1750 2523 fre-

183 2576 186 2578 ,
220 2540 391 2579 quenter,
417 2538 511 2580 quod
536 2541 657 2581 magis
681 2548 769 2571 usus
794 2538 1028 2572 celebrauit.’
1143 2537 1209 2569 XL
1235 2536 1437 2570 Salmasius
1461 2536 1500 2568 in
1525 2535 1622 2568 Flor.
1646 2536 1704 2569 111
1729 2536 1750 2568 5

304 2658 383 2696 696
404 2669 533 2695 somno
555 2657 697 2694 deditos
728 2657 909 2705 Vrsinus,
932 2657 1110 2706 Scaliyer
1139 2666 1254 2692 summ
1276 2659 1366 2692 ante
1385 2657 1568 2693 lacunam
1591 2656 1674 2692 cod.

219 2714 298 2752 697
322 2715 402 2761 Eis,
426 2726 527 2763 quae
545 2717 764 2761 posuimus,
792 2715 977 2751 librorum
1005 2715 1239 2761 scripturam
1260 2714 1455 2759 expressit
1474 2711 1749 2749 Lachmannus

218 2771 318 2809 Mus.
341 2771 465 2808 Rhen.
488 2770 560 2808 III
571 2782 611 2817 p.
635 2771 714 2809 611
739 2770 872 2807 obliuio
890 2770 1059 2818 formam
1081 2768 1150 2819 (sic
1171 2771 1270 2806 enim
1296 2764 1447 2817 leyitur)
1470 2780 1494 2804 α
1514 2770 1749 2810 nominatiuo

219 2827 392 2864 obliuium
405 2830 496 2865 ‘siue
517 2827 703 2864 obluuium
725 2828 919 2864 deducens
938 2825 1226 2870 etvinuidendum
1246 2828 1510 2872 interpretans
1524 2823 1747 2873 pudendum,

219 2888 259 2920 ut
279 2887 445 2922 cultrum
467 2886 527 2921 uel
549 2895 688 2921 saxum
709 2885 947 2921 {mellea-isse
967 2884 1157 2928 uideatur,
1188 2894 1263 2930 quo
1283 2883 1369 2933 quis
1389 2885 1585 2919 ueretrum
1605 2881 1757 2918 incide:

219 2943 287 2986 rit,
310 2942 474 2977 ablutum
497 2953 612 2988 aqua.
648 2941 723 2977 Pro
751 2942 816 2977 illo
838 2939 973 2977 obliuio
994 2941 1129 2976 melius
1149 2938 1271 2975 obluio
1301 2940 1532 2985 scripsisset.
1573 2937 1745 2974 Celerum
