<?xml version="1.0" encoding="UTF-8"?>
<!DOCTYPE html PUBLIC "-//W3C//DTD XHTML 1.0 Transitional//EN"
    "http://www.w3.org/TR/xhtml1/DTD/xhtml1-transitional.dtd">
<html xmlns="http://www.w3.org/1999/xhtml" xml:lang="en" lang="en">
 <head>
  <title>
</title>
<meta http-equiv="Content-Type" content="text/html;charset=utf-8" />
  <meta name='ocr-system' content='tesseract 3.04.00' />
  <meta name='ocr-capabilities' content='ocr_page ocr_carea ocr_par ocr_line ocrx_word'/>
</head>
<body>
  <div class='ocr_page' id='page_1' title='image "./romanorumpoes01ribbuoft_0212.png"; bbox 0 0 1942 3204; ppageno 0'>
   <div class='ocr_carea' id='block_1_1' title="bbox 270 189 1183 230">
    <p class='ocr_par' dir='ltr' id='par_1_1' title="bbox 270 189 1183 230">
     <span class='ocr_line' id='line_1_1' title="bbox 270 189 1183 230; baseline 0.005 -8"><span class='ocrx_word' id='word_1_1' title='bbox 270 189 346 230; x_wconf 80' lang='lat'>128</span> <span class='ocrx_word' id='word_1_2' title='bbox 870 193 919 224; x_wconf 92' lang='lat' dir='ltr'>M.</span> <span class='ocrx_word' id='word_1_3' title='bbox 945 191 1183 227; x_wconf 82' lang='lat' dir='ltr'>PACVVIVS</span> 
     </span>
    </p>
   </div>
   <div class='ocr_carea' id='block_1_2' title="bbox 259 294 1692 1275">
    <p class='ocr_par' dir='ltr' id='par_1_2' title="bbox 259 294 1692 1275">
     <span class='ocr_line' id='line_1_2' title="bbox 908 294 1143 354; baseline 0.004 -17"><span class='ocrx_word' id='word_1_4' title='bbox 908 295 1014 338; x_wconf 91' lang='lat' dir='ltr'>XXI</span> <span class='ocrx_word' id='word_1_5' title='bbox 1047 294 1143 354; x_wconf 87' lang='grc'>(19)</span> 
     </span>
     <span class='ocr_line' id='line_1_3' title="bbox 377 371 1483 430; baseline 0.002 -16"><span class='ocrx_word' id='word_1_6' title='bbox 377 371 487 421; x_wconf 81' lang='lat' dir='ltr'>Quid</span> <span class='ocrx_word' id='word_1_7' title='bbox 519 371 612 414; x_wconf 73' lang='lat' dir='ltr'>est?</span> <span class='ocrx_word' id='word_1_8' title='bbox 644 387 745 414; x_wconf 89' lang='lat' dir='ltr'>nam</span> <span class='ocrx_word' id='word_1_9' title='bbox 777 387 845 414; x_wconf 91' lang='lat' dir='ltr'>me</span> <span class='ocrx_word' id='word_1_10' title='bbox 878 373 1135 415; x_wconf 73' lang='lat' dir='ltr'>exanimasti</span> <span class='ocrx_word' id='word_1_11' title='bbox 1165 374 1363 430; x_wconf 86' lang='lat' dir='ltr'>prologi6</span> <span class='ocrx_word' id='word_1_12' title='bbox 1394 376 1483 417; x_wconf 83' lang='lat' dir='ltr'>tuo.</span> 
     </span>
     <span class='ocr_line' id='line_1_4' title="bbox 710 447 1337 509; baseline 0.005 -18"><span class='ocrx_word' id='word_1_13' title='bbox 710 449 838 491; x_wconf 89' lang='lat' dir='ltr'>XXII</span> <span class='ocrx_word' id='word_1_14' title='bbox 871 447 1036 506; x_wconf 86' lang='lat' dir='ltr'>(Herm.</span> <span class='ocrx_word' id='word_1_15' title='bbox 1069 450 1096 492; x_wconf 90' lang='lat'>3</span> <span class='ocrx_word' id='word_1_16' title='bbox 1126 450 1225 493; x_wconf 93' lang='lat' dir='ltr'>Dul.</span> <span class='ocrx_word' id='word_1_17' title='bbox 1260 449 1337 509; x_wconf 87' lang='lat'>35)</span> 
     </span>
     <span class='ocr_line' id='line_1_5' title="bbox 376 525 1436 583; baseline 0.003 -15"><span class='ocrx_word' id='word_1_18' title='bbox 376 525 428 567; x_wconf 88' lang='lat' dir='ltr'>In</span> <span class='ocrx_word' id='word_1_19' title='bbox 459 526 587 568; x_wconf 75' lang='lat' dir='ltr'>turba</span> <span class='ocrx_word' id='word_1_20' title='bbox 618 525 758 568; x_wconf 85' lang='lat' dir='ltr'>Oresti</span> <span class='ocrx_word' id='word_1_21' title='bbox 790 527 983 583; x_wconf 77' lang='lat' dir='ltr'>cognita,</span> <span class='ocrx_word' id='word_1_22' title='bbox 1014 530 1176 583; x_wconf 80' lang='lat' dir='ltr'>agnota</span> <span class='ocrx_word' id='word_1_23' title='bbox 1207 529 1274 570; x_wconf 74' lang='lat' dir='ltr'>est</span> <span class='ocrx_word' id='word_1_24' title='bbox 1305 543 1436 571; x_wconf 88' lang='lat' dir='ltr'>soror.</span> 
     </span>
     <span class='ocr_line' id='line_1_6' title="bbox 883 602 1163 661; baseline 0.004 -16"><span class='ocrx_word' id='word_1_25' title='bbox 883 603 1034 645; x_wconf 92' lang='lat' dir='ltr'>XXIII</span> <span class='ocrx_word' id='word_1_26' title='bbox 1067 602 1163 661; x_wconf 79' lang='lat'><strong>(23)</strong></span> 
     </span>
     <span class='ocr_line' id='line_1_7' title="bbox 259 679 1570 738; baseline 0.003 -17"><span class='ocrx_word' id='word_1_27' title='bbox 259 679 345 721; x_wconf 84' lang='lat'>385</span> <span class='ocrx_word' id='word_1_28' title='bbox 378 713 386 721; x_wconf 91' lang='lat'>.</span> <span class='ocrx_word' id='word_1_29' title='bbox 419 713 427 721; x_wconf 94' lang='lat'>.</span> <span class='ocrx_word' id='word_1_30' title='bbox 460 680 562 735; x_wconf 89' lang='lat' dir='ltr'>quid</span> <span class='ocrx_word' id='word_1_31' title='bbox 594 682 792 737; x_wconf 72' lang='lat' dir='ltr'>cessatis,</span> <span class='ocrx_word' id='word_1_32' title='bbox 825 681 949 736; x_wconf 80' lang='lat' dir='ltr'>socii,</span> <span class='ocrx_word' id='word_1_33' title='bbox 981 679 1118 723; x_wconf 78' lang='lat' dir='ltr'>eicere</span> <span class='ocrx_word' id='word_1_34' title='bbox 1151 683 1288 737; x_wconf 82' lang='lat' dir='ltr'>spiras</span> <span class='ocrx_word' id='word_1_35' title='bbox 1320 683 1570 738; x_wconf 70' lang='lat' dir='ltr'>sparteas?&#39;</span> 
     </span>
     <span class='ocr_line' id='line_1_8' title="bbox 883 756 1163 816; baseline 0 -16"><span class='ocrx_word' id='word_1_36' title='bbox 883 757 1033 801; x_wconf 91' lang='lat' dir='ltr'>XXIV</span> <span class='ocrx_word' id='word_1_37' title='bbox 1067 756 1163 816; x_wconf 84' lang='lat'>(10)</span> 
     </span>
     <span class='ocr_line' id='line_1_9' title="bbox 380 834 1385 891; baseline 0.004 -16"><span class='ocrx_word' id='word_1_38' title='bbox 380 868 596 878; x_wconf 91' lang='grc'><strong>......</strong></span> <span class='ocrx_word' id='word_1_39' title='bbox 627 836 809 891; x_wconf 83' lang='lat' dir='ltr'>reprime</span> <span class='ocrx_word' id='word_1_40' title='bbox 841 834 1074 878; x_wconf 72' lang='lat' dir='ltr'>incisorem</span> <span class='ocrx_word' id='word_1_41' title='bbox 1108 836 1385 879; x_wconf 74' lang='lat' dir='ltr'>iracundiam.</span> 
     </span>
     <span class='ocr_line' id='line_1_10' title="bbox 895 911 1155 970; baseline 0 -15"><span class='ocrx_word' id='word_1_42' title='bbox 895 913 1021 956; x_wconf 92' lang='lat' dir='ltr'>XXV</span> <span class='ocrx_word' id='word_1_43' title='bbox 1058 911 1155 970; x_wconf 87' lang='lat'>(11)</span> 
     </span>
     <span class='ocr_line' id='line_1_11' title="bbox 1203 992 1576 1035; baseline 0.005 -2"><span class='ocrx_word' id='word_1_44' title='bbox 1203 992 1429 1034; x_wconf 79' lang='lat' dir='ltr'>eonsilium</span> <span class='ocrx_word' id='word_1_45' title='bbox 1461 992 1576 1035; x_wconf 83' lang='lat' dir='ltr'>oieur</span> 
     </span>
     <span class='ocr_line' id='line_1_12' title="bbox 901 1066 1149 1125; baseline 0.008 -16"><span class='ocrx_word' id='word_1_46' title='bbox 901 1067 1050 1111; x_wconf 93' lang='lat' dir='ltr'>XXVI</span> <span class='ocrx_word' id='word_1_47' title='bbox 1082 1066 1149 1125; x_wconf 84' lang='lat'>(8)</span> 
     </span>
     <span class='ocr_line' id='line_1_13' title="bbox 1203 1141 1422 1183; baseline 0.009 -2"><span class='ocrx_word' id='word_1_48' title='bbox 1203 1141 1324 1182; x_wconf 76' lang='lat' dir='ltr'>nulla</span> <span class='ocrx_word' id='word_1_49' title='bbox 1354 1156 1422 1183; x_wconf 86' lang='lat' dir='ltr'>res</span> 
     </span>
     <span class='ocr_line' id='line_1_14' title="bbox 378 1213 1692 1275; baseline 0.003 -18"><span class='ocrx_word' id='word_1_50' title='bbox 378 1213 469 1257; x_wconf 77' lang='lat' dir='ltr'>Nec</span> <span class='ocrx_word' id='word_1_51' title='bbox 501 1213 689 1256; x_wconf 84' lang='lat' dir='ltr'>cicurare</span> <span class='ocrx_word' id='word_1_52' title='bbox 721 1216 863 1270; x_wconf 74' lang='lat' dir='ltr'>neque</span> <span class='ocrx_word' id='word_1_53' title='bbox 895 1215 1055 1257; x_wconf 85' lang='lat' dir='ltr'>mederi</span> <span class='ocrx_word' id='word_1_54' title='bbox 1087 1217 1200 1271; x_wconf 78' lang='lat' dir='ltr'>potis</span> <span class='ocrx_word' id='word_1_55' title='bbox 1233 1219 1297 1259; x_wconf 82' lang='lat' dir='ltr'>est</span> <span class='ocrx_word' id='word_1_56' title='bbox 1327 1232 1466 1274; x_wconf 89' lang='lat' dir='ltr'>neque</span> <span class='ocrx_word' id='word_1_57' title='bbox 1497 1217 1692 1275; x_wconf 81' lang='lat' dir='ltr'>refigere.</span> 
     </span>
    </p>
   </div>
   <div class='ocr_carea' id='block_1_3' title="bbox 877 1290 1179 1350">
    <p class='ocr_par' dir='ltr' id='par_1_3' title="bbox 877 1290 1179 1350">
     <span class='ocr_line' id='line_1_15' title="bbox 877 1290 1179 1350; baseline 0.003 -16"><span class='ocrx_word' id='word_1_58' title='bbox 877 1292 1049 1335; x_wconf 85' lang='lat' dir='ltr'>XXVII</span> <span class='ocrx_word' id='word_1_59' title='bbox 1082 1290 1179 1350; x_wconf 81' lang='lat'>(17)</span> 
     </span>
    </p>
   </div>
   <div class='ocr_carea' id='block_1_4' title="bbox 262 1367 1787 1431">
    <p class='ocr_par' dir='ltr' id='par_1_4' title="bbox 262 1367 1787 1431">
     <span class='ocr_line' id='line_1_16' title="bbox 262 1367 1787 1431; baseline 0.005 -21"><span class='ocrx_word' id='word_1_60' title='bbox 262 1368 348 1410; x_wconf 88' lang='lat'>390</span> <span class='ocrx_word' id='word_1_61' title='bbox 381 1367 463 1411; x_wconf 78' lang='lat' dir='ltr'>Sed</span> <span class='ocrx_word' id='word_1_62' title='bbox 496 1383 593 1411; x_wconf 86' lang='lat' dir='ltr'>cum</span> <span class='ocrx_word' id='word_1_63' title='bbox 613 1368 820 1411; x_wconf 80' lang='lat' dir='ltr'>contendi</span> <span class='ocrx_word' id='word_1_64' title='bbox 836 1370 1060 1425; x_wconf 75' lang='lat' dir='ltr'>nequitum</span> <span class='ocrx_word' id='word_1_65' title='bbox 1092 1369 1156 1426; x_wconf 75' lang='lat' dir='ltr'>ui,</span> <span class='ocrx_word' id='word_1_66' title='bbox 1186 1371 1402 1414; x_wconf 84' lang='lat' dir='ltr'>tendenda</span> <span class='ocrx_word' id='word_1_67' title='bbox 1427 1375 1492 1415; x_wconf 83' lang='lat' dir='ltr'>est</span> <span class='ocrx_word' id='word_1_68' title='bbox 1511 1374 1621 1416; x_wconf 74' lang='lat' dir='ltr'>clam</span> <span class='ocrx_word' id='word_1_69' title='bbox 1646 1375 1787 1431; x_wconf 84' lang='lat' dir='ltr'>plaga.</span> 
     </span>
    </p>
   </div>
   <div class='ocr_carea' id='block_1_5' title="bbox 260 1463 1792 2411">
    <p class='ocr_par' dir='ltr' id='par_1_5' title="bbox 260 1463 1792 2277">
     <span class='ocr_line' id='line_1_17' title="bbox 356 1463 1789 1512; baseline 0.005 -17"><span class='ocrx_word' id='word_1_70' title='bbox 356 1463 444 1496; x_wconf 91' lang='lat' dir='ltr'>XXI</span> <span class='ocrx_word' id='word_1_71' title='bbox 467 1463 575 1496; x_wconf 89' lang='lat' dir='ltr'>Pauli</span> <span class='ocrx_word' id='word_1_72' title='bbox 593 1464 728 1496; x_wconf 84' lang='lat' dir='ltr'>Festus</span> <span class='ocrx_word' id='word_1_73' title='bbox 752 1475 785 1507; x_wconf 92' lang='lat' dir='ltr'>p.</span> <span class='ocrx_word' id='word_1_74' title='bbox 803 1465 875 1497; x_wconf 83' lang='lat'>226-</span> <span class='ocrx_word' id='word_1_75' title='bbox 890 1465 938 1497; x_wconf 90' lang='lat' dir='ltr'>M.</span> <span class='ocrx_word' id='word_1_76' title='bbox 965 1465 1249 1508; x_wconf 80' lang='lat' dir='ltr'>‘prologium‚</span> <span class='ocrx_word' id='word_1_77' title='bbox 1274 1467 1512 1510; x_wconf 81' lang='lat' dir='ltr'>principium,</span> <span class='ocrx_word' id='word_1_78' title='bbox 1538 1469 1789 1512; x_wconf 89' lang='lat' dir='ltr'>proloquium.&#39;</span> 
     </span>
     <span class='ocr_line' id='line_1_18' title="bbox 260 1509 1792 1556; baseline 0.005 -16"><span class='ocrx_word' id='word_1_79' title='bbox 260 1510 436 1541; x_wconf 83' lang='lat' dir='ltr'>Fortasse</span> <span class='ocrx_word' id='word_1_80' title='bbox 462 1509 533 1541; x_wconf 90' lang='lat' dir='ltr'>huc</span> <span class='ocrx_word' id='word_1_81' title='bbox 559 1509 698 1542; x_wconf 78' lang='lat' dir='ltr'>adlusit</span> <span class='ocrx_word' id='word_1_82' title='bbox 714 1510 881 1542; x_wconf 85' lang='lat' dir='ltr'>Lucilius</span> <span class='ocrx_word' id='word_1_83' title='bbox 907 1510 1005 1553; x_wconf 87' lang='lat' dir='ltr'>apud</span> <span class='ocrx_word' id='word_1_84' title='bbox 1022 1511 1177 1543; x_wconf 86' lang='lat' dir='ltr'>Nonium</span> <span class='ocrx_word' id='word_1_85' title='bbox 1203 1521 1236 1553; x_wconf 88' lang='lat' dir='ltr'>p.</span> <span class='ocrx_word' id='word_1_86' title='bbox 1253 1513 1309 1552; x_wconf 90' lang='lat'>30,</span> <span class='ocrx_word' id='word_1_87' title='bbox 1326 1513 1387 1545; x_wconf 80' lang='lat'>27:</span> <span class='ocrx_word' id='word_1_88' title='bbox 1413 1511 1555 1546; x_wconf 76' lang='lat' dir='ltr'>utrum</span> <span class='ocrx_word' id='word_1_89' title='bbox 1585 1513 1676 1556; x_wconf 91' lang='lat' dir='ltr'>[tu]</span> <span class='ocrx_word' id='word_1_90' title='bbox 1703 1516 1792 1547; x_wconf 88' lang='lat' dir='ltr'>tri-</span> 
     </span>
     <span class='ocr_line' id='line_1_19' title="bbox 263 1554 1789 1603; baseline 0.004 -17"><span class='ocrx_word' id='word_1_91' title='bbox 263 1554 369 1586; x_wconf 86' lang='lat' dir='ltr'>sti&#39;s</span> <span class='ocrx_word' id='word_1_92' title='bbox 395 1556 601 1587; x_wconf 89' lang='lat' dir='ltr'>contorto</span> <span class='ocrx_word' id='word_1_93' title='bbox 619 1555 774 1596; x_wconf 82' lang='lat' dir='ltr'>aliquo</span> <span class='ocrx_word' id='word_1_94' title='bbox 801 1566 850 1587; x_wconf 82' lang='lat' dir='ltr'>ex</span> <span class='ocrx_word' id='word_1_95' title='bbox 869 1556 1130 1588; x_wconf 78' lang='lat' dir='ltr'>Pacuuiano</span> <span class='ocrx_word' id='word_1_96' title='bbox 1150 1556 1356 1589; x_wconf 79' lang='lat' dir='ltr'>exordio?</span> <span class='ocrx_word' id='word_1_97' title='bbox 1383 1556 1441 1592; x_wconf 82' lang='lat' dir='ltr'>Cf.</span> <span class='ocrx_word' id='word_1_98' title='bbox 1458 1558 1647 1602; x_wconf 82' lang='lat' dir='ltr'>Euripidis</span> <span class='ocrx_word' id='word_1_99' title='bbox 1662 1560 1789 1603; x_wconf 86' lang='lat' dir='ltr'>Iphig.</span> 
     </span>
     <span class='ocr_line' id='line_1_20' title="bbox 263 1596 1789 1649; baseline 0.005 -18"><span class='ocrx_word' id='word_1_100' title='bbox 263 1600 374 1632; x_wconf 81' lang='lat' dir='ltr'>Taur.</span> <span class='ocrx_word' id='word_1_101' title='bbox 399 1609 435 1633; x_wconf 93' lang='lat' dir='ltr'>u.</span> <span class='ocrx_word' id='word_1_102' title='bbox 462 1600 547 1632; x_wconf 83' lang='lat'>1162</span> <span class='ocrx_word' id='word_1_103' title='bbox 572 1599 746 1633; x_wconf 80' lang='lat' dir='ltr'>laudatus</span> <span class='ocrx_word' id='word_1_104' title='bbox 773 1600 817 1632; x_wconf 87' lang='lat' dir='ltr'>ad</span> <span class='ocrx_word' id='word_1_105' title='bbox 842 1600 970 1632; x_wconf 90' lang='lat' dir='ltr'>Dulor.</span> <span class='ocrx_word' id='word_1_106' title='bbox 986 1600 1106 1633; x_wconf 91' lang='lat' dir='ltr'>XXVI</span> <span class='ocrx_word' id='word_1_107' title='bbox 1131 1604 1168 1633; x_wconf 88' lang='lat' dir='ltr'>et</span> <span class='ocrx_word' id='word_1_108' title='bbox 1194 1602 1281 1634; x_wconf 85' lang='grc'><strong>1160</strong></span> <span class='ocrx_word' id='word_1_109' title='bbox 1307 1601 1345 1634; x_wconf 87' lang='grc' dir='ltr'>τί</span> <span class='ocrx_word' id='word_1_110' title='bbox 1367 1596 1407 1635; x_wconf 77' lang='grc' dir='ltr'>δ’</span> <span class='ocrx_word' id='word_1_111' title='bbox 1434 1599 1551 1643; x_wconf 73' lang='grc' dir='ltr'><strong><em>ἔστιν,</em></strong></span> <span class='ocrx_word' id='word_1_112' title='bbox 1572 1597 1789 1649; x_wconf 76' lang='grc' dir='ltr'><strong><em>Ἰφιγένεια,</em></strong></span> 
     </span>
     <span class='ocr_line' id='line_1_21' title="bbox 265 1638 1791 1693; baseline 0.004 -16"><span class='ocrx_word' id='word_1_113' title='bbox 265 1639 406 1678; x_wconf 81' lang='grc' dir='ltr'><strong><em>καινὸν</em></strong></span> <span class='ocrx_word' id='word_1_114' title='bbox 437 1638 478 1677; x_wconf 83' lang='grc' dir='ltr'>ἒν</span> <span class='ocrx_word' id='word_1_115' title='bbox 505 1639 655 1688; x_wconf 77' lang='grc' dir='ltr'><strong><em>δόμοιςς</em></strong></span> <span class='ocrx_word' id='word_1_116' title='bbox 764 1645 871 1678; x_wconf 88' lang='lat' dir='ltr'>XXII</span> <span class='ocrx_word' id='word_1_117' title='bbox 894 1646 1107 1678; x_wconf 86' lang='lat' dir='ltr'>Priscianus</span> <span class='ocrx_word' id='word_1_118' title='bbox 1131 1647 1163 1679; x_wconf 91' lang='lat' dir='ltr'>X</span> <span class='ocrx_word' id='word_1_119' title='bbox 1188 1658 1223 1689; x_wconf 83' lang='lat' dir='ltr'>p,</span> <span class='ocrx_word' id='word_1_120' title='bbox 1249 1648 1314 1680; x_wconf 85' lang='lat'>887</span> <span class='ocrx_word' id='word_1_121' title='bbox 1339 1647 1381 1680; x_wconf 94' lang='grc' dir='ltr'>Ρ.</span> <span class='ocrx_word' id='word_1_122' title='bbox 1412 1649 1633 1682; x_wconf 75' lang='lat' dir='ltr'>‘notandum</span> <span class='ocrx_word' id='word_1_123' title='bbox 1657 1653 1791 1693; x_wconf 70' lang='lat' dir='ltr'>tamen,</span> 
     </span>
     <span class='ocr_line' id='line_1_22' title="bbox 263 1689 1790 1738; baseline 0.005 -17"><span class='ocrx_word' id='word_1_124' title='bbox 263 1689 356 1732; x_wconf 89' lang='lat' dir='ltr'>quod</span> <span class='ocrx_word' id='word_1_125' title='bbox 382 1700 562 1732; x_wconf 85' lang='lat' dir='ltr'>cognosco</span> <span class='ocrx_word' id='word_1_126' title='bbox 588 1691 748 1732; x_wconf 88' lang='lat' dir='ltr'>cognoui</span> <span class='ocrx_word' id='word_1_127' title='bbox 774 1691 960 1733; x_wconf 89' lang='lat' dir='ltr'>cognitum</span> <span class='ocrx_word' id='word_1_128' title='bbox 985 1693 1022 1723; x_wconf 89' lang='lat' dir='ltr'>et</span> <span class='ocrx_word' id='word_1_129' title='bbox 1039 1701 1200 1734; x_wconf 82' lang='lat' dir='ltr'>agnosco</span> <span class='ocrx_word' id='word_1_130' title='bbox 1225 1693 1359 1734; x_wconf 85' lang='lat' dir='ltr'>agnoui</span> <span class='ocrx_word' id='word_1_131' title='bbox 1378 1694 1541 1735; x_wconf 83' lang='lat' dir='ltr'>agnitum</span> <span class='ocrx_word' id='word_1_132' title='bbox 1566 1695 1604 1727; x_wconf 88' lang='lat' dir='ltr'>in</span> <span class='ocrx_word' id='word_1_133' title='bbox 1622 1695 1790 1738; x_wconf 83' lang='lat' dir='ltr'>frequen-</span> 
     </span>
     <span class='ocr_line' id='line_1_23' title="bbox 262 1735 1791 1779; baseline 0.005 -13"><span class='ocrx_word' id='word_1_134' title='bbox 262 1737 356 1767; x_wconf 82' lang='lat' dir='ltr'>tiore</span> <span class='ocrx_word' id='word_1_135' title='bbox 381 1746 449 1772; x_wconf 89' lang='lat' dir='ltr'>usu</span> <span class='ocrx_word' id='word_1_136' title='bbox 475 1735 620 1767; x_wconf 85' lang='lat' dir='ltr'>faciunt</span> <span class='ocrx_word' id='word_1_137' title='bbox 645 1746 710 1777; x_wconf 89' lang='lat' dir='ltr'>pro</span> <span class='ocrx_word' id='word_1_138' title='bbox 734 1747 754 1768; x_wconf 96' lang='lat' dir='ltr'>o</span> <span class='ocrx_word' id='word_1_139' title='bbox 780 1736 1009 1778; x_wconf 82' lang='lat' dir='ltr'>paenultima</span> <span class='ocrx_word' id='word_1_140' title='bbox 1035 1736 1231 1778; x_wconf 85' lang='lat' dir='ltr'>producta,</span> <span class='ocrx_word' id='word_1_141' title='bbox 1266 1748 1373 1779; x_wconf 88' lang='lat' dir='ltr'>quam</span> <span class='ocrx_word' id='word_1_142' title='bbox 1398 1740 1641 1772; x_wconf 84' lang='lat' dir='ltr'>uetustissimi</span> <span class='ocrx_word' id='word_1_143' title='bbox 1666 1750 1791 1773; x_wconf 85' lang='lat' dir='ltr'>serua-</span> 
     </span>
     <span class='ocr_line' id='line_1_24' title="bbox 261 1779 1790 1824; baseline 0.004 -12"><span class='ocrx_word' id='word_1_144' title='bbox 261 1781 354 1813; x_wconf 84' lang='lat' dir='ltr'>bant</span> <span class='ocrx_word' id='word_1_145' title='bbox 378 1779 589 1823; x_wconf 74' lang='lat' dir='ltr'>analogiam</span> <span class='ocrx_word' id='word_1_146' title='bbox 613 1784 833 1824; x_wconf 85' lang='lat' dir='ltr'>sequentes,</span> <span class='ocrx_word' id='word_1_147' title='bbox 867 1782 880 1813; x_wconf 88' lang='lat' dir='ltr'>i</span> <span class='ocrx_word' id='word_1_148' title='bbox 904 1785 1107 1824; x_wconf 83' lang='lat' dir='ltr'>correptam</span> <span class='ocrx_word' id='word_1_149' title='bbox 1135 1782 1351 1815; x_wconf 69' lang='lat' dir='ltr'>adhibentis.</span> <span class='ocrx_word' id='word_1_150' title='bbox 1375 1807 1404 1816; x_wconf 95' lang='lat'>..</span> <span class='ocrx_word' id='word_1_151' title='bbox 1419 1808 1428 1815; x_wconf 90' lang='lat'>.</span> <span class='ocrx_word' id='word_1_152' title='bbox 1450 1784 1636 1818; x_wconf 85' lang='lat' dir='ltr'>Pacuuius</span> <span class='ocrx_word' id='word_1_153' title='bbox 1662 1796 1790 1818; x_wconf 89' lang='lat' dir='ltr'>secun-</span> 
     </span>
     <span class='ocr_line' id='line_1_25' title="bbox 262 1825 1789 1869; baseline 0.004 -12"><span class='ocrx_word' id='word_1_154' title='bbox 262 1825 346 1857; x_wconf 89' lang='lat' dir='ltr'>dum</span> <span class='ocrx_word' id='word_1_155' title='bbox 376 1828 566 1868; x_wconf 86' lang='lat' dir='ltr'>utrumque</span> <span class='ocrx_word' id='word_1_156' title='bbox 603 1826 757 1868; x_wconf 79' lang='lat' dir='ltr'>protulit</span> <span class='ocrx_word' id='word_1_157' title='bbox 786 1851 822 1860; x_wconf 91' lang='lat'>..</span> <span class='ocrx_word' id='word_1_158' title='bbox 842 1829 872 1858; x_wconf 84' lang='lat'>.’</span> <span class='ocrx_word' id='word_1_159' title='bbox 911 1826 1161 1869; x_wconf 86' lang='lat' dir='ltr'>(Pacubius</span> <span class='ocrx_word' id='word_1_160' title='bbox 1196 1827 1300 1861; x_wconf 78' lang='lat' dir='ltr'>Grut.</span> <span class='ocrx_word' id='word_1_161' title='bbox 1332 1827 1487 1864; x_wconf 85' lang='lat' dir='ltr'>Carolir.</span> <span class='ocrx_word' id='word_1_162' title='bbox 1529 1831 1789 1864; x_wconf 84' lang='lat' dir='ltr'>Paucobius</span> 
     </span>
     <span class='ocr_line' id='line_1_26' title="bbox 261 1871 1788 1918; baseline 0.004 -16"><span class='ocrx_word' id='word_1_163' title='bbox 261 1871 387 1912; x_wconf 86' lang='lat' dir='ltr'>Sang.)</span> <span class='ocrx_word' id='word_1_164' title='bbox 436 1871 491 1903; x_wconf 87' lang='lat' dir='ltr'>Ex</span> <span class='ocrx_word' id='word_1_165' title='bbox 517 1871 656 1914; x_wconf 84' lang='lat' dir='ltr'>Chryse</span> <span class='ocrx_word' id='word_1_166' title='bbox 682 1871 775 1904; x_wconf 86' lang='lat' dir='ltr'>haec</span> <span class='ocrx_word' id='word_1_167' title='bbox 800 1874 944 1914; x_wconf 85' lang='lat' dir='ltr'>sumpta</span> <span class='ocrx_word' id='word_1_168' title='bbox 968 1871 1150 1905; x_wconf 86' lang='lat' dir='ltr'>uidentur.</span> <span class='ocrx_word' id='word_1_169' title='bbox 1287 1872 1412 1906; x_wconf 83' lang='lat' dir='ltr'>XXIII</span> <span class='ocrx_word' id='word_1_170' title='bbox 1436 1875 1568 1907; x_wconf 82' lang='lat' dir='ltr'>Festus</span> <span class='ocrx_word' id='word_1_171' title='bbox 1593 1886 1627 1918; x_wconf 90' lang='lat' dir='ltr'>p.</span> <span class='ocrx_word' id='word_1_172' title='bbox 1651 1877 1718 1908; x_wconf 84' lang='lat'>330</span> <span class='ocrx_word' id='word_1_173' title='bbox 1741 1876 1788 1908; x_wconf 93' lang='lat' dir='ltr'>M.</span> 
     </span>
     <span class='ocr_line' id='line_1_27' title="bbox 262 1916 1791 1958; baseline 0.004 -11"><span class='ocrx_word' id='word_1_174' title='bbox 262 1917 411 1958; x_wconf 74' lang='lat' dir='ltr'>‘spira</span> <span class='ocrx_word' id='word_1_175' title='bbox 435 1935 478 1939; x_wconf 88' lang='lat'>—</span> <span class='ocrx_word' id='word_1_176' title='bbox 495 1934 537 1939; x_wconf 85' lang='lat'>-—</span> <span class='ocrx_word' id='word_1_177' title='bbox 563 1916 661 1948; x_wconf 87' lang='lat' dir='ltr'>funis</span> <span class='ocrx_word' id='word_1_178' title='bbox 685 1917 854 1949; x_wconf 84' lang='lat' dir='ltr'>nauticus</span> <span class='ocrx_word' id='word_1_179' title='bbox 870 1917 906 1948; x_wconf 91' lang='lat' dir='ltr'>in</span> <span class='ocrx_word' id='word_1_180' title='bbox 932 1917 1053 1949; x_wconf 88' lang='lat' dir='ltr'>orbem</span> <span class='ocrx_word' id='word_1_181' title='bbox 1070 1917 1300 1958; x_wconf 83' lang='lat' dir='ltr'>conuolutus‚</span> <span class='ocrx_word' id='word_1_182' title='bbox 1326 1919 1372 1950; x_wconf 83' lang='lat' dir='ltr'>ab</span> <span class='ocrx_word' id='word_1_183' title='bbox 1391 1919 1519 1951; x_wconf 86' lang='lat' dir='ltr'>eadem</span> <span class='ocrx_word' id='word_1_184' title='bbox 1543 1930 1666 1952; x_wconf 89' lang='lat' dir='ltr'>omnes</span> <span class='ocrx_word' id='word_1_185' title='bbox 1692 1921 1791 1953; x_wconf 88' lang='lat' dir='ltr'>simi-</span> 
     </span>
     <span class='ocr_line' id='line_1_28' title="bbox 266 1955 1790 2008; baseline 0.005 -16"><span class='ocrx_word' id='word_1_186' title='bbox 266 1961 448 1994; x_wconf 86' lang='lat' dir='ltr'>litudine.’</span> <span class='ocrx_word' id='word_1_187' title='bbox 498 1961 664 1994; x_wconf 85' lang='lat' dir='ltr'>Conlatis</span> <span class='ocrx_word' id='word_1_188' title='bbox 694 1962 906 2004; x_wconf 86' lang='lat' dir='ltr'>Euripideis</span> <span class='ocrx_word' id='word_1_189' title='bbox 937 1973 981 1994; x_wconf 85' lang='lat' dir='ltr'>ex</span> <span class='ocrx_word' id='word_1_190' title='bbox 1013 1961 1131 2004; x_wconf 84' lang='lat' dir='ltr'>Iphig.</span> <span class='ocrx_word' id='word_1_191' title='bbox 1161 1963 1271 1998; x_wconf 84' lang='lat' dir='ltr'>Taur.</span> <span class='ocrx_word' id='word_1_192' title='bbox 1304 1963 1408 1996; x_wconf 87' lang='lat'>1386:</span> <span class='ocrx_word' id='word_1_193' title='bbox 1451 1955 1480 1997; x_wconf 74' lang='grc' dir='ltr'><em>ὦ</em></span> <span class='ocrx_word' id='word_1_194' title='bbox 1515 1963 1584 2008; x_wconf 77' lang='grc' dir='ltr'>γῆς</span> <span class='ocrx_word' id='word_1_195' title='bbox 1607 1961 1790 2005; x_wconf 62' lang='lat' dir='ltr'>‘El-Aloidae</span> 
     </span>
     <span class='ocr_line' id='line_1_29' title="bbox 265 2000 1791 2052; baseline 0.003 -13"><span class='ocrx_word' id='word_1_196' title='bbox 265 2003 423 2049; x_wconf 80' lang='grc' dir='ltr'><em>ναῦται,</em></span> <span class='ocrx_word' id='word_1_197' title='bbox 457 2003 550 2045; x_wconf 77' lang='grc' dir='ltr'><strong><em>νεώς</em></strong></span> <span class='ocrx_word' id='word_1_198' title='bbox 575 2001 755 2049; x_wconf 78' lang='grc' dir='ltr'><em>Λάβεσθε</em></span> <span class='ocrx_word' id='word_1_199' title='bbox 786 2000 948 2048; x_wconf 76' lang='grc' dir='ltr'><em>κώπαις,</em></span> <span class='ocrx_word' id='word_1_200' title='bbox 983 2003 1102 2050; x_wconf 77' lang='grc' dir='ltr'><em>ῥ’όθιοὲ</em></span> <span class='ocrx_word' id='word_1_201' title='bbox 1133 2018 1172 2041; x_wconf 82' lang='grc' dir='ltr'>τε</span> <span class='ocrx_word' id='word_1_202' title='bbox 1199 2007 1418 2041; x_wconf 81' lang='grc' dir='ltr'><strong><em>λευκαίνετε</em></strong></span> <span class='ocrx_word' id='word_1_203' title='bbox 1450 2013 1509 2041; x_wconf 83' lang='lat' dir='ltr'>sat</span> <span class='ocrx_word' id='word_1_204' title='bbox 1534 2011 1725 2052; x_wconf 86' lang='lat' dir='ltr'>probabile</span> <span class='ocrx_word' id='word_1_205' title='bbox 1749 2010 1791 2043; x_wconf 90' lang='lat' dir='ltr'>fit</span> 
     </span>
     <span class='ocr_line' id='line_1_30' title="bbox 263 2050 1790 2098; baseline 0.004 -15"><span class='ocrx_word' id='word_1_206' title='bbox 263 2051 309 2083; x_wconf 83' lang='lat' dir='ltr'>ad</span> <span class='ocrx_word' id='word_1_207' title='bbox 334 2052 509 2094; x_wconf 84' lang='lat' dir='ltr'>Chrysem</span> <span class='ocrx_word' id='word_1_208' title='bbox 538 2051 628 2084; x_wconf 89' lang='lat' dir='ltr'>haec</span> <span class='ocrx_word' id='word_1_209' title='bbox 653 2062 795 2094; x_wconf 89' lang='lat' dir='ltr'>quoque</span> <span class='ocrx_word' id='word_1_210' title='bbox 821 2053 1016 2094; x_wconf 82' lang='lat' dir='ltr'>pertinere.</span> <span class='ocrx_word' id='word_1_211' title='bbox 1111 2053 1232 2086; x_wconf 91' lang='lat' dir='ltr'>XXIV</span> <span class='ocrx_word' id='word_1_212' title='bbox 1255 2050 1356 2086; x_wconf 91' lang='lat' dir='ltr'>XXV</span> <span class='ocrx_word' id='word_1_213' title='bbox 1380 2054 1488 2086; x_wconf 85' lang='lat' dir='ltr'>Pauli</span> <span class='ocrx_word' id='word_1_214' title='bbox 1511 2056 1647 2088; x_wconf 82' lang='lat' dir='ltr'>Festus</span> <span class='ocrx_word' id='word_1_215' title='bbox 1671 2067 1706 2098; x_wconf 89' lang='lat' dir='ltr'>p.</span> <span class='ocrx_word' id='word_1_216' title='bbox 1726 2057 1790 2090; x_wconf 86' lang='lat'>108</span> 
     </span>
     <span class='ocr_line' id='line_1_31' title="bbox 261 2096 1791 2143; baseline 0.004 -16"><span class='ocrx_word' id='word_1_217' title='bbox 261 2097 309 2128; x_wconf 91' lang='lat' dir='ltr'>M.</span> <span class='ocrx_word' id='word_1_218' title='bbox 337 2097 633 2137; x_wconf 82' lang='lat' dir='ltr'>‘ineicorem‚</span> <span class='ocrx_word' id='word_1_219' title='bbox 661 2099 941 2130; x_wconf 84' lang='lat' dir='ltr'>immansuetum</span> <span class='ocrx_word' id='word_1_220' title='bbox 969 2101 1005 2130; x_wconf 85' lang='lat' dir='ltr'>et</span> <span class='ocrx_word' id='word_1_221' title='bbox 1030 2098 1158 2131; x_wconf 78' lang='lat' dir='ltr'>ferum.</span> <span class='ocrx_word' id='word_1_222' title='bbox 1191 2098 1378 2131; x_wconf 84' lang='lat' dir='ltr'>Pacuuius</span> <span class='ocrx_word' id='word_1_223' title='bbox 1399 2096 1496 2143; x_wconf 80' lang='lat'>[386]</span> <span class='ocrx_word' id='word_1_224' title='bbox 1525 2101 1709 2133; x_wconf 86' lang='lat' dir='ltr'>Interdum</span> <span class='ocrx_word' id='word_1_225' title='bbox 1734 2102 1791 2133; x_wconf 86' lang='lat' dir='ltr'>ci-</span> 
     </span>
     <span class='ocr_line' id='line_1_32' title="bbox 263 2141 1789 2187; baseline 0.004 -14"><span class='ocrx_word' id='word_1_226' title='bbox 263 2152 343 2174; x_wconf 91' lang='lat' dir='ltr'>cur</span> <span class='ocrx_word' id='word_1_227' title='bbox 367 2152 432 2184; x_wconf 90' lang='lat' dir='ltr'>pro</span> <span class='ocrx_word' id='word_1_228' title='bbox 456 2142 627 2183; x_wconf 87' lang='lat' dir='ltr'>sapiente</span> <span class='ocrx_word' id='word_1_229' title='bbox 653 2145 813 2184; x_wconf 87' lang='lat' dir='ltr'>ponitur,</span> <span class='ocrx_word' id='word_1_230' title='bbox 840 2146 880 2174; x_wconf 86' lang='lat' dir='ltr'>ut</span> <span class='ocrx_word' id='word_1_231' title='bbox 904 2142 999 2175; x_wconf 87' lang='lat' dir='ltr'>idem</span> <span class='ocrx_word' id='word_1_232' title='bbox 1025 2143 1204 2176; x_wconf 82' lang='lat' dir='ltr'>Pacuuius</span> <span class='ocrx_word' id='word_1_233' title='bbox 1233 2141 1362 2187; x_wconf 81' lang='lat'>[387].’</span> <span class='ocrx_word' id='word_1_234' title='bbox 1455 2144 1580 2178; x_wconf 64' lang='lat' dir='ltr'>“XXVI</span> <span class='ocrx_word' id='word_1_235' title='bbox 1604 2147 1720 2179; x_wconf 85' lang='lat' dir='ltr'>Varro</span> <span class='ocrx_word' id='word_1_236' title='bbox 1745 2147 1789 2179; x_wconf 84' lang='lat' dir='ltr'>de</span> 
     </span>
     <span class='ocr_line' id='line_1_33' title="bbox 264 2187 1789 2232; baseline 0.004 -14"><span class='ocrx_word' id='word_1_237' title='bbox 264 2187 286 2220; x_wconf 89' lang='lat' dir='ltr'>l.</span> <span class='ocrx_word' id='word_1_238' title='bbox 315 2188 358 2220; x_wconf 89' lang='lat' dir='ltr'>L.</span> <span class='ocrx_word' id='word_1_239' title='bbox 384 2187 454 2220; x_wconf 91' lang='lat' dir='ltr'>VII</span> <span class='ocrx_word' id='word_1_240' title='bbox 478 2188 519 2219; x_wconf 85' lang='lat'>91</span> <span class='ocrx_word' id='word_1_241' title='bbox 544 2187 592 2219; x_wconf 91' lang='grc' dir='ltr'>Μ.</span> <span class='ocrx_word' id='word_1_242' title='bbox 620 2187 739 2229; x_wconf 76' lang='lat' dir='ltr'>‘apud</span> <span class='ocrx_word' id='word_1_243' title='bbox 764 2188 954 2220; x_wconf 84' lang='lat' dir='ltr'>Pacuium’</span> <span class='ocrx_word' id='word_1_244' title='bbox 981 2187 1050 2229; x_wconf 89' lang='lat' dir='ltr'>(sic</span> <span class='ocrx_word' id='word_1_245' title='bbox 1075 2188 1205 2230; x_wconf 85' lang='lat' dir='ltr'>Flor.):</span> <span class='ocrx_word' id='word_1_246' title='bbox 1232 2189 1346 2221; x_wconf 83' lang='lat' dir='ltr'>‘nulla</span> <span class='ocrx_word' id='word_1_247' title='bbox 1372 2193 1449 2222; x_wconf 84' lang='lat' dir='ltr'>res’</span> <span class='ocrx_word' id='word_1_248' title='bbox 1477 2201 1508 2222; x_wconf 87' lang='lat' dir='ltr'>e.</span> <span class='ocrx_word' id='word_1_249' title='bbox 1537 2200 1570 2232; x_wconf 88' lang='lat' dir='ltr'>q.</span> <span class='ocrx_word' id='word_1_250' title='bbox 1595 2201 1623 2223; x_wconf 88' lang='lat' dir='ltr'>s.</span> <span class='ocrx_word' id='word_1_251' title='bbox 1649 2192 1789 2224; x_wconf 76' lang='lat' dir='ltr'>‘cicu-</span> 
     </span>
     <span class='ocr_line' id='line_1_34' title="bbox 262 2231 1788 2277; baseline 0.004 -14"><span class='ocrx_word' id='word_1_252' title='bbox 262 2242 363 2264; x_wconf 83' lang='lat' dir='ltr'>rare</span> <span class='ocrx_word' id='word_1_253' title='bbox 388 2231 613 2273; x_wconf 84' lang='lat' dir='ltr'>(cicorare</span> <span class='ocrx_word' id='word_1_254' title='bbox 633 2231 746 2274; x_wconf 89' lang='lat' dir='ltr'>Flor.)</span> <span class='ocrx_word' id='word_1_255' title='bbox 765 2233 1071 2269; x_wconf 59' lang='lat' dir='ltr'>mansuefacere)</span> <span class='ocrx_word' id='word_1_256' title='bbox 1104 2234 1279 2267; x_wconf 85' lang='lat' dir='ltr'>Fortasse</span> <span class='ocrx_word' id='word_1_257' title='bbox 1298 2245 1511 2277; x_wconf 87' lang='lat' dir='ltr'>responsum</span> <span class='ocrx_word' id='word_1_258' title='bbox 1530 2236 1575 2267; x_wconf 86' lang='lat' dir='ltr'>ad</span> <span class='ocrx_word' id='word_1_259' title='bbox 1593 2236 1637 2268; x_wconf 87' lang='lat' dir='ltr'>fr.</span> <span class='ocrx_word' id='word_1_260' title='bbox 1655 2236 1788 2269; x_wconf 88' lang='lat' dir='ltr'>XXIV.</span> 
     </span>
    </p>

    <p class='ocr_par' dir='ltr' id='par_1_6' title="bbox 262 2277 1790 2411">
     <span class='ocr_line' id='line_1_35' title="bbox 353 2277 1786 2324; baseline 0.003 -15"><span class='ocrx_word' id='word_1_261' title='bbox 353 2277 492 2311; x_wconf 89' lang='lat' dir='ltr'>XXVII</span> <span class='ocrx_word' id='word_1_262' title='bbox 518 2278 653 2310; x_wconf 83' lang='lat' dir='ltr'>Festus</span> <span class='ocrx_word' id='word_1_263' title='bbox 678 2288 711 2320; x_wconf 90' lang='lat' dir='ltr'>p.</span> <span class='ocrx_word' id='word_1_264' title='bbox 739 2279 802 2309; x_wconf 78' lang='lat'>162</span> <span class='ocrx_word' id='word_1_265' title='bbox 829 2278 875 2311; x_wconf 92' lang='grc' dir='ltr'>Μ.</span> <span class='ocrx_word' id='word_1_266' title='bbox 904 2281 1157 2321; x_wconf 77' lang='lat' dir='ltr'>‘nequitum</span> <span class='ocrx_word' id='word_1_267' title='bbox 1183 2283 1220 2312; x_wconf 88' lang='lat' dir='ltr'>et</span> <span class='ocrx_word' id='word_1_268' title='bbox 1244 2280 1460 2322; x_wconf 88' lang='lat' dir='ltr'>nequitur</span> <span class='ocrx_word' id='word_1_269' title='bbox 1491 2291 1557 2322; x_wconf 86' lang='lat' dir='ltr'>pro</span> <span class='ocrx_word' id='word_1_270' title='bbox 1582 2291 1654 2313; x_wconf 91' lang='lat' dir='ltr'>non</span> <span class='ocrx_word' id='word_1_271' title='bbox 1679 2291 1786 2324; x_wconf 87' lang='lat' dir='ltr'>posse</span> 
     </span>
     <span class='ocr_line' id='line_1_36' title="bbox 262 2322 1790 2369; baseline 0.004 -16"><span class='ocrx_word' id='word_1_272' title='bbox 262 2322 456 2364; x_wconf 86' lang='lat' dir='ltr'>dicebant,</span> <span class='ocrx_word' id='word_1_273' title='bbox 489 2323 749 2355; x_wconf 58' lang='lat' dir='ltr'>utoPacuius</span> <span class='ocrx_word' id='word_1_274' title='bbox 775 2334 853 2355; x_wconf 88' lang='lat' dir='ltr'>cum</span> <span class='ocrx_word' id='word_1_275' title='bbox 880 2324 951 2356; x_wconf 87' lang='lat' dir='ltr'>ait:</span> <span class='ocrx_word' id='word_1_276' title='bbox 984 2324 1048 2356; x_wconf 87' lang='lat' dir='ltr'>sed</span> <span class='ocrx_word' id='word_1_277' title='bbox 1074 2327 1175 2356; x_wconf 88' lang='lat' dir='ltr'>cum’</span> <span class='ocrx_word' id='word_1_278' title='bbox 1203 2335 1234 2358; x_wconf 87' lang='lat' dir='ltr'>e.</span> <span class='ocrx_word' id='word_1_279' title='bbox 1261 2335 1295 2366; x_wconf 84' lang='lat' dir='ltr'>q.</span> <span class='ocrx_word' id='word_1_280' title='bbox 1320 2334 1349 2358; x_wconf 79' lang='lat' dir='ltr'>S.</span> <span class='ocrx_word' id='word_1_281' title='bbox 1394 2324 1571 2358; x_wconf 76' lang='lat' dir='ltr'>‘Plautus</span> <span class='ocrx_word' id='word_1_282' title='bbox 1598 2344 1637 2348; x_wconf 97' lang='lat'><strong>—</strong></span> <span class='ocrx_word' id='word_1_283' title='bbox 1663 2327 1790 2369; x_wconf 86' lang='lat' dir='ltr'>nequi-</span> 
     </span>
     <span class='ocr_line' id='line_1_37' title="bbox 263 2368 1081 2411; baseline 0.004 -12"><span class='ocrx_word' id='word_1_284' title='bbox 263 2371 338 2400; x_wconf 88' lang='lat' dir='ltr'>tum</span> <span class='ocrx_word' id='word_1_285' title='bbox 362 2386 407 2391; x_wconf 88' lang='lat'>—-</span> <span class='ocrx_word' id='word_1_286' title='bbox 431 2368 525 2400; x_wconf 83' lang='lat' dir='ltr'>Cato</span> <span class='ocrx_word' id='word_1_287' title='bbox 551 2386 593 2390; x_wconf 82' lang='lat'><strong>—</strong></span> <span class='ocrx_word' id='word_1_288' title='bbox 618 2369 806 2410; x_wconf 89' lang='lat' dir='ltr'>nequitum</span> <span class='ocrx_word' id='word_1_289' title='bbox 834 2370 1081 2411; x_wconf 84' lang='lat' dir='ltr'>exaugurari.’</span> 
     </span>
    </p>
   </div>
   <div class='ocr_carea' id='block_1_6' title="bbox 264 2488 1791 2932">
    <p class='ocr_par' dir='ltr' id='par_1_7' title="bbox 264 2488 1791 2932">
     <span class='ocr_line' id='line_1_38' title="bbox 264 2488 1788 2538; baseline 0.004 -16"><span class='ocrx_word' id='word_1_290' title='bbox 264 2489 413 2534; x_wconf 70' lang='grc' dir='ltr'>ίναρῖεο</span> <span class='ocrx_word' id='word_1_291' title='bbox 443 2489 528 2524; x_wconf 85' lang='lat' dir='ltr'>slilo</span> <span class='ocrx_word' id='word_1_292' title='bbox 548 2499 622 2524; x_wconf 84' lang='lat' dir='ltr'>non</span> <span class='ocrx_word' id='word_1_293' title='bbox 645 2490 850 2524; x_wconf 81' lang='lat' dir='ltr'>conuenire</span> <span class='ocrx_word' id='word_1_294' title='bbox 871 2488 1036 2536; x_wconf 83' lang='lat' dir='ltr'>uidetur)</span> <span class='ocrx_word' id='word_1_295' title='bbox 1067 2491 1128 2526; x_wconf 84' lang='lat' dir='ltr'>uel</span> <span class='ocrx_word' id='word_1_296' title='bbox 1149 2494 1274 2538; x_wconf 77' lang='lat' dir='ltr'>rugata</span> <span class='ocrx_word' id='word_1_297' title='bbox 1307 2488 1423 2537; x_wconf 83' lang='lat' dir='ltr'>(quod</span> <span class='ocrx_word' id='word_1_298' title='bbox 1440 2492 1590 2537; x_wconf 80' lang='lat' dir='ltr'>placuit</span> <span class='ocrx_word' id='word_1_299' title='bbox 1611 2491 1788 2538; x_wconf 79' lang='lat' dir='ltr'>Roepero</span> 
     </span>
     <span class='ocr_line' id='line_1_39' title="bbox 277 2543 1790 2592; baseline 0.005 -16"><span class='ocrx_word' id='word_1_300' title='bbox 277 2544 462 2580; x_wconf 77' lang='lat' dir='ltr'>Varronis</span> <span class='ocrx_word' id='word_1_301' title='bbox 484 2544 643 2581; x_wconf 81' lang='lat' dir='ltr'>Eumen.</span> <span class='ocrx_word' id='word_1_302' title='bbox 674 2546 744 2581; x_wconf 84' lang='lat' dir='ltr'>rel.</span> <span class='ocrx_word' id='word_1_303' title='bbox 767 2556 808 2592; x_wconf 87' lang='lat' dir='ltr'>p.</span> <span class='ocrx_word' id='word_1_304' title='bbox 836 2543 902 2592; x_wconf 87' lang='lat'>15)</span> <span class='ocrx_word' id='word_1_305' title='bbox 932 2547 993 2581; x_wconf 86' lang='lat' dir='ltr'>uel</span> <span class='ocrx_word' id='word_1_306' title='bbox 1023 2546 1160 2582; x_wconf 80' lang='lat' dir='ltr'>irritata</span> <span class='ocrx_word' id='word_1_307' title='bbox 1192 2546 1346 2583; x_wconf 77' lang='lat' dir='ltr'>Vossius</span> <span class='ocrx_word' id='word_1_308' title='bbox 1375 2546 1539 2583; x_wconf 81' lang='lat' dir='ltr'>simulata</span> <span class='ocrx_word' id='word_1_309' title='bbox 1561 2547 1790 2584; x_wconf 77' lang='lat' dir='ltr'>Gerlachius</span> 
     </span>
     <span class='ocr_line' id='line_1_40' title="bbox 264 2601 1791 2651; baseline 0.003 -16"><span class='ocrx_word' id='word_1_310' title='bbox 264 2605 446 2636; x_wconf 82' lang='lat' dir='ltr'>contracta</span> <span class='ocrx_word' id='word_1_311' title='bbox 476 2602 558 2647; x_wconf 81' lang='lat' dir='ltr'>ipse</span> <span class='ocrx_word' id='word_1_312' title='bbox 588 2601 764 2638; x_wconf 81' lang='lat' dir='ltr'>ludebam</span> <span class='ocrx_word' id='word_1_313' title='bbox 871 2601 1057 2650; x_wconf 73' lang='lat' dir='ltr'>turpitudo</span> <span class='ocrx_word' id='word_1_314' title='bbox 1088 2602 1144 2648; x_wconf 90' lang='lat' dir='ltr'>W,</span> <span class='ocrx_word' id='word_1_315' title='bbox 1176 2613 1263 2639; x_wconf 89' lang='lat' dir='ltr'>mss.</span> <span class='ocrx_word' id='word_1_316' title='bbox 1293 2602 1467 2639; x_wconf 70' lang='lat' dir='ltr'>Met-ceri</span> <span class='ocrx_word' id='word_1_317' title='bbox 1495 2602 1638 2651; x_wconf 84' lang='lat' dir='ltr'>turpido</span> <span class='ocrx_word' id='word_1_318' title='bbox 1668 2606 1791 2640; x_wconf 84' lang='lat' dir='ltr'>ceteri</span> 
     </span>
     <span class='ocr_line' id='line_1_41' title="bbox 266 2655 1787 2706; baseline 0.003 -15"><span class='ocrx_word' id='word_1_319' title='bbox 266 2657 383 2704; x_wconf 78' lang='lat' dir='ltr'>turpi⁷</span> <span class='ocrx_word' id='word_1_320' title='bbox 413 2655 525 2692; x_wconf 87' lang='lat' dir='ltr'>liuido</span> <span class='ocrx_word' id='word_1_321' title='bbox 555 2656 761 2694; x_wconf 80' lang='lat' dir='ltr'>Mercerus</span> <span class='ocrx_word' id='word_1_322' title='bbox 794 2657 935 2694; x_wconf 85' lang='lat' dir='ltr'>turbido</span> <span class='ocrx_word' id='word_1_323' title='bbox 967 2659 1029 2695; x_wconf 86' lang='lat' dir='ltr'>uel</span> <span class='ocrx_word' id='word_1_324' title='bbox 1060 2658 1201 2706; x_wconf 78' lang='lat' dir='ltr'>torpido</span> <span class='ocrx_word' id='word_1_325' title='bbox 1245 2659 1398 2696; x_wconf 80' lang='lat' dir='ltr'>Vossius</span> <span class='ocrx_word' id='word_1_326' title='bbox 1488 2658 1567 2696; x_wconf 83' lang='lat'>387</span> <span class='ocrx_word' id='word_1_327' title='bbox 1598 2660 1787 2696; x_wconf 76' lang='lat' dir='ltr'>consilium</span> 
     </span>
     <span class='ocr_line' id='line_1_42' title="bbox 264 2713 1790 2764; baseline 0.003 -16"><span class='ocrx_word' id='word_1_328' title='bbox 264 2714 378 2760; x_wconf 71' lang='lat' dir='ltr'>uulyo</span> <span class='ocrx_word' id='word_1_329' title='bbox 399 2713 591 2749; x_wconf 86' lang='lat' dir='ltr'>concilium</span> <span class='ocrx_word' id='word_1_330' title='bbox 611 2715 701 2751; x_wconf 82' lang='lat' dir='ltr'>libri</span> <span class='ocrx_word' id='word_1_331' title='bbox 785 2713 866 2751; x_wconf 88' lang='grc'>389</span> <span class='ocrx_word' id='word_1_332' title='bbox 889 2725 955 2750; x_wconf 85' lang='lat' dir='ltr'>nec</span> <span class='ocrx_word' id='word_1_333' title='bbox 975 2714 1249 2752; x_wconf 81' lang='lat' dir='ltr'>Laclzmannus</span> <span class='ocrx_word' id='word_1_334' title='bbox 1269 2726 1386 2764; x_wconf 88' lang='lat' dir='ltr'>neque</span> <span class='ocrx_word' id='word_1_335' title='bbox 1406 2716 1509 2763; x_wconf 80' lang='lat' dir='ltr'>libri,</span> <span class='ocrx_word' id='word_1_336' title='bbox 1531 2727 1602 2752; x_wconf 90' lang='lat' dir='ltr'>om.</span> <span class='ocrx_word' id='word_1_337' title='bbox 1626 2716 1790 2753; x_wconf 79' lang='lat' dir='ltr'>Bolhius</span> 
     </span>
     <span class='ocr_line' id='line_1_43' title="bbox 349 2769 1790 2820; baseline 0.003 -16"><span class='ocrx_word' id='word_1_338' title='bbox 349 2769 527 2805; x_wconf 82' lang='lat' dir='ltr'>mederior</span> <span class='ocrx_word' id='word_1_339' title='bbox 547 2769 726 2818; x_wconf 70' lang='lat' dir='ltr'>Scccliyer</span> <span class='ocrx_word' id='word_1_340' title='bbox 819 2775 962 2818; x_wconf 87' lang='lat' dir='ltr'>potest,</span> <span class='ocrx_word' id='word_1_341' title='bbox 992 2782 1095 2808; x_wconf 82' lang='lat' dir='ltr'>corr.</span> <span class='ocrx_word' id='word_1_342' title='bbox 1123 2773 1161 2807; x_wconf 82' lang='lat' dir='ltr'>in</span> <span class='ocrx_word' id='word_1_343' title='bbox 1192 2772 1288 2819; x_wconf 90' lang='lat' dir='ltr'>potis</span> <span class='ocrx_word' id='word_1_344' title='bbox 1319 2776 1376 2808; x_wconf 86' lang='lat' dir='ltr'>est</span> <span class='ocrx_word' id='word_1_345' title='bbox 1403 2772 1511 2808; x_wconf 84' lang='lat' dir='ltr'>Flor.</span> <span class='ocrx_word' id='word_1_346' title='bbox 1607 2778 1692 2820; x_wconf 90' lang='lat' dir='ltr'>pote</span> <span class='ocrx_word' id='word_1_347' title='bbox 1723 2780 1790 2809; x_wconf 87' lang='lat' dir='ltr'>nce</span> 
     </span>
     <span class='ocr_line' id='line_1_44' title="bbox 268 2825 1788 2875; baseline 0.003 -14"><span class='ocrx_word' id='word_1_348' title='bbox 268 2825 428 2861; x_wconf 80' lang='lat' dir='ltr'>Botlzius</span> <span class='ocrx_word' id='word_1_349' title='bbox 530 2825 677 2863; x_wconf 83' lang='lat' dir='ltr'>relicere</span> <span class='ocrx_word' id='word_1_350' title='bbox 706 2827 797 2863; x_wconf 87' lang='lat' dir='ltr'>libri</span> <span class='ocrx_word' id='word_1_351' title='bbox 823 2825 1002 2875; x_wconf 80' lang='lat' dir='ltr'>relingcre</span> <span class='ocrx_word' id='word_1_352' title='bbox 1030 2833 1212 2864; x_wconf 81' lang='lat' dir='ltr'>suaserat</span> <span class='ocrx_word' id='word_1_353' title='bbox 1239 2828 1510 2865; x_wconf 72' lang='lat' dir='ltr'>Lachmannus</span> <span class='ocrx_word' id='word_1_354' title='bbox 1615 2828 1697 2866; x_wconf 87' lang='grc'>390</span> <span class='ocrx_word' id='word_1_355' title='bbox 1729 2829 1788 2865; x_wconf 88' lang='grc' dir='ltr'>Αη</span> 
     </span>
     <span class='ocr_line' id='line_1_45' title="bbox 264 2882 1570 2932; baseline 0.003 -16"><span class='ocrx_word' id='word_1_356' title='bbox 264 2882 459 2929; x_wconf 74' lang='lat' dir='ltr'>nequitur?</span> <span class='ocrx_word' id='word_1_357' title='bbox 560 2884 595 2919; x_wconf 91' lang='lat' dir='ltr'>ui</span> <span class='ocrx_word' id='word_1_358' title='bbox 628 2883 805 2932; x_wconf 73' lang='lat' dir='ltr'>Scaliyer</span> <span class='ocrx_word' id='word_1_359' title='bbox 834 2888 873 2919; x_wconf 90' lang='lat' dir='ltr'>ut</span> <span class='ocrx_word' id='word_1_360' title='bbox 904 2886 986 2921; x_wconf 83' lang='lat' dir='ltr'>cod.</span> <span class='ocrx_word' id='word_1_361' title='bbox 1072 2883 1162 2920; x_wconf 85' lang='lat' dir='ltr'>clam</span> <span class='ocrx_word' id='word_1_362' title='bbox 1194 2883 1372 2921; x_wconf 81' lang='lat' dir='ltr'>tendenda</span> <span class='ocrx_word' id='word_1_363' title='bbox 1402 2889 1459 2921; x_wconf 88' lang='lat' dir='ltr'>est</span> <span class='ocrx_word' id='word_1_364' title='bbox 1489 2886 1570 2922; x_wconf 84' lang='lat' dir='ltr'>cod.</span> 
     </span>
    </p>
   </div>
  </div>
 </body>
</html>
