1942 3204
223 180 279 223 54
666 200 670 204 -
862 180 906 220 Q,-
931 178 1109 212 Enmvs

926 281 968 326 V
1009 282 1036 326 2

226 363 313 406 265
346 362 483 413 Quium
515 361 595 403 tibi
626 375 677 403 ex
709 375 781 403 ore
814 279 1056 403 orationgnl
1084 358 1246 401 duriter
1277 355 1403 400 dietis
1435 357 1563 401 dedit:

906 448 971 491 VI
1003 445 1071 505 (4)

347 527 540 571 Saeuiter
572 524 860 582 suspicionem
890 525 1001 567 ferre
1031 524 1186 567 falsam
1217 523 1409 566 futtilum
1441 525 1517 566 est.

894 613 981 657 VH
1013 611 1080 670 (5)

347 693 421 735 'Vt
453 692 566 748 quod
597 691 759 734 factum
791 693 857 734 est
886 691 1047 746 futtile,
1078 690 1210 732 animi
1242 690 1319 732 uos
1351 688 1499 731 feratis
1530 688 1711 731 f6rtiter.

882 779 992 823 vm
1025 777 1092 836 (3)

348 856 427 900 'Ibi
459 860 551 900 tum
583 858 811 914 derepente
844 873 894 900 ex
926 858 1013 900 alto
1044 857 1091 899 in
1122 857 1257 899 {mltum
1288 852 1483 911 despexit
1513 868 1641 896 mare.

869 980 1110 1025 TELAMO

922 1058 943 1100 I
976 1056 1073 1115 (10)
1111 1099 1113 1101 .

908 1146 1084 1189 Telamo

350 1225 459 1282 'Ego
493 1226 617 1268 deum
650 1239 785 1282 genus
817 1226 908 1266 esse
941 1238 1106 1280 semper
1138 1221 1226 1266 dixi
1257 1225 1300 1266 et
1331 1222 1469 1265 dicam
1501 1221 1712 1276 caelitum,

235 1304 320 1345 270
354 1302 436 1345 Sed
468 1318 540 1345 eos
572 1317 661 1345 non
693 1296 840 1344 'curare
873 1301 1037 1357 opinor,
1068 1299 1171 1356 quid
1203 1302 1306 1357 agat
1334 1299 1572 1342 humanum
1603 1312 1759 1355 genus:

351 1379 466 1422 Nz'tm
498 1380 533 1422 si
565 1382 733 1435 curent,
769 1380 878 1422 bene
908 1378 1034 1421 bom's
1067 1378 1139 1435 sit,
1176 1378 1286 1420 1111118
1318 1377 1459 1432 malis,
1497 1375 1611 1432 quod
1642 1378 1758 1420 minc

1145 1455 1276 1497 abest.

303 1588 334 1619 V
358 1587 451 1620 Non.
469 1588 546 1629 512,
565 1588 586 1620 8
612 1587 811 1620 ‘duriter
834 1597 900 1630 pro
924 1585 1011 1619 dure
1036 1610 1044 1620 .
1059 1609 1068 1619 .
1082 1610 1091 1619 .
1113 1585 1255 1618 Ennius
1271 1583 1432 1617 Foenice
1455 1608 1485 1617 ..
1500 1586 1530 1617 .’
1557 1580 1616 1623 (In
1632 1582 1760 1615 Bamb.

235 1632 327 1666 nihil
352 1635 454 1666 extat
479 1636 628 1676 praeter
652 1631 743 1666 duas
767 1642 878 1666 uoces
902 1629 1099 1673 extremas)
1124 1629 1315 1664 Charisius
1339 1639 1372 1672 p.
1398 1630 1464 1662 178
1487 1629 1528 1662 P.
1553 1627 1761 1661 ‘duritem

235 1678 431 1711 Terentius
456 1678 494 1710 in
511 1677 691 1721 Adelphis
715 1702 722 1710 .
737 1702 745 1711 .
759 1702 767 1710 .
790 1677 854 1710 ubi
870 1676 1009 1710 Acron:
1035 1675 1234 1710 secundum
1253 1674 1496 1717 antiquorum,
1521 1673 1652 1716 inquit,
1677 1682 1761 1706 con-

237 1723 482 1756 suetudinem.
530 1723 624 1755 Nam
649 1726 688 1756 et
712 1723 852 1756 Ennius
877 1722 915 1755 in
940 1721 1124 1755 Phoenice
1146 1746 1153 1753 .
1168 1723 1220 1754 ..’
1247 1719 1457 1763 (poenice
1483 1718 1576 1760 cod.,
1601 1718 1696 1762 quod
1719 1727 1763 1750 ex

237 1769 400 1811 antiquis
424 1768 529 1801 libris
554 1778 724 1801 manasse
750 1768 882 1802 statuit
905 1767 973 1800 Th.
999 1767 1086 1810 Hug
1109 1766 1221 1799 Ennii
1245 1775 1330 1798 ann.
1357 1764 1485 1807 fragm.
1511 1774 1546 1806 p.
1573 1763 1628 1804 16)

327 1814 379 1847 VI
403 1813 494 1847 Non.
521 1814 598 1851 511.
618 1815 639 1847 5
664 1813 892 1847 ‘saeuiter
915 1823 981 1856 pro
997 1822 1108 1846 saeue
1209 1810 1348 1843 Ennius
1368 1810 1504 1842 Fonice
1527 1811 1602 1842 ...²
1628 1807 1761 1850 (Foe-

238 1859 337 1892 nice
363 1857 508 1900 Bamb.)
602 1859 672 1892 VII
695 1859 788 1891 Non.
814 1859 897 1896 514,
924 1859 965 1891 13
990 1856 1188 1896 ‘futtile,
1214 1855 1398 1890 futtiliter.
1434 1854 1575 1887 Ennius
1598 1853 1761 1886 Foenice

244 1906 318 1938 ...’
402 1904 492 1938 VIII
516 1903 609 1937 Non.
636 1905 719 1943 518,
745 1905 766 1937 5
791 1903 1056 1946 ‘derepente
1156 1901 1297 1934 Ennius
1321 1899 1505 1933 Poenicae
1530 1901 1603 1932 ...’
1629 1896 1762 1940 (Phe-

239 1950 346 1982 nice
372 1948 515 1990 Bamb.)
562 1949 632 1981 His
650 1948 735 1981 addi
758 1951 912 1991 possunt
935 1948 1007 1980 inc.
1028 1957 1123 1980 nom.
1140 1945 1262 1979 XXVI
1287 1948 1324 1978 et
1347 1945 1418 1977 inc.
1438 1944 1510 1978 inc.
1528 1944 1604 1977 fab.
1624 1942 1760 1977 CXVII

329 2006 489 2038 TELAMO
515 2006 533 2038 1
557 2005 688 2038 Cicero
714 2004 758 2039 de
782 2005 854 2038 diu.
875 2005 914 2038 II
939 2005 994 2046 50,
1022 2004 1086 2037 104
1111 2006 1179 2035 ‘an
1204 2006 1325 2036 noster
1350 2001 1515 2034 Ennius?
1541 2001 1604 2043 qui
1628 2010 1761 2043 magno

240 2051 371 2093 plausu
395 2050 557 2092 loquitur
586 2050 812 2083 assentiente
846 2049 979 2093 populo
1008 2046 1100 2091 [269.
1126 2046 1222 2090 270}
1270 2047 1318 2079 Et
1343 2046 1489 2090 quidem
1520 2055 1583 2079 cur
1606 2046 1660 2079 sic
1684 2045 1761 2088 opi-

239 2101 360 2135 netur,
394 2096 575 2129 rationem
606 2095 753 2130 subicit.
803 2095 876 2128 Sed
908 2094 999 2127 nihil
1032 2097 1089 2127 est
1119 2103 1272 2127 necesse
1304 2092 1428 2126 dicere
1453 2102 1546 2134 quae
1571 2094 1763 2124 secuntur:

240 2144 382 2174 tantum
408 2143 466 2174 sat
489 2143 546 2174 est
568 2140 755 2183 intellegi,
786 2140 824 2173 id
848 2149 990 2174 sumere
1019 2139 1112 2172 istos
1137 2149 1202 2182 pro
1227 2140 1347 2177 certo,
1380 2136 1476 2180 quod
1500 2136 1648 2170 dubium
1675 2146 1762 2169 con-

240 2190 516 2229 trouersumque
543 2186 618 2219 sit.’
658 2186 760 2219 Idem
784 2186 829 2219 de
853 2189 929 2218 nat.
956 2184 1053 2218 deor.
1080 2185 1135 2217 111
1159 2185 1219 2222 32.
1245 2185 1288 2217 79
1314 2182 1517 2216 ‘Telamo
1542 2184 1666 2215 autem
1690 2191 1762 2214 uno

240 2242 351 2265 uersu
376 2234 493 2265 totum
518 2231 637 2264 locum
663 2231 823 2272 conficit,
848 2241 912 2264 cur
936 2230 973 2263 di
997 2229 1161 2263 homines
1185 2229 1389 2272 neglegant
1414 2224 1543 2271 [271].’
1590 2226 1692 2261 Idem
1717 2225 1763 2260 de

243 2276 319 2311 diu.
344 2277 361 2310 1
387 2278 448 2318 58,
477 2278 540 2310 132
566 2276 627 2319 (cf.
653 2276 705 2318 11)

253 2420 381 2457 Vrbin.
405 2419 486 2457 308
564 2419 723 2468 linguam
747 2419 869 2455 Basil.
902 2417 1024 2467 lingua
1045 2420 1167 2455 ceteri
1184 2418 1275 2454 libri
1351 2414 1432 2454 265
1455 2414 1517 2451 tibi
1538 2425 1642 2463 quam
1665 2414 1761 2461 Gep-

239 2481 376 2525 pertus
405 2477 452 2512 de
476 2487 593 2523 pron.
626 2474 704 2512 113
824 2474 904 2513 266
935 2472 1174 2522 suspitionem
1205 2473 1339 2510 Bamb.
1394 2471 1454 2520 Cf.
1486 2470 1764 2508 Fleckeisenus

243 2533 342 2570 Mus.
374 2533 496 2569 Rhea.
541 2532 638 2569 VIII
661 2543 702 2578 p.
735 2531 815 2568 225
846 2542 947 2580 sqq.,
981 2532 1258 2579 quinquaqinta
1289 2531 1402 2566 artic.
1434 2528 1603 2576 ortboqr.
1629 2538 1672 2574 p.
1694 2525 1762 2572 30,

243 2590 313 2626 sed
341 2594 478 2626 contra
513 2587 722 2625 Corssenus
752 2589 868 2636 symb.
899 2589 984 2624 crit.
1019 2586 1070 2624 15
1101 2598 1155 2634 sq.
1188 2591 1224 2623 et
1254 2586 1434 2624 additam.
1473 2583 1528 2622 50
1555 2594 1634 2632 sq.,
1677 2585 1764 2620 item

247 2645 440 2693 Berylcius
475 2645 612 2682 Philol.
653 2644 838 2682 XXVIII
873 2642 975 2691 448,
1014 2645 1079 2680 cui
1113 2643 1309 2691 respondit
1348 2641 1630 2678 Brambachius
1666 2650 1762 2676 mus.

249 2701 368 2738 then.
401 2701 506 2739 XXI
517 2701 545 2738 V
573 2701 676 2748 539,
708 2702 777 2737 sed
804 2711 880 2738 non
909 2704 950 2736 uc
979 2700 1093 2737 buius
1121 2701 1342 2747 scripturae
1370 2699 1572 2735 ueritatem
1599 2706 1763 2744 persua-

245 2760 349 2795 serit.
439 2757 598 2794 futtilum
630 2758 734 2794 Leid.
767 2756 910 2794 rutilum
941 2758 1063 2793 ceteri
1089 2756 1180 2793 libri
1292 2754 1373 2792 267
1404 2753 1507 2790 sutile
1536 2753 1671 2789 Bamb.

246 2815 352 2850 animi
381 2816 533 2861 scripsi.
563 2814 665 2850 amici
684 2814 775 2851 libri
859 2823 927 2850 uos
957 2812 1080 2849 feratis
1110 2813 1168 2849 ed.
1193 2823 1259 2860 pr.
1291 2822 1358 2848 uos
1390 2810 1538 2847 fueratis
1565 2810 1657 2847 libri
1682 2810 1763 2857 ple-

246 2873 356 2919 rique
387 2881 459 2907 non
490 2869 671 2907 rueramus
701 2870 831 2908 Palat.
860 2880 927 2906 nos
957 2868 1112 2906 feramus
1141 2869 1200 2906 ed.
1232 2867 1341 2906 1480
