1942 3204
181 266 371 304 affluet,
389 274 463 307 quo
480 264 562 307 quie
579 263 746 296 cruciatu
763 261 883 306 perbi-

180 312 280 344 teret
290 306 393 343 Emt.
410 310 530 351 lum
549 318 593 342 ne
607 308 667 341 oui
680 317 885 351 cognoscar

180 353 260 390 Aa.
277 355 345 388 284
368 365 414 389 ea
437 355 467 388 ei
491 355 550 388 eui
575 355 612 388 in
636 363 762 387 somno
788 353 884 386 acei-

180 399 272 434 dunt
294 398 372 434 Att.
392 402 512 443 praet.
540 402 583 434 30
607 399 638 432 εἰ
666 399 762 433 cuist
781 395 882 431 Erm.

183 446 249 480 184
261 444 310 488 (*)
348 446 403 479 uti
436 447 496 479 cui
535 446 694 488 quicque
734 444 880 478 obuiam

150 498 157 502 '
179 490 320 525 Fuerat
350 489 427 524 Att.
452 492 519 524 262
550 494 592 523 ut
617 500 723 533 quem
749 489 881 532 cuique

179 535 311 570 tribuit
334 537 483 570 fortuna
499 535 662 569 ordinem
683 533 763 569 Att.
781 534 825 569 98
850 534 882 567 ei

181 591 288 625 quam
312 580 434 618 Naeu.
460 583 482 616 8
506 591 551 615 ne
578 580 663 624 quid
692 604 723 614 ..
750 579 882 613 aduor-

181 637 244 663 ωε
265 627 349 661 fuas
366 625 454 661 Liu.
472 628 516 661 23
533 627 606 660 nisi
625 625 710 669 quid
734 649 742 658 .
757 649 765 658 .
787 625 884 658 tulat

181 682 288 716 opem
308 671 384 707 Art.
405 671 495 706 102*
512 671 596 705 dum
616 670 710 715 quod
728 670 882 704 sublime

188 743 220 752 ..
251 727 379 752 saxum
402 715 478 751 Att.
507 718 573 751 396
598 718 629 749 si
655 726 727 760 qua
758 741 789 750 ..
820 716 884 748 uia

181 761 274 798 Pac.
298 765 361 798 100
385 764 415 796 ei
441 773 514 807 qua
537 787 567 796 ..
590 762 702 795 lintre
719 759 791 795 inc.
811 759 883 795 inc.

180 806 255 850 fab.
292 810 336 843 90
372 809 403 842 si
446 808 507 852 qui
543 807 730 851 sapientia
767 807 885 850 magis

179 857 308 888 uestra
332 863 428 888 mors
453 854 612 887 deuitari
638 855 758 896 potest
782 849 885 888 Eun,

181 901 250 934 320
267 900 299 932 ai
315 899 379 943 qui
409 924 418 933 .
439 925 447 932 .
477 899 694 943 prouideant
709 896 802 932 Pac.
820 898 886 931 407

181 945 254 979 nisi
279 955 372 989 quas
402 970 409 977 .
425 971 432 979 .
464 948 612 987 strages
635 942 713 978 Att.
741 943 806 976 399

139 991 373 1035 quispiam
399 989 470 1024 inc.
495 988 569 1023 inc.
595 987 670 1031 fab.
695 990 761 1022 257

139 1037 374 1080 quisquam
404 1034 480 1069 Att.
513 1036 579 1068 217
616 1035 681 1068 262
718 1035 784 1068 285
820 1034 887 1067 318

182 1082 250 1115 418
273 1082 340 1116 466
363 1082 431 1115 685
462 1082 493 1114 ei
523 1080 714 1123 quisquam
739 1089 796 1112 me
827 1082 885 1111 ta-

183 1127 240 1170 git
268 1125 360 1161 Pae.
390 1128 457 1160 344
488 1126 658 1168 cuiquam
693 1125 886 1167 quisquam

183 1171 377 1216 quicquam
402 1174 627 1250 quomfflm
640 1168 656 1186 *
694 1169 855 1213 quidque
868 1167 885 1186 *

183 1217 383 1252 conueniat
394 1220 509 1261 neget
584 1225 620 1249 n.
635 1216 703 1249 400
717 1217 885 1258 cuiquam

181 1261 262 1299 Διΐ.
286 1263 354 1296 228
376 1260 450 1297 inc.
473 1260 546 1297 inc.
571 1259 646 1303 fab.
670 1262 733 1293 122
759 1270 884 1304 quem-

185 1318 292 1351 quam
309 1306 403 1342 Pac.
419 1308 486 1342 316
509 1304 588 1342 Att.
606 1307 671 1340 312
695 1307 762 1340 488
788 1305 887 1348 quid-

183 1363 291 1397 quam
304 1351 399 1389 Pac.
416 1354 483 1387 325
497 1354 692 1396 quicquam
708 1349 787 1385 Att.
799 1348 886 1384 422*

184 1400 382 1442 quicquam
399 1399 545 1432 sincere
564 1401 698 1431 sonunt
709 1394 811 1431 Enn.
826 1394 888 1429 69*

138 1446 180 1477 ut
211 1444 403 1488 quisque
439 1446 497 1476 est
531 1442 683 1475 meritus
713 1439 834 1475 Naeu.
866 1442 887 1474 9

185 1499 291 1532 quem
317 1489 472 1532 quisque
499 1488 577 1521 odit
600 1484 700 1520 Erm.
727 1488 794 1521 379
823 1496 887 1530 pro

188 1545 227 1568 se
252 1534 409 1578 quisque
434 1531 512 1568 Att.
530 1534 597 1567 445
622 1533 679 1565 uti
703 1532 761 1566 cui
787 1531 888 1574 quie-

186 1589 255 1622 que
282 1580 426 1613 obuiam
452 1579 595 1612 Fuerat
621 1576 700 1611 Att.
727 1575 825 1611 262*
849 1579 890 1609 ut

186 1635 294 1668 quem
324 1625 455 1668 cuique
487 1624 619 1658 tribuit
649 1647 658 1657 .
680 1647 688 1656 .
724 1622 888 1655 ordinem

185 1668 264 1704 Att.
279 1671 324 1705 98
337 1671 469 1713 quique
484 1669 579 1703 scito
594 1671 703 1712 opust
714 1666 835 1701 Naeu.
845 1668 886 1700 61

184 1713 285 1750 adde
308 1725 457 1759 quaque

142 1761 289 1803 mulier,
340 1760 530 1803 unquis
550 1769 595 1796 ,εει
613 1756 701 1792 Liu.
719 1760 763 1793 36
788 1757 889 1801 quid·

187 1806 276 1849 quid
299 1770 405 1839 ,gam-
431 1806 497 1839 375
520 1802 613 1839 Pac.
640 1806 685 1837 90
824 1832 826 1835 ,

141 1852 307 1939 ‘1¹¹.⁰)}¹³³
323 1851 438 1885 exitio
453 1849 544 1885 Pac.
561 1850 628 1883 288
643 1847 734 1883 uide
758 1850 890 1892 quouis

186 1906 227 1930 m
247 1905 302 1931 ra.

142 1953 224 1986 quo
255 1939 359 1984 (adu.
390 1939 471 1982 rel.)
504 1938 592 1974 Liu.
625 1942 667 1974 37
697 1937 798 1975 Eun.
823 1941 887 1973 311

186 1986 279 2022 Pac.
321 1983 410 2037 368]
433 1987 500 2020 370
523 1984 600 2020 Att.
626 1983 702 2019 62*

142 2043 226 2076 qno
252 2031 297 2074 ἴα
327 2041 365 2066 u.
393 2031 538 2073 interr.)
563 2028 665 2067 Enn.
695 2032 716 2063 4
748 2031 790 2064 77
821 2031 885 2063 231

185 2076 277 2112 Pac.
304 2075 401 2112 325*
423 2075 503 2112 Art.
529 2078 591 2111 311
618 2074 690 2110 inc.
716 2074 789 2110 inc.
812 2073 887 2118 fab.

189 2125 229 2156 12
260 2133 332 2166 quo
362 2133 420 2156 me
450 2121 675 2156 ostendam?
710 2119 790 2155 Att.
822 2122 887 2154 232

187 2178 256 2210 quo
281 2167 429 2202 deorum
455 2167 654 2211 segnitasz
669 2164 746 2200 Att.
768 2168 888 2210 praet.

188 2215 207 2246 7
245 2212 360 2256 quod
404 2210 444 2254 (i.
483 2221 511 2246 e.
547 2211 632 2256 quo)
677 2213 889 2255 reeeptast?

188 2256 280 2293 Pac.
307 2258 375 2292 225
399 2255 488 2292 uide
513 2267 670 2300 quonam

143 2303 259 2347 quid?
284 2301 396 2346 quod
430 2301 521 2336 Pac.
553 2301 647 2337 143*
677 2312 803 2346 parum
834 2304 891 2335 est

189 2347 287 2391 quod
323 2346 415 2382 Pac.
451 2349 518 2382 277
555 2347 650 2381 adde
686 2347 758 2381 huc
795 2347 889 2391 quod

188 2391 268 2426 Act.
306 2395 373 2427 209
415 2393 503 2436 quid
540 2394 635 2427 istuc
676 2396 749 2433 eet,
792 2392 890 2435 quod

188 2437 267 2471 Att.
303 2440 370 2473 300
408 2437 498 2472 illud
543 2439 641 2481 quod
678 2438 790 2472 miser
832 2441 891 2471 est

188 2481 266 2517 Att.
305 2484 372 2517 345
414 2483 508 2526 quod
553 2484 743 2517 dexterum
780 2482 890 2527 Cepit

190 2539 334 2562 cursum
373 2553 381 2562 .
401 2553 411 2563 .
447 2528 700 2572 pulcherrume
726 2528 890 2572 Augura-

191 2578 303 2608 tumet
325 2570 403 2607 Act.
426 2575 543 2616 praet.
567 2575 611 2608 36
635 2584 708 2607 non
733 2584 887 2607 comme-

190 2629 289 2652 moro
314 2618 408 2661 quod
440 2644 447 2651 .
462 2643 470 2651 .
500 2629 571 2651 non
597 2619 692 2662 quod
717 2617 790 2652 inc.
814 2617 887 2652 inc.

190 2662 264 2706 fab.
291 2666 355 2697 172
378 2673 432 2707 sq.
461 2665 596 2697 uirtuet
632 2689 639 2697 .
661 2688 669 2696 .
709 2663 805 2706 quod
829 2674 889 2697 ex-

188 2709 319 2753 pulisti
354 2707 428 2743 inc.
463 2707 535 2742 inc.
574 2706 650 2750 fab.
690 2710 754 2743 199
795 2708 890 2751 quod

190 2754 319 2796 (caus.)
344 2752 420 2788 Att.
438 2755 556 2796 praet.
579 2755 601 2788 8
625 2751 695 2788 inc.
720 2752 791 2787 im.
816 2751 890 2795 fab.

190 2801 235 2832 54
259 2797 343 2842 (bis)
379 2801 442 2848 ¹²5²
536 2799 632 2842 quod
657 2800 688 2832 si
711 2797 793 2832 Aa.
819 2798 891 2832 13·

191 2843 286 2886 quod
317 2844 386 2879 nisi
419 2842 490 2879 inc.
522 2842 592 2879 inc.
623 2842 696 2886 fab.
721 2845 764 2878 28
796 2843 891 2887 quod

678 162 759 211 qula
787 180 844 188 —
873 159 1129 199 reconcilletur
1157 188 1170 199 .

1582 148 1668 196 345

966 261 1005 295 nl
1029 258 1101 295 inc.
1133 258 1205 295 inc.
1238 258 1312 302 sab.
1339 261 1383 293 58
1408 259 1502 303 quod
1528 259 1665 292 utinam

965 305 1044 340 Att.
1069 307 1112 340 52
1163 305 1233 339 uod
1259 309 1297 339 te
1323 306 1478 339 obsecro
1504 303 1581 339 Att.
1601 306 1668 339 555

921 362 1049 395 quom
1074 317 1178 394 (wige
1202 351 1297 392 cnm)

921 407 1107 441 quonam
1132 394 1223 431 Pac.
1251 398 1315 429 134

920 442 1137 487 quondam
1174 439 1296 486 Naeu.
1331 443 1370 474 11
1413 439 1493 474 Ate.
1533 443 1599 474 212
1620 440 1666 483 (¹2)

958 489 1078 532 praet.
1106 489 1148 521 14
1170 485 1242 521 ine.
1267 485 1340 520 inc.
1364 484 1438 527 fab.
1467 488 1531 519 108
1559 488 1618 519 131

921 533 1128 578 quoniam
1151 530 1245 567 Pac.
1268 534 1335 566 392
1359 530 1437 565 Att.
1465 533 1529 564 120
1547 533 1666 574 praet.

968 581 1007 613 17
1032 577 1126 614 Pac.
1157 579 1222 612 134
1236 576 1283 619 (·)

921 634 1098 668 quoque
1122 621 1215 657 Pac.
1238 624 1305 656 259

921 680 1127 714 quorsum
1143 667 1234 703 Pac.
1253 670 1316 702 152
1334 669 1400 701 226
1418 677 1569 712 quonum
1588 664 1666 700 Att.

961 716 1080 758 praet.
1108 715 1149 748 12
1162 712 1180 731 *

923 764 1032 804 quot
1054 758 1134 794 Att.
1162 758 1257 793 100*
1477 782 1483 788 -

923 805 1081 849 quouis
1105 805 1269 849 gentium
1293 803 1373 838 Att.
1401 805 1466 838 599

922 898 1083 931 rabere
1107 893 1210 931 Erm.
1236 897 1279 930 39

924 942 1148 975 radiatum
1174 941 1295 974 lumen
1319 939 1399 977 Att.
1417 941 1483 974 584
1506 938 1578 973 inc.
1594 938 1668 974 inc.

967 985 1041 1029 fab.
1055 988 1099 1021 48
1112 987 1236 1020 orbem
1249 987 1452 1020 flammeum
1471 985 1670 1020 Radiatum

968 1032 1056 1067 solie
1078 1030 1157 1068 Att.
1177 1034 1298 1075 praet.
1321 1033 1366 1066 28

923 1078 1148 1111 radiorum
1176 1078 1367 1110 ardentum
1391 1074 1469 1110 Att.
1496 1078 1563 1110 493

924 1123 1106 1157 radices
1122 1121 1207 1156 >Ata
1234 1125 1297 1156 401

924 1168 1093 1202 scatebra
1102 1168 1237 1202 fluuiae
1252 1167 1371 1202 radit
1386 1178 1509 1211 rupem
1518 1165 1672 1202 Att.505

924 1214 1030 1247 rami
1056 1212 1128 1247 inc.
1153 1211 1224 1247 ine.
1250 1211 1323 1255 fab.
1353 1215 1416 1246 135

924 1259 1086 1303 rapide
1110 1257 1202 1294 Pae.
1227 1257 1323 1293 333*

924 1304 1107 1349 rapidas
1132 1305 1250 1337 undae
1274 1302 1353 1337 Att.
1378 1305 1444 1337 297

924 1350 1094 1383 manibus
1131 1360 1290 1393 rapere
1327 1348 1463 1382 raudus
1492 1347 1570 1382 Att.
1603 1349 1670 1381 438

970 1396 1094 1428 uentis
1119 1395 1309 1439 expulsum
1335 1395 1415 1437 rapi
1434 1394 1569 1428 Saxum
1592 1391 1669 1429 Att.

970 1441 1036 1474 396
1067 1441 1186 1483 rapite
1209 1438 1300 1474 Pac.
1325 1441 1392 1473 350
1422 1439 1543 1483 rapite
1570 1439 1670 1482 agite

970 1486 1068 1519 ruite
1092 1483 1165 1519 inc.
1190 1483 1262 1521 inc.
1286 1482 1361 1527 fab.
1378 1485 1444 1518 218
1471 1485 1590 1517 amnis
1613 1495 1671 1516 ee-

970 1531 1060 1565 lerie
1084 1541 1124 1564 ra
1153 1532 1181 1564 it
1196 1528 1318 1564 Naeu.
1335 1532 1378 1563 42
1403 1530 1502 1573 rapit
1525 1540 1569 1563 ex
1595 1529 1673 1562 alto

971 1586 1086 1610 naues
1160 1585 1208 1609 m.
1226 1578 1269 1609 74
1294 1576 1444 1619 rapiunt
1467 1585 1533 1618 per
1556 1574 1674 1608 undas

971 1631 1098 1655 currus
1121 1620 1192 1656 inc.
1210 1620 1282 1656 inc.
1299 1619 1377 1662 fab.
1403 1622 1467 1654 196
1481 1619 1498 1638 *
1524 1620 1674 1653 exitium

972 1677 1126 1700 examen
1150 1667 1250 1710 rapit
1277 1664 1380 1700 Eom.
1406 1668 1447 1700 51
1481 1665 1597 1699 oculis
1629 1690 1638 1699 .
1658 1689 1667 1699 .

973 1713 1095 1746 lumen
1127 1737 1164 1746 ..
1196 1722 1289 1756 «rape
1320 1709 1393 1746 inc.
1422 1709 1495 1746 inc.
1528 1708 1602 1752 fab.
1628 1711 1672 1743 48

973 1767 1117 1791 cursum
1146 1758 1216 1791 huc
1240 1757 1447 1790 celeranter
1471 1757 1570 1799 rapit
1593 1753 1671 1790 Att.

973 1805 1038 1837 123
1062 1805 1211 1847 sonipes
1235 1803 1379 1846 rapitur
1401 1800 1472 1836 inc.
1498 1799 1570 1835 inc.
1597 1799 1672 1842 fab.

971 1850 1036 1882 237
1064 1849 1223 1882 amentia
1249 1849 1373 1891 rapior
1398 1847 1568 1890 ferorque
1594 1844 1671 1879 Aet.

971 1895 1039 1928 450
1068 1905 1108 1927 ra
1138 1894 1186 1927 tis
1222 1897 1394 1927 nanctust
1425 1892 1564 1936 nuptiis
1600 1890 1672 1926 inc.

971 1937 1043 1974 inc.
1067 1936 1110 1981 fa
1134 1964 1142 1972 .
1169 1940 1233 1972 109

927 1986 1160 2028 raptarier
1182 1981 1284 2018 Enn.
1311 1985 1354 2017 92

926 2034 1133 2063 rarenter
1157 2027 1247 2063 Liu.
1273 2030 1317 2062 24
1339 2026 1443 2062 Eme.
1470 2030 1513 2062 67

926 2075 1039 2109 litora
1063 2085 1165 2108 rara
1188 2073 1266 2108 Att.
1292 2075 1359 2108 526

927 2124 1065 2154 ratem
1089 2118 1180 2156 Pac.
1206 2118 1302 2155 333*
1334 2119 1497 2163 rep(ulso
1530 2120 1674 2153 ratibus

979 2191 1009 2199 ..
1041 2166 1156 2207 mare)
1183 2164 1252 2199 inc.
1277 2163 1349 2199 inc.
1379 2163 1454 2206 fab.
1480 2167 1501 2198 3
1532 2165 1675 2198 ratibus

973 2211 1188 2255 repentibus
1213 2209 1285 2244 inc.
1301 2209 1373 2244 inc.
1391 2208 1467 2252 fab.
1490 2211 1556 2242 225
1580 2207 1625 2251 cf.
1651 2211 1673 2241 4

928 2258 1148 2291 rationem
1178 2267 1333 2299 aequam
1370 2254 1449 2288 Att.
1479 2257 1547 2288 476
1582 2265 1673 2287 uera

973 2303 1116 2336 ratione
1143 2311 1314 2344 augurem
1339 2299 1417 2336 Ate.
1441 2301 1484 2334 87

927 2347 1092 2381 raudus
1117 2357 1267 2380 saxeum
1298 2344 1376 2380 Att.
1402 2344 1494 2379 438*
1518 2343 1565 2386 cf.
1590 2343 1675 2378 263*

927 2404 971 2426 re
995 2403 1104 2436 apee
1122 2390 1212 2427 Pac.
1230 2393 1274 2424 26
1292 2401 1380 2424 usus
1398 2402 1436 2423 re
1455 2401 1545 2434 apse
1564 2401 1674 2434 expe-

972 2437 1102 2471 riundo
1129 2437 1257 2471 edocet
1280 2435 1371 2470 Pac.
1391 2438 1458 2470 374

926 2494 943 2517 r
953 2481 1672 2570 ⁶³2³&ss1²53?3853513‘3312553221’0‘233?

970 2572 1045 2615 fab.
1063 2575 1130 2607 258
1146 2584 1216 2617 quo
1235 2574 1450 2616 receptast?
1471 2570 1566 2604 Pac.
1583 2569 1674 2604 225*

973 2618 1179 2662 sepulcrum
1205 2629 1274 2660 quo
1299 2617 1458 2660 recipiat
1481 2614 1582 2651 Eun.
1608 2617 1669 2650 311

927 2666 1187 2707 reciprocat
1204 2663 1336 2695 fluctus
1355 2663 1470 2696 feram
1489 2658 1592 2694 Enn.
1611 2662 1674 2694 104

972 2715 1090 2743 ratem
1117 2709 1357 2752 Reciprocare
1382 2705 1474 2740 Pac.
1498 2708 1565 2746 334

928 2755 1160 2798 reciproca
1190 2778 1220 2787 ..
1254 2753 1328 2786 tela
1352 2750 1429 2787 Aa.
1455 2753 1522 2785 545

927 2800 1018 2832 iram
1050 2824 1081 2833 ..
1114 2798 1337 2831 recludam
1362 2794 1463 2830 Eun.
1489 2798 1555 2829 229

929 2844 1256 2879 reconcilietur
1279 2840 1379 2876 Eme.
1406 2842 1471 2875 196
