1942 3204
1573 152 1596 177 Ο

800 223 843 259 L.
870 224 1043 260 A'r‘rlvs
1613 224 1687 267 161

830 330 919 374 VII
975 332 996 374 1

156 407 240 452 195
270 407 428 465 ‘Atque
460 408 522 451 ita
554 408 606 452 de
638 409 723 451 illis
756 409 910 466 merui,
947 329 1119 452 1(1t)iure
1150 409 1257 452 haec
1295 413 1533 466 numquam
1573 410 1695 452 mise-

1230 488 1377 530 rarent
1410 488 1535 530 mala.

806 587 1042 633 ATREVS

902 666 950 710 Ia

271 743 412 788 Schol.
433 744 487 788 ad
508 743 651 787 Ouidii
670 743 770 787 Ibin
789 760 829 787 u.
849 744 934 788 427
956 760 998 801 p.
1017 745 1104 787 468
1124 744 1260 787 Merk.
1293 745 1554 789 ‘Thiestes
1587 761 1696 789 cum

151 837 308 865 uxore
350 822 535 866 fratris
580 822 657 865 sui
700 821 849 865 Atrei
893 823 1176 866 concubuit
1220 826 1269 865 et
1313 825 1497 880 genuit
1540 840 1598 867 ex
1639 841 1696 868 ea

150 899 315 943 filios:
353 915 480 957 quos
517 899 706 943 Atreus
750 900 894 943 dedit
935 900 1036 957 ipsi
1077 900 1279 943 Thiesti
1323 902 1383 944 ad
1427 903 1693 946 comeden-

151 977 282 1021 dum:
314 978 447 1035 quod
479 979 647 1021 scelus
680 979 756 1021 sol
788 978 971 1021 uidens
1002 981 1142 1022 retro
1174 979 1324 1036 fugit.
1368 981 1417 1022 ut
1442 980 1547 1023 dicit
1578 980 1693 1023 Sta-

151 1056 255 1100 tius
292 1056 345 1099 in
381 1057 671 1114 tragoediis
708 1059 752 1099 et
783 1056 949 1100 Ouidiis
980 1056 1221 1100 Metamor.'
1279 1057 1364 1101 Pro
1396 1072 1447 1101 eo
1480 1059 1595 1114 quod
1628 1062 1693 1101 est

152 1131 352 1177 Statius
383 1134 615 1192 legendum
635 1149 727 1180 esse
747 1134 928 1178 Attius
948 1135 1130 1192 conjeci,
1162 1135 1199 1178 si
1218 1135 1347 1179 modo
1367 1136 1473 1179 fides
1493 1136 1695 1180 habenda

149 1213 216 1255 est
245 1211 464 1256 nebuloni.

904 1291 954 1335 Ῑι)

272 1367 448 1413 Seruius
480 1369 527 1412 in
558 1368 667 1413 Aen.
686 1369 797 1413 VIII
819 1370 903 1412 130
935 1370 1031 1413 ‘alii
1061 1370 1124 1412 ita
1154 1370 1335 1413 tradunt
1367 1369 1612 1428 Steropes
1644 1375 1693 1415 et

151 1445 391 1491 Atlantis
421 1447 568 1506 fili-os
594 1443 907 1506 Oenomaum
937 1450 988 1490 et
1012 1447 1199 1491 Maiam
1229 1448 1412 1505 fuisse,
1444 1449 1693 1493 Oenomai

150 1523 547 1581 Hippodamiam
589 1524 777 1582 filiam,
821 1525 953 1568 unde
990 1525 1181 1569 Atreus
1219 1529 1394 1582 natus3
1439 1529 1491 1569 at
1527 1527 1693 1570 Maiae

149 1602 299 1645 filius
324 1602 629 1659 Mercurius,
661 1617 717 1645 ex
750 1618 847 1659 quo
873 1602 1117 1661 Arcades,
1149 1604 1207 1647 de
1233 1605 1418 1661 quibus
1443 1604 1695 1662 Euander,

152 1679 267 1735 quod
298 1678 457 1723 Accius
488 1681 535 1723 in
565 1679 702 1724 Atreo
733 1680 903 1737 plenius
934 1681 1093 1724 refert.’

853 1764 898 1807 II
929 1762 999 1822 (5)

270 1839 406 1884 Simul
439 1843 483 1885 et
514 1842 666 1886 Pisaea
696 1843 889 1899 praemia
921 1844 1094 1899 arrepta
1125 1844 1151 1886 zi
1183 1859 1308 1887 socru
1340 1843 1535 1900 possedit
1569 1860 1647 1887 suo

823 1919 890 1962 III
924 1918 1020 1978 (13)

373 2025 380 2031 -
845 1997 1006 2040 Atreus

271 2074 436 2118 Iterum
467 2074 678 2132 Thyestes
709 2074 906 2118 'Atreum
938 2075 1230 2119 adtractatum
1261 2077 1458 2134 aduenit,
1535 2106 1552 2121 .

247 2182 317 2216 vll
334 2183 426 2218 Non.
443 2184 523 2224 4⁷0,
541 2184 585 2216 22
611 2183 902 2217 ‘miser-arent
926 2194 992 2227 pro
1009 2185 1285 2220 miserarentur.
1310 2184 1445 2218 Accius
1463 2185 1689 2218 Athamante

162 2230 238 2262 ...⁹
263 2227 552 2271 (Athanante
576 2229 723 2271 Bamb.)

242 2274 394 2308 Aruvs
419 2274 455 2307 11
481 2274 695 2308 Priscianus
720 2274 771 2308 VI
795 2285 830 2319 p.
854 2276 921 2310 698
945 2275 987 2311 Ρ.
1014 2276 1279 2309 ‘uetustissimi
1302 2279 1426 2310 tamen
1451 2277 1690 2310 communiter

153 2318 214 2352 hic
245 2322 284 2352 et
316 2319 411 2353 haec
444 2329 606 2354 socrus
636 2320 902 2364 proferebant)
1019 2321 1077 2355 111
1108 2321 1240 2355 Cicero
1266 2321 1311 2355 de
1336 2326 1429 2355 orat.
1453 2322 1509 2354 111
1533 2324 1594 2360 58.
1621 2323 1689 2355 218

154 2364 300 2398 ‘alind’
327 2364 444 2408 (uocis
469 2375 586 2410 genus
609 2366 682 2401 sibi
707 2365 832 2411 sumit)
859 2367 954 2401 ‘uim
987 2370 1216 2406 contentum,
1247 2367 1467 2410 uehemens,
1494 2368 1689 2401 imminens

151 2487 243 2527 libri
267 2488 444 2536 plerique
474 2485 616 2524 hostem
647 2497 760 2536 graue
787 2487 959 2536 peperisti
982 2487 1111 2525 Palat.
1144 2488 1306 2538 egregiis
1338 2487 1597 2524 hostimentum
1628 2499 1689 2536 pe-

152 2543 277 2593 peristi
308 2554 420 2593 graue
442 2542 598 2581 Grotius
618 2543 879 2581 hostimentum
900 2544 1075 2593 peperisti
1096 2550 1236 2593 gratum
1269 2543 1417 2591 (melius
1439 2549 1527 2582 erat
1547 2551 1687 2593 guantum

152 2600 339 2649 peperisti)
369 2605 407 2637 et
436 2610 550 2650 graue
572 2599 768 2650 Beryltius
786 2602 813 2639 l.
834 2602 861 2638 l.
895 2602 1153 2638 hostimentum
1187 2602 1358 2650 peperisti
1391 2612 1503 2650 graue
1526 2601 1690 2638 Bollu'us

267 2656 348 2695 195
378 2658 583 2695 miserat-em
614 2657 780 2696 Bothius
868 2658 948 2696 196
979 2659 1137 2707 praemia
1167 2657 1290 2694 Pisaea
1333 2658 1487 2695 Vossius
1564 2662 1687 2705 erepta

153 2713 249 2763 Req.
282 2712 333 2763 (in
362 2725 434 2763 my.
464 2726 512 2752 m.
534 2713 559 2751 2
590 2715 626 2751 a}
655 2713 813 2765 arrepta)
845 2714 967 2752 Bern.
1001 2714 1119 2764 Sany.
1152 2715 1263 2752 Grul.
1295 2716 1470 2752 Karolir.
1581 2725 1687 2750 soero

155 2769 273 2819 Seno.
303 2783 352 2809 m.
376 2771 398 2808 1
433 2771 567 2809 Bamb.
591 2771 702 2809 Grut.
728 2772 904 2810 KaroIir.
936 2782 1042 2809 socr*
1064 2772 1181 2809 Halb.
1221 2771 1418 2819 Inteyrum
1449 2772 1686 2807 octonarium

150 2826 236 2874 feci
272 2838 358 2866 cum
388 2827 550 2877 Bomio,
588 2838 698 2877 quem
735 2830 822 2867 olim
859 2831 961 2865 inter
997 2831 1176 2866 senarios
1212 2830 1308 2865 duos
1343 2830 1400 2864 sic
1436 2826 1543 2863 simul
1580 2855 1590 2865 .
1625 2855 1634 2865 .
1669 2856 1678 2866 .

153 2883 295 2932 socru‘l
329 2912 551 2924 .......
588 2898 624 2935 p.
655 2896 723 2923 suo
753 2886 1026 2923 distribuerant
1152 2884 1230 2923 198
1261 2884 1496 2920 ndu-actatum
1528 2884 1685 2921 Abrinc.

156 2940 240 2978 Ere.
270 2951 294 2976 α
315 2940 469 2990 Laqom.
500 2941 525 2979 2
557 2941 582 2979 3
615 2941 667 2979 13
699 2942 750 2980 67
783 2942 943 2979 Ρειινείί
962 2941 994 2978 Ζ
1021 2946 1255 2979 attractatum
1286 2942 1349 2978 nel
1378 2940 1590 2977 &tractatum
1620 2943 1689 2978 alii

221 3011 362 3037 anerzox
370 3030 378 3046 ,
398 3011 506 3039 scaen.
526 3011 636 3044 fragm.
1359 3022 1371 3051 ι
1384 3022 1394 3051 1
