1942 3204
317 167 436 203 XVIII
903 164 1251 200 COROLLARIVM

318 276 434 317 omni
466 274 737 316 excusatione
770 274 814 315 in
846 289 882 315 v.
915 273 983 314 29.
1033 272 1332 314 Removendus
1363 274 1493 329 igitur
1524 278 1605 330 est,
1638 274 1711 316 sed
1742 287 1832 317 non

317 345 577 387 Graecanica
609 359 741 400 eaque
767 344 1060 386 Romanorum
1093 358 1270 385 scaenae
1301 345 1394 385 tum
1423 345 1615 388 inaudita
1646 344 1833 391 nominis

317 417 456 458 forma
475 416 670 469 Apollon,
703 416 753 457 de
780 429 864 470 qua
894 414 978 455 fuit
997 414 1069 468 qui
1095 414 1322 469 cogitaret,
1354 415 1445 470 sed,
1475 418 1524 458 ut
1551 403 1711 471 optime
1742 429 1835 470 per-

317 487 455 541 spexit
485 486 789 539 Buechelerus‚
826 486 949 527 initio
988 500 1134 526 versus
1167 485 1387 540 explendo.
1455 484 1596 540 Atque
1625 487 1739 528 ultro
1771 486 1833 527 in-

315 557 609 598 teriectionem
640 557 827 612 aliquam
858 556 1163 597 desideramus:
1201 570 1251 598 en
1282 555 1452 610 quidem
1478 556 1617 598 aliena
1635 557 1689 598 ab
1719 557 1835 598 illius

316 628 468 669 aetatis
495 627 820 682 consuetudine,
850 640 912 668 em
931 641 1089 669 novum
1116 627 1257 668 versui
1287 626 1453 667 hiatum
1478 626 1653 682 inferat,
1681 628 1834 669 tolera-

316 698 443 739 bilem
475 713 595 754 sane,
627 698 699 739 sed
720 698 792 752 qui
811 700 957 738 tamen
976 697 1102 739 vitari
1127 697 1281 752 possit,
1313 697 1348 738 si
1380 698 1446 738 vel
1478 711 1559 739 eece
1583 697 1650 739 vel
1682 710 1836 740 eccum

315 769 535 823 eligamus,
598 767 826 824 Scripsisse
857 767 989 823 igitur
1019 767 1210 809 Ennium
1242 768 1405 809 conicio

694 853 839 880 eccum
870 837 1058 880 intendit
1089 837 1269 880 crinitus
1301 837 1458 893 Apollo

693 923 838 951 arcum
870 910 1067 950 auratum

432 979 514 1021 Sed
552 994 660 1035 quae
697 979 844 1020 statim
881 980 1083 1020 secuntur
1126 979 1225 1020 luna
1262 980 1434 1021 innixus
1472 993 1577 1020 sana
1615 994 1705 1020 esse
1745 994 1835 1022 non

312 1042 534 1104 possunts
572 1049 686 1092 Nam
731 1049 811 1090 etsi
854 1051 1077 1091 curvatum
1119 1049 1163 1090 in
1207 1049 1334 1090 lunae
1371 1049 1555 1091 formam
1592 1063 1737 1091 arcum
1773 1050 1836 1091 in-

312 1121 492 1177 tellegas
531 1121 691 1171 lunam,
729 1122 778 1161 ut
815 1120 976 1162 lunavit
1006 1153 1014 1161 .
1042 1153 1050 1161 .
1082 1133 1224 1162 areum
1255 1118 1431 1161 Ovidius
1470 1134 1600 1162 amor.
1631 1119 1652 1161 I
1688 1121 1729 1175 1,
1766 1121 1837 1175 23,

313 1193 420 1234 acies
451 1226 459 1234 .
487 1226 495 1234 .
527 1192 686 1234 Nereus
722 1191 893 1233 lunarat
926 1192 973 1232 in
1013 1204 1134 1232 arcus
1163 1190 1411 1245 Propertius
1442 1190 1507 1233 IV
1539 1191 1584 1245 6,
1616 1190 1673 1233 25
1706 1192 1834 1246 scrip-

312 1266 477 1318 serunt,
507 1266 654 1307 tamen
678 1263 850 1304 innixus
876 1276 976 1304 arcu
1009 1262 1081 1317 qui
1111 1261 1298 1303 intendit
1323 1262 1526 1317 sagittam
1558 1261 1639 1303 dici
1669 1263 1835 1317 nequit:

311 1334 538 1376 innitimur
574 1334 713 1376 humo'
745 1333 853 1389 pede
891 1333 1043 1375 calceis
1080 1346 1194 1388 genu
1231 1332 1384 1374 baculo
1422 1333 1565 1387 hasta,
1609 1347 1708 1375 aves
1746 1334 1836 1388 alis,

312 1404 503 1445 aedificia
541 1404 833 1446 fundamentis
871 1404 1097 1458 columnis,
1129 1403 1303 1446 arbores
1334 1403 1565 1458 radicibus3
1603 1403 1834 1445 absurdum

310 1475 428 1516 illud.
488 1474 623 1517 Paulo
660 1474 926 1517 tolerabilius
966 1475 1117 1516 saltem
1153 1474 1322 1516 videtur
1361 1475 1462 1516 lema
1497 1475 1652 1516 enixus.
1720 1473 1833 1516 Nam

311 1532 417 1587 eniti
454 1549 498 1586 et
535 1545 792 1587 contendere
831 1559 928 1586 cum
966 1558 1092 1599 saepe
1123 1545 1376 1600 iungantur,
1420 1545 1492 1599 qui
1530 1545 1700 1586 derecta
1736 1559 1834 1587 ocu-

309 1616 449 1658 lorum
500 1617 589 1658 acie
636 1631 687 1659 ex
736 1618 911 1658 curvato
957 1630 1057 1657 arcu
1107 1615 1266 1657 emittit
1315 1616 1536 1671 sagittam,
1584 1616 1690 1657 eniti
1731 1616 1835 1657 luna

310 1687 489 1729 artificio
523 1687 708 1742 quodam
741 1687 823 1728 dici
854 1701 979 1742 posse
1011 1686 1191 1728 videtur.
1253 1685 1520 1741 Quamquam
1550 1686 1632 1728 hoc
1665 1701 1832 1742 quoque

309 1757 482 1799 difficile
502 1760 545 1799 et
564 1758 816 1813 quaesitum.
854 1756 945 1800 Nec
965 1757 1049 1799 alia
1069 1757 1295 1812 quaedam,
1316 1771 1423 1811 quae
1442 1757 1667 1812 temptavi,
1694 1758 1833 1813 magis

308 1829 496 1883 placent:
529 1843 562 1870 e.
583 1843 616 1870 c.
644 1829 766 1871 lunae
789 1829 838 1876 m
859 1829 1011 1881 flexum
1036 1828 1103 1869 vel
1129 1827 1230 1868 luna
1257 1827 1471 1879 inflexum,
1497 1819 1593 1869 cum
1619 1828 1833 1882 prioribus

309 1900 621 1955 coniungenda.
659 1898 720 1941 At
738 1899 912 1941 minime
938 1899 1084 1953 inepte
1103 1897 1390 1953 Kiesslingius
1411 1898 1463 1939 ad
1483 1897 1669 1940 Dianam
1689 1899 1833 1954 potius

307 1970 457 2012 referri
488 1971 661 2013 volebat
696 1971 946 2032 1111111111είυ13
976 1968 1134 2024 Apollo
1166 1969 1365 2024 crinitus,
1402 1969 1462 2011 sic
1498 1969 1617 2010 illam
1647 1970 1750 2011 luna
1786 1970 1832 2011 in

308 2042 447 2095 capite
486 2044 683 2084 ornatam
725 2041 973 2096 praedicari.
1035 2039 1129 2090 Quo
1174 2054 1301 2082 sensu
1338 2039 1433 2082 vide
1477 2054 1533 2081 an
1570 2039 1711 2081 Diana
1748 2040 1830 2082 dici

307 2112 445 2166 possit
476 2113 542 2154 vel
581 2113 683 2154 luna
712 2113 891 2163 nictans,
930 2112 1018 2154 scil.
1049 2111 1209 2153 lumine
1246 2112 1392 2166 lunae,
1429 2113 1478 2152 ut
1508 2110 1718 2152 nictantia
1748 2111 1830 2152 ful-

308 2196 415 2238 gura
441 2183 554 2238 apud
586 2183 832 2226 Lucretium
857 2182 921 2226 VI
950 2184 1052 2238 182,
1082 2183 1150 2226 vel
1182 2183 1328 2225 lunata
1350 2183 1518 2224 micans.
1555 2179 1618 2223 Ut
1642 2181 1829 2223 frontem

307 2253 474 2295 iuvenci
506 2257 549 2296 et
586 2255 741 2310 pellem
779 2255 910 2296 calcei
947 2255 1142 2296 lunatam
1179 2253 1520 2308 appellaverunt,
1557 2266 1666 2306 quae
1702 2252 1830 2294 lunae

306 2327 410 2366 nota
436 2326 504 2367 vel
531 2328 784 2368 ornamento
817 2325 1001 2381 insignis
1028 2327 1157 2379 esset,
1186 2324 1248 2365 ita
1278 2323 1381 2364 luna
1411 2323 1457 2364 in
1487 2322 1644 2365 vertice
1677 2324 1830 2364 ornata

305 2394 447 2437 Diana
484 2397 719 2439 rectissime
758 2397 905 2439 lunata
942 2395 1201 2451 perhibetur.
1270 2393 1461 2436 Verbum
1499 2395 1642 2435 autem
1679 2393 1830 2434 micare

305 2466 387 2521 ipsi
418 2467 546 2509 lunae
578 2468 712 2510 stellis
746 2465 1132 2524 oculisfproprium
1162 2479 1253 2506 esse
1284 2479 1411 2506 nemo
1442 2464 1591 2506 nescit.
1650 2462 1716 2505 Ne
1746 2464 1828 2504 uti-

306 2552 433 2592 quam
463 2539 591 2580 lunae
623 2538 856 2594 imaginem
876 2553 926 2580 ex
956 2538 1039 2579 hoc
1070 2538 1164 2578 loco
1185 2535 1406 2577 extrudere
1434 2535 1589 2590 ausim,
1619 2536 1668 2576 ut
1693 2534 1828 2576 suasit

305 2607 591 2651 Buechelerus
626 2609 766 2651 limine
795 2609 921 2651 nimus
949 2621 1207 2662 proponens.

423 2679 476 2721 V.
506 2680 576 2722 40.
625 2678 727 2721 Non
764 2679 1026 2721 defenderim
1063 2678 1259 2733 equidem
1298 2677 1546 2733 septenarii,
1583 2676 1655 2731 qui
1691 2675 1826 2717 Lach-

306 2763 465 2791 manno
498 2750 713 2806 placebat,
745 2750 904 2792 exitum
930 2749 1100 2804 dactylo
1119 2749 1349 2791 molestum
1372 2748 1588 2802 uiryinali'
1620 2747 1825 2788 modestia.

307 2820 573 2875 Quamquam
604 2821 716 2863 hanc
736 2820 966 2876 aliquando
992 2834 1139 2862 versus
1170 2819 1353 2861 formam
1383 2820 1428 2860 in
1460 2818 1673 2861 veteribus
1704 2817 1824 2858 libris
