1942 3204
284 174 362 215 192
918 176 967 210 L..
985 175 1160 209 AT'rlvs

948 278 1032 321 VII
1086 280 1113 322 5

394 355 543 411 Neque
575 358 715 398 ratum
748 359 813 398 est
844 356 957 411 quod
990 277 1132 412 dscgs?
1157 371 1293 412 neque
1329 355 1409 414 [ea]
1443 373 1550 414 quae
1573 332 1711 415 agitas
1743 360 1802 402 di-

1340 435 1462 476 cendi
1494 437 1559 478 est
1589 437 1719 479 locus.

930 516 973 559 -V
975 515 1041 558 III
1074 514 1141 574 (2)

398 592 555 638 Credin
587 609 653 635 me
687 594 811 635 amici
843 594 980 636 morte
1011 594 1263 636 inbutumm
1295 595 1477 637 manus?

947 688 1011 730 IX
1043 686 1140 746 (12)

395 766 578 808 Paratus
610 781 704 808 sum
735 767 875 808 ubiuis
908 767 1051 821 petere
1082 768 1248 822 pestem
1278 768 1461 822 permiti.

954 860 994 902 X
1027 858 1124 917 (11)

276 938 362 980 435
393 937 477 979 Hie
498 938 793 993 Melanippum
813 938 927 980 imarii
946 938 1150 980 traiecssus
1169 939 1406 995 nemorum,
1424 939 1471 981 in
1492 940 1589 981 salini
1608 940 1803 982 faucibus

956 1033 1021 1075 XI
1053 1015 1120 1090 (6)

399 1107 539 1166 [Cum]
574 1109 789 1151 6buiamst
821 1110 958 1165 adque
979 1110 1209 1152 aduorsum
1232 1114 1375 1167 aptus,
1407 1113 1515 1154 alter
1533 1112 1577 1154 in
1598 1115 1800 1167 promptu

1345 1189 1536 1244 occupat.

948 1269 1035 1312 XII
1066 1268 1133 1328 (4)

396 1346 602 1390 Ccinstiti'e
634 1348 840 1403 cognouit
872 1348 1022 1404 sensit,
1054 1349 1251 1390 c6nlocat
1283 1363 1373 1390 sese
1405 1347 1452 1391 1'11
1483 1350 1625 1391 locum

395 1423 583 1467 Celsum:
620 1425 722 1467 hinc
753 1426 951 1467 manibus
983 1426 1132 1481 repere
1163 1426 1321 1468 raudus
1361 1428 1535 1468 saxeum
1567 1427 1728 1483 grande
1761 1429 1803 1469 ei

1346 1518 1489 1560 graue.

366 1632 435 1666 VII
459 1633 594 1665 Festus
619 1644 652 1675 p.
669 1634 735 1666 274
751 1633 799 1666 Μ.
824 1636 970 1667 ‘ratus
996 1644 1086 1666 sum
1111 1632 1298 1676 signifieat
1322 1635 1467 1677 putaui,
1493 1634 1558 1667 sed
1575 1635 1715 1678 alioqui
1739 1646 1803 1679 pro

275 1678 393 1719 firmo,
426 1682 526 1711 certo
553 1679 697 1721 ponitur
727 1682 830 1712 ratus
855 1684 892 1713 et
918 1683 1035 1712 ratum
1060 1696 1102 1702 --
1135 1682 1173 1711 et
1197 1679 1331 1712 Accius
1361 1680 1400 1712 in
1430 1679 1710 1723 Menalippo:
1743 1691 1804 1714 ne-

279 1726 368 1766 que’
396 1734 425 1757 e.
452 1733 485 1765 q.
512 1734 539 1756 s.
655 1724 743 1756 VIII
768 1725 859 1760 Non.
885 1726 968 1765 521,
993 1727 1012 1758 7
1046 1725 1256 1757 ‘inbuere
1291 1725 1518 1758 consuetudo
1544 1725 1718 1758 inducere
1743 1726 1804 1759 uel

275 1768 422 1801 inficere
455 1769 658 1810 existimat,
689 1780 771 1802 cum
802 1771 850 1803 sit
882 1771 1028 1813 proprie
1059 1769 1246 1802 maculare
1277 1770 1338 1803 uel
1364 1769 1528 1813 polluere
1559 1771 1619 1803 uel
1644 1770 1803 1807 inficere,

276 1815 414 1847 Accius
438 1813 627 1847 Armorum
652 1815 790 1847 iudicio
814 1840 843 1848 ..
859 1841 866 1848 .
898 1815 995 1848 idem
1019 1814 1279 1858 Melanippo
1303 1819 1376 1849 ...’
1483 1815 1537 1848 IX
1560 1816 1653 1849 Non.
1677 1817 1756 1857 219,
1785 1817 1802 1848 1

275 1859 542 1901 ‘pernities’
577 1859 835 1902 (permities
861 1860 984 1902 Leid.,
1018 1861 1130 1893 etiam
1159 1861 1197 1893 in
1222 1861 1268 1893 W
1292 1871 1314 1892 n
1346 1861 1508 1893 radendo
1542 1871 1587 1893 ex
1619 1872 1652 1893 m
1686 1862 1802 1895 facta.

276 1904 331 1937 Cf.
366 1904 449 1939 adn.
482 1905 529 1937 ad
555 1905 646 1937 Enn.
673 1902 754 1948 229)
788 1906 952 1948 ‘generis
985 1906 1164 1939 feminini.
1213 1905 1375 1939 Lucilius
1407 1905 1621 1947 Satyrarum
1653 1906 1719 1940 lib.
1752 1917 1802 1940 11:

276 1952 420 1991 pestem
454 1950 717 1992 pernitiemque
749 1954 882 1983 catax’
908 1963 939 1984 e.
966 1962 1000 1994 q.
1026 1961 1053 1983 s.
1104 1951 1247 1984 ‘neutri
1270 1951 1403 1984 Accius
1433 1951 1689 1994 Menalippo
1714 1976 1722 1984 .
1743 1977 1750 1984 .
1771 1955 1801 1984 .’

278 1995 560 2037 (Melanippo
585 1994 704 2036 Leid.)
798 1995 832 2027 X
855 1996 948 2029 Non.
974 1997 1057 2038 485,
1085 1997 1128 2029 29
1162 1996 1297 2029 ‘salti
1321 2007 1386 2039 pro
1411 1996 1537 2032 saltus,
1562 1997 1692 2029 Accius
1717 1998 1803 2029 Me-

275 2040 464 2082 lanippo
488 2043 562 2073 ...²
591 2040 873 2083 (Menalippo
897 2041 1042 2083 Bamb.)
1138 2042 1189 2074 XI
1212 2041 1303 2073 Non.
1331 2043 1413 2082 234,
1440 2042 1483 2073 24
1508 2044 1664 2083 ‘aptus
1690 2042 1803 2084 signi-

277 2084 364 2116 ficat
390 2085 556 2127 adeptus.
579 2086 712 2118 Accius
737 2086 993 2129 Menalippo
1018 2111 1048 2119 ..
1064 2090 1092 2119 .’
1186 2086 1257 2119 XII
1276 2087 1406 2120 Festus
1431 2097 1466 2129 p.
1484 2087 1550 2119 265
1572 2086 1620 2119 M.
1649 2087 1803 2120 ‘rodus

278 2130 339 2162 uel
370 2130 504 2162 raudus
536 2130 723 2172 significat
754 2141 827 2163 rem
858 2131 985 2165 rudem
1018 2134 1055 2164 et
1079 2132 1355 2175 imperfectam:
1387 2142 1470 2164 nam
1501 2142 1626 2164 saxum
1658 2141 1801 2174 quoque

277 2175 414 2208 raudus
439 2175 630 2218 appellant
655 2179 806 2219 poetae,
834 2180 874 2209 ut
899 2176 1032 2210 Accius
1056 2177 1093 2209 in
1119 2176 1349 2219 Melanippo:
1376 2177 1586 2210 eonstituit’
1614 2188 1644 2210 e.
1671 2187 1704 2219 q.
1729 2187 1756 2210 s.

360 2306 442 2344 432
475 2317 515 2343 ea
548 2307 719 2354 Vossius,
745 2320 814 2344 om.
839 2309 920 2345 cod.
1028 2306 1110 2345 433
1133 2308 1254 2345 credin
1283 2319 1339 2345 me
1371 2309 1562 2345 Vsenerus
1591 2308 1725 2345 credite
1746 2319 1802 2345 me

275 2364 365 2400 libri
386 2365 566 2411 plerique
594 2363 746 2410 credite,
779 2377 848 2401 om.
873 2375 943 2411 me,
971 2365 1019 2401 W
1044 2364 1209 2402 credisne
1241 2365 1468 2402 Welclcerus
1487 2367 1512 2402 l.
1534 2367 1561 2402 l.
1580 2377 1620 2412 p.
1644 2364 1726 2403 854

280 2420 525 2466 Temptabam
546 2419 738 2457 creditisne
759 2420 838 2457 med
859 2421 960 2458 amici
978 2415 987 2423 ⁸
1033 2427 1151 2458 morte
1171 2421 1308 2458 Iunius
1329 2428 1481 2458 mortem
1500 2423 1590 2459 libri
1658 2420 1802 2458 inbuto-

277 2488 354 2512 rum
377 2487 481 2512 manu
502 2477 640 2513 Bamb.
733 2476 815 2514 434
836 2478 1020 2526 permities
1041 2478 1146 2514 Leid.
1167 2479 1339 2526 pernities
1361 2480 1482 2515 ceteri
1498 2479 1590 2515 libri
1607 2478 1799 2526 pernitiam

276 2533 483 2570 Mer-cerus
501 2544 567 2581 per
588 2544 710 2569 necem
730 2534 890 2573 Bothius
907 2533 929 2569 2
1008 2533 1090 2571 435
1112 2533 1350 2583 Menalippum
1373 2535 1508 2571 Bamb.
1585 2530 1641 2571 inf
1662 2534 1799 2570 Bamb.

275 2590 413 2626 interea
443 2590 490 2626 W
516 2590 612 2625 inter
643 2590 798 2627 Vossius
878 2590 975 2627 saltis
995 2591 1045 2627 W
1124 2590 1207 2628 436
1229 2602 1310 2628 cum
1331 2603 1401 2628 om.
1422 2592 1511 2628 libri
1585 2590 1725 2627 obuiam
1747 2596 1802 2627 est

276 2646 441 2683 Bothius
462 2646 484 2681 2
508 2645 614 2682 obuia
634 2657 733 2682 mens
754 2648 844 2683 libri
871 2646 1011 2684 obuiam
1040 2657 1125 2683 ense
1149 2648 1302 2685 Grotius
1322 2648 1424 2685 Bibl.
1443 2650 1530 2684 crit.
1549 2659 1637 2684 nou.
1653 2647 1680 2683 I
1687 2647 1719 2684 V

277 2698 412 2752 adque]
437 2702 544 2750 idque
565 2703 669 2749 libri,
699 2705 775 2740 nisi
801 2705 904 2751 quod
921 2703 1077 2751 denique
1104 2715 1170 2740 ms.
1195 2705 1354 2741 Bartlzii
1378 2705 1405 2740 it
1427 2704 1580 2741 Grotius
1601 2702 1700 2751 it'que
1722 2705 1798 2740 Bo-

277 2760 377 2795 thius
398 2758 421 2794 2
502 2758 648 2795 obuium
665 2760 813 2808 ensique
830 2760 1098 2797 Buechelerus
1183 2760 1286 2796 alteri
1309 2771 1376 2798 ms.
1400 2761 1556 2797 Barthii
1650 2759 1799 2796 occubat

276 2826 344 2852 ms.
367 2815 524 2852 Barthii
633 2814 714 2852 437
746 2817 908 2853 constitit
928 2817 970 2852 A.
990 2817 1225 2865 Auyustinus
1244 2819 1282 2853 in
1298 2829 1368 2865 my.
1392 2811 1580 2854 constituit
1602 2818 1684 2854 cod.

277 2870 358 2908 438
381 2872 513 2909 raudus
538 2871 577 2908 Ο.
604 2872 815 2910 Muellerus
836 2873 972 2909 roudus
1001 2874 1081 2910 cod.
1115 2872 1225 2909 rodus
1256 2874 1492 2922 Auyustinus
1597 2873 1732 2922 grande
1763 2880 1799 2910 et
