1942 3204
245 172 301 214 80
840 173 890 209 Μ.
914 173 1155 210 PAOVVIVS

702 276 1000 320 ARMORVM
1030 275 1309 321 IVDICIVM

948 366 970 409 1
1003 364 1070 424 (5)

490 477 498 486 .
529 443 657 499 seque
689 444 743 486 ad
773 444 897 486 ludos
928 444 1015 487 iani
1045 442 1147 486 inde
1179 444 1336 487 abhinc
1369 445 1604 488 exerceant.

921 520 966 564 H
998 519 1095 579 (10)

363 596 452 648 Qus
478 598 616 656 uiget,
645 600 846 642 uesceitur
877 599 1025 656 armis,
1055 601 1105 642 111⁵
1134 600 1344 656 percipiat
1373 601 1621 656 praemium.

923 676 990 719 ΠΙ
1023 674 1090 735 (1)

365 787 373 795 .
406 787 414 795 .
448 787 456 796 .
489 754 562 809 qui
594 754 685 797 sese
717 754 879 797 adfines
911 755 1003 797 esse
1035 754 1089 796 ad
1121 755 1384 801 causandum
1414 756 1586 811 uolunt,

363 830 429 873 De
460 831 620 874 uirtute
650 832 687 874 is
719 833 799 888 ego
832 831 1039 875 cernundi
1070 832 1124 874 d6
1151 835 1415 888 'potestatem
1446 833 1657 876 omnibus.

924 909 989 953 IV
1022 907 1089 967 (8)

274 984 332 1027 25
362 984 447 1027 ‘An
478 986 574 1041 quis
591 984 665 1044 {est
690 987 763 1042 qui
792 987 837 1029 te
856 1000 947 1029 esse
968 986 1164 1043 dignum,
1196 985 1370 1043 quicum
1389 989 1585 1045 certetur,
1615 988 1769 1044 putet?

937 1064 979 1107 V
1011 1062 1078 1122 (9)

407 1174 415 1182 .
448 1141 484 1182 si
515 1155 605 1183 non
636 1141 702 1183 est
731 1141 952 1198 ingratum
982 1142 1132 1198 reapse
1164 1141 1279 1198 quod
1309 1141 1397 1185 feci
1424 1143 1546 1186 bene.

913 1231 978 1274 VI
1010 1229 1106 1289 (16)

1096 1311 1228 1364 tuque
1259 1311 1302 1351 te

362 1383 566 1427 Desidere
601 1382 662 1442 [in
691 1386 802 1428 lecto
834 1384 1051 1443 residem7]
1085 1387 1165 1428 n6s
1196 1386 1267 1428 hic
1299 1401 1390 1429 esse
1421 1386 1467 1428 in
1500 1385 1698 1444 [miseriis

362 1460 583 1519 Mz'tluisti]

249 1629 258 1637 .
273 1629 279 1636 .
296 1629 304 1637 .
328 1604 489 1638 Sethus
501 1608 511 1624 ’
539 1603 661 1648 (immo
679 1605 830 1647 setus,
855 1609 897 1639 ut
921 1606 1046 1640 docuit
1061 1606 1287 1640 Ritschelius
1305 1606 1349 1639 de
1368 1607 1483 1649 epigr.
1501 1605 1641 1638 Sorano
1658 1616 1692 1648 p.
1709 1605 1767 1647 26)

244 1652 330 1692 ‘pro
357 1648 489 1692 Ζῆθος
513 1651 695 1693 dicentes,
725 1654 763 1684 et
793 1652 1001 1685 Medentius
1034 1650 1293 1695 (Medientius’
1331 1652 1398 1684 alii
1427 1650 1545 1695 codd.)
1577 1653 1662 1693 ‘pro
1692 1650 1769 1682 Me-

243 1696 415 1731 zentius)
447 1696 552 1729 Haec
577 1696 623 1728 ad
638 1697 843 1730 Pacuuium
870 1697 989 1730 uideri
1013 1700 1183 1741 spectare
1208 1698 1348 1731 monuit
1363 1697 1627 1731 Fleckeisenus
1650 1696 1770 1738 Epist.

245 1741 324 1775 crit.
350 1740 397 1773 ad
420 1741 461 1775 F.
486 1741 730 1775 Ritschelium
754 1754 786 1786 p.
810 1743 902 1776 XIII
1010 1744 1211 1776 Praeterea
1235 1742 1458 1786 locupletari
1487 1742 1596 1774 huius
1620 1740 1768 1773 fabulae

243 1786 426 1863 Reliquiae
451 1789 605 1830 possunt
627 1787 704 1821 his:
729 1788 800 1821 inc.
822 1789 896 1822 fab.
918 1789 1065 1824 I—VII.
1090 1789 1198 1830 LIII,
1225 1789 1296 1821 inc.
1320 1789 1392 1821 inc.
1413 1788 1488 1822 fab.
1506 1787 1618 1819 LXX.
1638 1785 1766 1819 CXIX.

331 1877 519 1911 ARMORVM
543 1878 723 1912 1vmc1v1u
748 1878 767 1911 I
791 1878 979 1913 Charisius
1009 1880 1045 1912 II
1070 1890 1106 1922 p.
1134 1880 1197 1912 175
1221 1879 1263 1914 P.
1297 1878 1485 1911 ‘abhinc
1511 1878 1552 1910 P.
1582 1877 1622 1910 in
1651 1886 1768 1909 armo·

242 1932 320 1954 rum
345 1922 501 1956 iudicio:
527 1927 660 1966 seque’
688 1936 719 1957 e.
747 1935 782 1967 q.
806 1935 834 1958 s.
938 1925 976 1958 11
999 1925 1092 1958 Non.
1117 1925 1202 1966 416,
1231 1925 1246 1956 l
1274 1924 1423 1956 ‘uesci
1447 1923 1558 1956 etiam
1583 1921 1769 1965 significat

240 1968 295 2000 uti
317 1992 325 2000 .
341 1992 348 2001 .
362 1993 370 2000 .
393 1967 579 2003 Pacuuius
596 1969 734 2011 Chryse
758 1995 765 2003 .
781 1995 789 2003 .
804 1994 813 2003 .
835 1970 931 2002 idem
947 1970 1135 2003 Armorum
1158 1968 1295 2002 iudicio
1320 1994 1328 2003 .
1342 1994 1351 2002 .
1366 1994 1370 2000 Α
1383 1971 1394 1988 ’
1465 1968 1521 2001 111
1537 1969 1630 2002 Non.
1649 1968 1705 2010 89,
1726 1968 1766 2000 11

244 2014 452 2045 ‘causari
478 2023 626 2047 causam
652 2015 776 2048 dicere
806 2015 868 2049 uel
894 2015 1093 2048 defendere
1116 2040 1125 2047 .
1148 2040 1155 2047 .
1175 2013 1202 2048 .’
1251 2015 1352 2047 Idem
1375 2015 1460 2054 261,
1486 2014 1528 2046 19
1559 2017 1767 2046 ‘cernere

241 2068 383 2091 rursum
408 2058 582 2092 dimicare
606 2060 667 2093 uel
692 2060 912 2093 contendere
937 2085 944 2093 .
959 2085 968 2094 .
983 2063 1011 2092 .’
1081 2061 1133 2094 IV
1156 2060 1248 2093 Non.
1273 2061 1357 2101 473,
1385 2060 1427 2092 14
1451 2061 1678 2091 ‘certatur
1702 2068 1768 2102 pro

244 2105 392 2136 certat)
486 2104 517 2137 V
541 2105 675 2138 Festus
700 2117 735 2149 p.
761 2106 827 2139 278
851 2106 898 2141 M.
925 2109 1107 2149 ‘reapse
1130 2109 1188 2139 est
1219 2115 1258 2138 re
1287 2105 1380 2148 ipsa.
1430 2105 1616 2137 Pacuuius
1639 2104 1678 2136 in
1702 2105 1767 2136 Ar-

243 2158 380 2181 morum
404 2149 540 2183 iudicio
564 2175 572 2184 .
587 2175 595 2183 .
610 2153 639 2182 .’
687 2151 825 2184 Paulus
849 2163 884 2194 p.
908 2152 975 2184 279
1000 2153 1047 2184 M.
1075 2154 1252 2194 ‘reapse
1277 2154 1334 2183 est
1357 2160 1396 2183 re
1420 2150 1515 2193 ipsa.
1563 2149 1765 2182 Pacuuius:

243 2194 294 2226 si’
322 2204 353 2229 e.
380 2204 415 2236 q.
441 2205 469 2228 s.
583 2196 633 2229 VI
656 2197 792 2229 Festus
817 2207 852 2239 p.
877 2198 942 2230 281
967 2197 1016 2230 M.
1043 2194 1214 2240 ‘[reses
1239 2199 1277 2229 et
1301 2195 1471 2229 residuus
1502 2195 1638 2227 dicitur
1660 2195 1768 2236 igna-

240 2249 326 2328 uus],
353 2237 456 2283 quia]
483 2241 634 2275 residet.
682 2242 819 2275 Accius
843 2260 887 2266 —
913 2260 954 2265 -—
981 2261 1021 2265 —
1046 2242 1206 2276 Pacuius
1236 2242 1275 2274 in
1299 2238 1498 2285 arm[orum
1522 2240 1661 2273 iudicio
1684 2264 1692 2272 .
1707 2265 1737 2273 ..
1752 2264 1760 2272 .

352 2287 483 2328 tuque’
510 2297 542 2319 e.
570 2298 602 2330 q.
629 2298 678 2333 s.-

355 2417 407 2454 21
439 2429 593 2469 seseque
623 2419 874 2457 Hermannus
906 2419 1044 2467 Opusa
1077 2420 1152 2457 VII
1171 2419 1252 2457 366
1376 2413 1522 2469 abhinc]
1555 2417 1610 2466 cf.
1640 2417 1766 2455 Lach-

242 2485 407 2511 mannus
435 2477 475 2512 in
504 2476 621 2512 Lucr-
642 2475 812 2513 111954
941 2476 993 2512 22
1025 2478 1052 2513 it
1084 2476 1251 2513 Geneu.:
1282 2487 1333 2511 an
1364 2475 1424 2511 et?
1547 2474 1599 2512 23
1630 2472 1766 2511 adfines

245 2531 383 2568 Iunius
413 2530 564 2568 adfinem
594 2532 684 2569 libri
777 2532 830 2570 24
860 2532 904 2570 de
936 2532 1070 2569 uirtute
1102 2537 1138 2569 et
1168 2543 1238 2582 ego
1268 2536 1487 2580 potestatem
1515 2530 1690 2568 cernundi
1719 2530 1765 2566 do

243 2587 407 2624 omnibus
445 2588 536 2625 libri
557 2600 601 2636 p.
635 2588 715 2626 261
860 2589 912 2627 26
950 2590 981 2626 si
1018 2600 1091 2626 non
1120 2589 1270 2627 Paulus
1305 2588 1384 2624 sino
1415 2589 1523 2625 Festi
1557 2588 1641 2626 cod.
1671 2591 1767 2624 teste

242 2643 296 2681 H.
316 2644 441 2682 Keilio
472 2643 587 2692 (Mus.
615 2646 741 2682 Rhen.
775 2646 829 2683 VI
850 2658 892 2693 p.
924 2645 1019 2693 624)
1134 2657 1173 2682 re
1203 2644 1286 2682 abse
1318 2645 1455 2682 Festus
1576 2643 1666 2680 bene
1696 2655 1765 2681 om.

243 2700 393 2738 Paulus
479 2701 530 2738 27
553 2712 635 2750 sqq.
667 2707 780 2750 tuque
801 2708 837 2739 te
865 2702 1007 2739 desider
1035 2731 1300 2741 ..........
1335 2712 1403 2738 nos
1431 2701 1488 2738 hic
1518 2711 1633 2737 essem
1663 2729 1672 2738 .
1692 2729 1700 2737 .
1719 2728 1728 2738 .
1747 2723 1756 2734 .

242 2758 382 2795 Festus
412 2762 507 2795 teste
535 2757 588 2796 H.
610 2759 749 2799 Keilio,
766 2764 879 2808 tuque
909 2765 945 2796 te
965 2759 1133 2796 Desidere
1162 2759 1276 2796 mauis
1295 2757 1470 2805 residem,
1500 2768 1567 2794 nos
1598 2757 1655 2793 hic
1685 2767 1764 2794 esse

242 2814 278 2849 in
309 2815 461 2851 miseriis
493 2815 537 2852 G.
558 2816 811 2853 Hermannus
842 2821 952 2865 tuque
983 2821 1018 2853 te
1048 2816 1084 2854 d.
1114 2827 1161 2853 m.
1193 2827 1221 2853 r.
1254 2820 1290 2852 at
1326 2819 1449 2852 contra
1487 2825 1554 2851 nos
1591 2813 1648 2850 hic
1685 2823 1764 2850 esse

242 2870 278 2905 in
309 2869 430 2907 labore
470 2871 632 2909 Vrsinus
