1942 3204
240 171 320 211 110
839 174 887 207 M.
912 172 1151 207 PAOVVIVS
1217 191 1221 195 -

354 274 496 331 Molli,
528 277 600 331 qui
633 279 861 318 consuetus
893 277 939 318 in
971 278 1099 318 armis

357 351 525 395 Aeuom
557 354 682 409 {igere

872 432 894 455 ἡ(
1101 430 1123 455 ῧίῑ

987 461 1009 484 ss

810 507 958 550 Vlixes

356 584 572 639 Retinete‚
603 569 763 626 tenete!
797 583 1003 640 opprimit
1034 585 1170 626 ulcus:
1220 571 1222 574 ‚

359 660 550 703 Nudz'tte!
582 661 666 702 heu
697 662 899 703 miserum
932 676 1016 717 me,
1049 660 1283 703 excrucior!

238 737 326 779 265
417 736 608 792 Operite:
642 738 855 780 abscedite
887 739 1071 780 ifimiam.

355 813 535 856 Mittite:
567 830 668 856 nam
701 817 931 857 attrectatu
964 817 1006 857 e't
1038 830 1194 870 quassu

415 891 599 933 Saeuum
632 892 901 947 amplificatis
933 892 1134 935 dolorem.

919 969 959 1010 x
981 967 1077 1025 (11)

811 1046 958 1088 Vlixes

352 1122 566 1177 Conqueri
598 1123 818 1165 fortunam
850 1123 1092 1178 aduersam,
1123 1123 1213 1164 n6n
1244 1122 1474 1164 lamentari
1504 1123 1640 1165 decet:

352 1198 413 1240 ‘Id
446 1200 526 1240 uiri
559 1203 624 1242 est
655 1199 862 1255 officium,
892 1199 1017 1241 fletus
1049 1199 1245 1241 muliebri
1276 1200 1459 1256 ingenio.
1484 1201 1665 1242 additus.

916 1282 979 1324 XI
1012 1281 1079 1339 (1)

234 1361 321 1402 270
352 1360 630 1402 Barbaricam
661 1362 827 1415 pestem
860 1360 1023 1402 subinis
1055 1360 1214 1402 nostris
1247 1360 1423 1415 optulit,

351 1436 479 1479 Noua<
510 1437 650 1492 figura
681 1437 859 1492 factam,
892 1437 1162 1479 commissam
1194 1434 1374 1478 infabre.

239 1555 374 1589 doloris
404 1555 707 1589 consuetudinem
739 1565 818 1588 esse
845 1565 917 1587 non
943 1554 1245 1588 contemnendam
1281 1554 1505 1596 magistram.
1551 1553 1671 1596 Atque
1695 1553 1759 1586 ille

237 1611 309 1634 non
342 1601 572 1634 inmoderate
598 1611 729 1643 magno
761 1601 797 1632 in
823 1600 946 1633 dolore
975 1598 1067 1643 [263.
1094 1598 1188 1643 264]
1228 1600 1361 1642 Incipit
1390 1599 1483 1631 labi:
1517 1598 1650 1631 deinde
1675 1599 1760 1631 ilico

239 1645 372 1679 desinit
400 1644 618 1688 [265-26η.
643 1646 805 1679 Videsne
830 1649 871 1678 ut
896 1646 1118 1678 obmutuerit
1136 1655 1208 1677 non
1233 1645 1386 1677 sedatus
1410 1644 1586 1687 corporis,
1614 1644 1678 1676 sed
1702 1654 1762 1676 ca-

238 1692 399 1734 stigatus
425 1692 535 1723 animi
564 1691 692 1724 dolor?
718 1692 849 1732 Itaque
875 1692 912 1723 in
937 1691 1112 1723 extremis
1127 1690 1268 1754 Niptris
1293 1690 1386 1722 alios
1413 1699 1555 1732 quoque
1580 1689 1760 1732 obiurgat‚

238 1736 367 1778 idque
375 1737 534 1769 moriens
559 1735 647 1778 [X].’
688 1736 878 1768 Charisius
903 1737 939 1768 II
964 1747 998 1778 p.
1026 1737 1090 1768 190
1114 1736 1154 1768 P.
1179 1734 1516 1778 ‘pedetemptim
1541 1733 1760 1767 ..Tullius

238 1782 530 1814 Tusculanarum
549 1781 728 1814 secundo.
756 1781 1075 1824 pedetemptim
1095 1791 1138 1812 ac
1157 1780 1315 1813 sedato
1333 1780 1458 1814 nisu!
1527 1779 1578 1811 XI
1595 1779 1686 1814 Νοη.
1703 1780 1761 1816 40,

233 1828 314 1860 32‘
325 1827 528 1867 infabre,
556 1827 681 1867 foede,
706 1830 745 1859 ut
770 1829 827 1859 est
852 1826 992 1859 affabre
1017 1825 1182 1868 pulchre.
1207 1825 1247 1857 P.
1275 1825 1406 1867 Niptra
1429 1849 1438 1857 .
1456 1848 1465 1857 .
1486 1827 1515 1856 .'
1555 1824 1656 1856 Idem
1679 1824 1758 1866 248,

233 1873 278 1905 20
310 1852 634 1914 ‘committ’ere‚
667 1871 845 1915 effigiare.
891 1873 930 1904 P.
957 1871 1089 1924 Niptra
1113 1895 1121 1902 .
1140 1895 1148 1903 .
1169 1873 1198 1903 .'
1291 1870 1360 1902 His
1391 1869 1558 1901 addenda
1589 1869 1760 1902 uidentur

232 1917 306 1949 inc.
333 1917 408 1950 fab.
435 1917 603 1950 XXXIX.
625 1898 694 1950 ’XL
721 1920 758 1950 et
784 1917 941 1950 fortasse
966 1917 1038 1949 inc.
1066 1918 1136 1948 inc.
1164 1915 1237 1948 fwb.
1262 1915 1324 1947 LI.
1351 1915 1428 1948 LII.
1454 1914 1555 1947 LIII.

347 2048 427 2086 261
459 2043 675 2098 consuetus]
703 2047 873 2095 defendit
896 2045 961 2083 CF
969 2046 1019 2083 W
1034 2045 1200 2082 Mueller
1215 2045 1372 2093 prosod.
1395 2045 1524 2082 Plaul.
1548 2044 1628 2081 292
1650 2047 1758 2082 omis-

235 2117 315 2142 sum
347 2116 405 2151 eS,
438 2116 668 2152 quamquam
693 2108 821 2151 potest
850 2105 889 2139 in
920 2103 1097 2139 clausula
1128 2112 1266 2138 uersus
1286 2102 1444 2138 uerbum
1472 2104 1620 2149 finitum
1649 2112 1758 2138 secu·

236 2167 312 2198 lum
343 2172 441 2198 esse.
481 2161 689 2197 consuetu’s
721 2161 879 2208 Wolfius
907 2162 946 2196 in
977 2160 1036 2195 ed.
1066 2170 1128 2206 pr.
1161 2159 1348 2194 consueris
1380 2159 1578 2195 Bentleius
1607 2168 1759 2193 cousue-

196 2237 199 2239 >
235 2218 328 2253 ueris
361 2216 508 2254 ‘codex
540 2216 724 2264 optimus'
757 2217 923 2262 Dauisii‚
958 2216 1116 2262 Wolfius
1145 2217 1184 2251 in
1215 2216 1272 2251 ed.
1306 2216 1373 2251 alt.
1460 2215 1543 2251 Hos
1573 2218 1757 2261 quattuor

233 2284 375 2311 uersus
406 2273 628 2311 259-262
652 2274 848 2310 Bentleius
877 2275 933 2309 sic
964 2274 1111 2309 censuit
1138 2272 1361 2308 scribendos
1392 2281 1498 2307 esse.-
1528 2276 1568 2306 tu
1598 2281 1757 2318 quoque,

235 2331 354 2377 Vlixe,
386 2326 399 2380 ΙΙ
429 2329 649 2378 Quamquam
680 2331 840 2378 grauiter
870 2329 1048 2365 cernimus
1080 2329 1212 2374 ictum,
1242 2323 1257 2378 ss
1287 2327 1387 2363 Nimi’
1428 2337 1540 2375 paene
1570 2327 1687 2362 animo
1719 2337 1758 2362 es

235 2386 347 2432 molli,
379 2387 438 2434 qui
470 2397 537 2422 con
561 2382 575 2437 ΙΙ
597 2387 713 2422 suetis
743 2387 778 2421 in
810 2386 917 2422 armis
947 2395 1075 2420 aeuum
1105 2394 1212 2433 agere
1299 2383 1379 2420 263
1410 2385 1623 2430 retinetene,
1655 2393 1756 2420 corr.

236 2443 389 2478 retinete
421 2448 541 2478 tenete
573 2442 668 2479 Gud.
771 2442 942 2490 opprimit
985 2441 1138 2477 Vossius
1169 2440 1360 2488 opprimite
1388 2440 1478 2476 libri
1591 2438 1671 2476 264
1702 2449 1757 2474 me

234 2499 403 2535 miserum
435 2501 525 2547 aliq.
554 2500 653 2544 libri,
686 2499 900 2544 Remmius,
931 2499 1064 2534 melius
1094 2499 1135 2533 ni
1149 2497 1182 2544 f.
1273 2496 1352 2533 265
1384 2495 1585 2542 abscedite,
1620 2495 1756 2531 iamiam

234 2578 419 2614 Dauisius
496 2577 576 2615 266
598 2582 773 2614 atrectatu
795 2578 890 2624 Req.
911 2589 958 2612 m.
985 2576 1006 2611 1
1023 2576 1117 2613 Gud.
1199 2574 1278 2612 269
1301 2556 1428 2619 additis
1459 2573 1554 2610 Gna,
1586 2572 1757 2608 additu'st

235 2634 445 2670 Bentleius.
479 2634 624 2670 Probat
654 2633 947 2681 Wesenberyius
964 2633 1120 2669 Emend.
1149 2632 1259 2668 Tuse.
1283 2631 1328 2668 ΙΙ
1339 2642 1383 2678 p.
1407 2631 1459 2668 46
1480 2629 1632 2675 additus,
1657 2630 1759 2676 quod

227 2692 401 2736 potuerit
422 2691 570 2737 quidem
591 2692 730 2726 iterari
749 2695 818 2736 est,
839 2691 908 2726 secl
926 2701 1001 2726 non
1022 2698 1182 2725 necesse
1199 2688 1337 2735 fuerit.
1365 2686 1507 2723 additur
1525 2687 1632 2724 malit
1654 2686 1754 2722 Bue-

235 2747 414 2784 chelerus
501 2746 583 2784 270
612 2745 750 2782 subinis
772 2747 892 2782 Bern.
915 2746 935 2782 b
960 2757 999 2792 p.
1024 2744 1124 2781 248:
1156 2744 1209 2792 cf.
1233 2744 1349 2781 Pauli
1366 2744 1506 2780 Festus
1535 2753 1572 2778 u.
1594 2740 1754 2789 sybinan)

232 2814 272 2849 p.
295 2802 375 2840 336
397 2803 450 2839 Μ.
473 2802 617 2839 sabinus
640 2805 761 2840 ceteri
777 2803 867 2839 libri
884 2813 924 2848 p.
949 2801 1028 2839 248
1051 2800 1200 2837 nauibus
1219 2802 1310 2838 libri
1324 2811 1364 2847 ρ.
1386 2799 1442 2837 40
1518 2797 1651 2846 optulit
1669 2798 1758 2835 libri

228 2858 363 2905 p.248
386 2864 510 2907 optum
527 2860 631 2896 Leid.
648 2871 690 2906 p.
705 2858 759 2897 40
777 2858 909 2895 obtulit
925 2860 1045 2895 ceteri
1059 2858 1193 2894 ibidem
1261 2856 1339 2894 271
1362 2866 1492 2892 nouam
1513 2853 1628 2903 figura
1647 2854 1755 2891 fatam
1808 2863 1813 2869 ·
