1942 3204
490 220 559 256 Ex
581 220 813 257 INOERTIS
838 219 1162 256 INCER'I'ORVM
1187 219 1400 255 FAvas
1634 218 1715 261 241

804 327 954 372 xxvl
987 325 1085 386 (27)

298 407 385 452 Vbi
417 405 648 451 initiantur
679 408 830 464 gentes
863 421 1037 450 orarum
1068 405 1245 449 ultimae

864 501 1038 547 XXVII

300 578 404 639 [Si]e
436 583 515 639 ops
547 582 711 639 euadit,
745 579 851 640 [sed]
886 596 967 639 ego
1000 595 1132 638 egens
1164 581 1338 623 exortus
1371 594 1479 622 sum.

853 677 1050 722 XXVIII

852 755 1048 800 Phoenix

208 804 269 907 ἐξ
301 867 310 876 .
343 867 352 877 .
385 867 394 877 .
426 849 517 877 non
547 835 685 878 multa
715 815 893 891 peccas?
918 832 988 877 sin
1018 847 1190 890 peccas,
1221 835 1264 875 te
1296 834 1445 889 regere
1476 847 1666 889 possum.

810 923 960 968 XXIX
992 922 1090 982 (19)

895 1001 1008 1045 Aiax

298 1079 436 1124 Video
468 1082 530 1137 te,
562 1080 711 1124 uideo:
744 1078 863 1137 uiue,
895 1080 1063 1137 Vlixes,
1095 1079 1199 1123 dum
1229 1080 1346 1123 licet:

298 1157 446 1201 Ocuh's
478 1161 745 1215 postremum
775 1159 925 1202 himen
955 1158 1173 1201 radiatum
1204 1159 1325 1215 rape!

181 1277 332 1312 iambici
357 1278 396 1312 in
430 1279 626 1322 tragoedia
658 1279 885 1322 exemplum,
919 1289 1001 1311 nani
1034 1278 1167 1311 dubius
1199 1281 1259 1311 est
1282 1277 1377 1310 Attii
1402 1288 1446 1310 u.·
1461 1278 1540 1311 697.
1589 1277 1720 1319 Itaque

178 1323 306 1366 procul
332 1323 418 1357 hinc
445 1324 654 1358 habendum
685 1334 768 1358 esse
801 1323 972 1357 iudicant
1001 1323 1182 1367 Iosephus
1206 1323 1347 1356 Krauss
1373 1333 1463 1358 muS.
1489 1322 1608 1357 Rhen.
1633 1322 1722 1355 VIII

178 1369 244 1403 532
277 1373 317 1402 et
341 1370 385 1403 L.
410 1370 568 1404 Mueller
592 1369 730 1404 annali.
756 1369 896 1413 philoll.
924 1370 1011 1403 1868
1038 1380 1071 1412 p.
1095 1370 1163 1403 432
1190 1379 1247 1412 sq.
1294 1369 1382 1412 Ipse
1413 1370 1526 1412 poeta
1559 1367 1721 1409 fortasse

177 1415 346 1449 senarios
371 1415 483 1449 haec
513 1441 522 1448 .
542 1441 550 1448 .
572 1440 581 1450 .
611 1415 734 1449 cluet
759 1417 765 1458 Ι
791 1413 997 1448 Minerua
1019 1415 1187 1448 dederat.
1220 1415 1350 1448 Martis
1377 1418 1415 1447 et
1430 1414 1625 1447 Mineruae
1644 1412 1722 1446 filia

177 1459 240 1495 uel
258 1461 427 1494 Victoria.
445 1460 504 1495 uel
522 1462 651 1495 Virtus
666 1461 727 1494 uel
745 1462 826 1495 Pax
842 1460 917 1494 diei
934 1464 1093 1504 poterat.
1169 1460 1290 1493 XXVI
1307 1459 1439 1493 Cicero
1457 1459 1502 1492 de
1521 1463 1595 1493 nat.
1619 1458 1719 1494 deor.

177 1505 195 1538 1
218 1507 282 1548 42,
308 1507 373 1540 119
395 1509 550 1541 ‘omitto
574 1507 855 1547 Eleusinem,
885 1510 1056 1539 sanctam
1079 1505 1183 1539 illam
1207 1510 1244 1539 et
1274 1510 1488 1548 augustam.
1523 1505 1600 1538 ubi
1632 1505 1723 1537 ini-

179 1550 375 1584 tiantur’
394 1561 426 1586 e;
442 1563 475 1595 q.
489 1563 517 1586 s.
537 1555 747 1595 ‘praetereo
765 1551 1058 1586 Samothraciam
1076 1562 1194 1595 eaque
1212 1561 1310 1594 quae
1326 1551 1460 1584 Lemni
1481 1548 1690 1594 [XXXVII]
1711 1552 1721 1568 ’

179 1596 353 1630 Fortasse
371 1597 410 1631 in
427 1598 626 1631 Erechthei
643 1597 837 1630 Ennianae
857 1596 1006 1630 fabulae
1025 1597 1176 1640 prologo
1193 1598 1316 1640 posita
1334 1597 1495 1631 fuerunt.
1579 1595 1721 1629 XXVII

179 1641 315 1675 Festus
346 1653 381 1686 p.
417 1644 482 1677 190
506 1645 556 1678 Μ.
591 1646 691 1687 ‘ops
728 1644 876 1686 antiqui
906 1643 1102 1684 dicebant,
1136 1653 1245 1686 quem
1277 1653 1374 1676 nunc
1405 1642 1642 1686 opulentum,
1681 1647 1722 1674 ut

166 1687 391 1722 testimonio
417 1692 474 1722 est
498 1699 571 1722 non
597 1689 714 1723 solum
741 1689 775 1721 ei
801 1688 1022 1722 contrarium
1046 1689 1154 1731 inops
1178 1713 1362 1722 .......
1393 1687 1607 1721 concedit
1639 1698 1721 1730 ego

439 1737 450 1754 7
738 1736 743 1742 '
1034 1734 1042 1742 ⁸
1122 1745 1130 1753 ι
1308 1734 1315 1741 ”
1627 1744 1635 1751 ι
1663 1734 1671 1739 ’
1692 1744 1698 1750 .

177 1742 320 1812 {iffi
333 1733 1402 1823 tis„350„3⁶:²3ss12:133‘51‘2155323335222&3²12?ss
1420 1743 1594 1812 (ἰὲ)ξέὲὲ
1602 1736 1649 1812 ii.
1662 1735 1721 1811 ’ἐξ

177 1825 242 1857 321
269 1834 347 1868 sqq.
374 1825 530 1867 contuli,
561 1829 707 1870 poterat
732 1825 826 1859 talia
851 1825 889 1858 in
914 1824 1009 1857 Attii
1032 1825 1323 1867 Myrmidonibus
1347 1823 1513 1858 Achilles
1538 1824 1654 1867 queri.

179 1868 339 1903 XXVIII
363 1870 492 1904 Cicero
518 1881 582 1915 pro
606 1872 702 1904 Mur.
719 1872 775 1913 29,
794 1872 838 1905 60
863 1875 969 1904 ‘non
994 1870 1131 1904 multa
1155 1880 1344 1914 peccas,
1372 1870 1493 1912 inquit
1518 1869 1599 1902 ille
1626 1870 1720 1902 for-

178 1916 358 1948 tissimo
382 1917 482 1950 uiro
508 1917 661 1951 senior
686 1917 926 1961 magister,
957 1915 1034 1950 sed
1060 1917 1099 1949 si
1129 1926 1315 1960 peccas,
1352 1920 1394 1949 te
1426 1925 1583 1958 regere
1615 1925 1718 1958 pos-

178 1963 297 1994 sum.’
345 1961 600 2003 Quintilianus
624 1963 714 1997 VIII
738 1963 772 2006 6,
798 1965 842 1996 30
867 1962 1169 2004 ‘antonomasia,
1196 1972 1291 2004 quae
1317 1960 1459 2004 aliquid
1483 1971 1549 2004 pro
1574 1961 1719 1994 nomine

178 2007 283 2050 ponit
306 2031 314 2040 .
329 2031 336 2039 .
350 2032 360 2041 .
385 2006 548 2051 (Cicero)
574 2009 652 2052 ipse
674 2012 773 2042 certe
792 2019 880 2042 usus
897 2012 954 2042 est
971 2007 1041 2041 hac
1057 2007 1249 2040 libertate:
1277 2017 1363 2040 non
1388 2006 1531 2039 multa
1555 2031 1563 2039 .
1578 2031 1608 2040 ..
1633 2017 1721 2039 ma-

178 2051 342 2094 gister:
375 2057 543 2087 neutrum
576 2054 672 2086 enim
704 2064 836 2088 nomen
869 2058 925 2087 est
955 2053 1112 2096 positum
1155 2057 1193 2086 et
1229 2055 1423 2096 utrumque
1460 2050 1718 2095 intellegitur.’

178 2097 400 2131 Phoenicem
431 2100 470 2132 in
500 2099 595 2132 Attii
625 2099 920 2142 Myrmidonibus
951 2099 1164 2141 loquentem
1197 2098 1351 2142 agnouit
1375 2097 1589 2131 Ladeuicus
1621 2098 1719 2130 anal.

177 2151 277 2178 scen.
295 2154 329 2187 p.
346 2145 367 2178 3
459 2144 583 2178 XXIX
607 2143 737 2179 Cicero
762 2145 807 2179 de
833 2149 925 2179 orat.
950 2145 1007 2178 111
1031 2146 1092 2184 40,
1120 2145 1184 2177 162
1209 2144 1363 2185 (dicitur
1387 2143 1431 2176 de
1449 2143 1575 2176 uerbis
1600 2146 1720 2176 trans·

177 2187 282 2231 latis)
309 2191 399 2232 ‘quo
426 2190 463 2224 in
488 2201 622 2235 genere
649 2191 802 2233 primum
836 2194 893 2224 est
918 2189 1099 2234 fugienda
1116 2189 1392 2224 dissimilitudo:
1426 2189 1522 2222 caeli
1546 2189 1717 2232 ingentes

263 2308 317 2348 43
348 2310 519 2348 horarum
549 2310 679 2348 Leidd.
700 2311 773 2349 AC
791 2323 838 2348 m.
864 2311 884 2347 1
917 2311 994 2347 orai
1023 2311 1223 2349 Bentleius
1252 2312 1291 2347 in
1321 2310 1420 2347 Hor.
1452 2321 1573 2347 carm.
1607 2309 1633 2345 I
1649 2309 1717 2355 35,

179 2364 231 2404 29
321 2365 375 2403 44
401 2368 453 2405 sic
484 2378 550 2417 ops
571 2367 713 2416 euadit,
743 2367 807 2404 sed
839 2369 999 2405 conieci.
1032 2368 1198 2404 concedit
1219 2368 1302 2404 cod.
1334 2378 1421 2416 cops
1452 2366 1524 2404 edit
1546 2367 1723 2415 Scaliger

263 2429 452 2462 emortuus
482 2435 562 2462 sum
585 2425 626 2463 0.
649 2425 864 2463 Muellerus
957 2423 1011 2462 45
1042 2424 1098 2460 sin
1119 2426 1264 2472 scripsi
1292 2423 1376 2472 sed,
1408 2435 1478 2461 om.
1501 2425 1547 2471 si,
1570 2423 1722 2460 Halmii
1753 2455 1756 2459 .

179 2480 307 2526 codd,
341 2480 491 2519 Oxonn.
515 2481 591 2531 Οχ,
614 2483 763 2520 Pariss.
789 2482 807 2519 1
834 2480 858 2517 4
883 2481 906 2518 7
938 2480 1001 2518 sed
1033 2481 1062 2517 si
1085 2480 1177 2518 Asc.
1204 2480 1334 2527 1511,
1365 2482 1468 2529 quod
1486 2485 1719 2518 accentuum

179 2538 281 2575 ratio
302 2548 378 2575 non
401 2540 551 2577 tolerat.
631 2550 761 2588 regere
785 2544 819 2576 tc
840 2537 991 2575 Possum
1009 2537 1168 2586 frustra
1193 2540 1389 2585 temptaui.
1422 2538 1613 2575 Iambicos
1633 2547 1719 2583 sep-

179 2596 351 2632 tenarios
387 2623 539 2634 ......
577 2607 650 2633 non
678 2596 790 2634 multa
821 2595 965 2644 peccas:
1003 2600 1060 2632 set
1091 2596 1121 2632 si
1152 2594 1298 2644 peccas,
1330 2593 1381 2631 Te
1411 2594 1538 2643 regere
1570 2592 1748 2642 possum*

179 2650 457 2690 Fleckeisenus
478 2654 815 2693 commendauerat
825 2669 837 2695 ‚·
864 2653 967 2700 quod
985 2654 1019 2689 si
1037 2654 1207 2690 numeris
1227 2653 1303 2689 illis
1324 2653 1380 2688 uli
1396 2653 1543 2696 liceret,
1567 2651 1717 2687 mallem

181 2718 256 2746 uno
278 2712 474 2748 uer-siculo
495 2721 568 2748 nou
590 2709 702 2748 multa
724 2720 871 2759 peccas,
902 2708 966 2746 sed
994 2709 1025 2745 si
1045 2708 1133 2758 quid
1154 2709 1304 2758 pecode,
1336 2714 1371 2744 te
1401 2718 1528 2756 regere
1555 2705 1717 2755 possum.

293 2764 346 2804 47
379 2766 487 2805 uideo
519 2772 576 2815 te,
609 2767 716 2805 uideo
738 2767 901 2805 Bolhius
932 2764 1039 2803 uideo
1071 2765 1178 2802 uideo
1209 2770 1246 2802 te
1275 2766 1368 2802 libri
1444 2764 1527 2800 uiue
1554 2763 1645 2800 libri
1671 2764 1718 2799 de

180 2826 279 2859 orat.
312 2823 434 2860 uiuum
463 2825 554 2862 libri
579 2826 619 2862 in
649 2824 769 2862 Acad.
870 2823 967 2860 dicet
999 2822 1155 2861 Vindob.
1177 2823 1217 2859 in
1240 2823 1360 2858 Acad.
1462 2819 1517 2857 48
1549 2819 1718 2856 radiantis

182 2875 250 2927 (sc.
272 2878 376 2927 solis)
397 2881 577 2920 Muretus
607 2882 698 2920 rar.
718 2881 824 2919 Lecl.
848 2880 914 2917 XI
931 2880 954 2917 9
977 2890 998 2916 e
1029 2879 1185 2917 ‘uetere
1203 2878 1325 2915 libro'
1357 2888 1426 2914 suo
1528 2887 1615 2925 rape
1646 2888 1716 2915 orte.

180 2934 334 2972 Abi-inc.
358 2935 509 2986 Laqom.
531 2937 556 2974 4
589 2949 675 2987 cape
707 2938 861 2987 Laqom.
885 2936 908 2973 2

247 3005 401 3037 Russxcx,
422 3007 528 3034 Scaen.
549 3007 657 3040 fragm.
926 2987 930 2991 ⁶
1389 3014 1430 3044 10
