1942 3204
793 191 837 233 Q.
865 191 1048 226 ENNIVS
1636 192 1691 235 23

481 318 899 364 ANDROMACHA
933 319 1353 364 AECHMALOTls

856 416 874 458 Ι
908 414 976 473 (7)

350 526 357 534 .
389 507 527 535 annos
560 494 719 536 nuiltos
751 492 1098 552 longinquejss(
1110 494 1238 538 domo

264 569 433 613 Bellum
466 574 665 626 gerentes
698 575 913 615 summum
945 587 1113 615 summa
1145 573 1357 616 industria

840 672 884 716 II
917 671 986 731 (1)

173 759 231 802 65
263 758 595 805 Andr6machae
629 777 788 806 nomen
821 764 894 819 qui
927 762 1105 819 indidit,
1137 767 1250 807 recte
1283 763 1453 807 indidit.

826 863 893 908 III
926 863 995 922 (9)

262 986 480 995 ......
514 953 587 996 sed
620 955 745 1010 quasi
777 955 939 998 ferrum
973 958 1048 998 adt
1079 956 1189 1011 lapis

261 1029 419 1087 Durat,
450 1034 645 1075 rarenter
676 1033 894 1090 gemitum
917 1035 1100 1076 conatur
1132 1033 1309 1076 trahens

818 1134 881 1177 IV
903 1132 1001 1192 (10)

259 1221 372 1274 Quid
404 1223 483 1266 fit?
515 1194 677 1268 sediti6*
700 1225 896 1281 tabetne,
928 1240 985 1267 an
1017 1228 1220 1268 numeros
1252 1225 1458 1282 augificzit
1490 1227 1621 1269 suos?

825 1326 866 1370 V
886 1324 984 1384 (11)

256 1415 371 1459 Nzim
403 1431 541 1473 neque
562 1415 666 1460 irati
695 1431 834 1472 neque
866 1416 1015 1459 blandi
1049 1415 1281 1474 quicquam
1308 1418 1473 1461 sincere
1505 1422 1679 1462 sonunt.

227 1547 489 1582 AnnnouAan
508 1547 782 1582 AncnuAnons
808 1547 870 1581 uel
894 1548 1018 1591 potius
1035 1547 1271 1582 Ammonioi
1296 1558 1568 1592 AsmuAnoms,
1595 1561 1678 1584 nam

135 1593 355 1636 epenthesin
390 1593 559 1628 indicant
589 1593 764 1628 librorum
797 1593 1041 1637 corruptelae.
1089 1593 1146 1628 cf.
1174 1594 1306 1628 Cicero
1338 1595 1383 1628 de
1409 1599 1485 1638 opt.
1513 1605 1595 1639 gen.
1622 1606 1675 1629 or.

137 1639 175 1679 6,
209 1639 262 1672 18.
300 1639 345 1672 dc
377 1638 491 1674 diuiu.
523 1639 538 1672 1
572 1640 628 1678 12.
654 1641 709 1673 23.
741 1639 858 1673 Aead.
891 1650 943 1683 pr.
974 1639 1069 1680 117,
1095 1642 1149 1675 20.
1188 1639 1287 1673 Acta
1318 1642 1375 1674 est
1407 1641 1504 1674 ludis
1535 1641 1677 1685 Apolli—

137 1684 288 1718 naribus
307 1695 344 1721 ιι.
371 1686 437 1718 700
461 1687 558 1718 teste
584 1684 782 1727 Cicerone,
813 1685 876 1728 qui
906 1685 951 1718 de
976 1685 1204 1728 Antiphonte
1235 1685 1518 1720 Andromachae
1550 1690 1677 1720 actore

137 1729 231 1763 haec
261 1729 308 1763 ad
337 1730 502 1763 Atticum
533 1729 684 1773 scripsit
708 1730 759 1763 IV
785 1731 845 1771 15,
871 1731 909 1763 6:
942 1731 1058 1764 ‘redii
1089 1731 1240 1765 Romam
1274 1732 1407 1765 Fontei
1439 1743 1553 1765 causa
1584 1743 1618 1766 a.
1643 1732 1677 1765 d.

137 1775 207 1809 v11
227 1773 316 1810 Idus
333 1775 478 1816 Quinct.
496 1776 583 1809 ueni
599 1776 637 1808 in
655 1775 923 1819 spectaculum,
949 1776 1103 1820 primum
1128 1787 1262 1820 magno
1288 1781 1325 1811 et
1341 1777 1527 1821 aequabili
1546 1777 1678 1821 plausu

136 1838 179 1845 —
204 1821 268 1854 scd
294 1821 362 1854 hoc
387 1831 432 1854 ne
450 1821 608 1854 curaris:
636 1831 704 1864 ego
722 1821 873 1865 ineptus
898 1823 961 1865 qui
985 1822 1197 1865 scripserim
1215 1834 1277 1863 ——3
1305 1822 1438 1857 deinde
1456 1823 1678 1866 Antiphonti

134 1877 294 1909 operam.
341 1867 376 1901 is
407 1871 488 1900 crat
519 1870 608 1900 ante
639 1877 750 1900 manu
781 1868 912 1901 missus
944 1878 1054 1910 quam
1084 1868 1295 1911 productus.
1345 1878 1392 1901 ne
1425 1868 1562 1902 diutius
1588 1880 1676 1912 peu-

136 1912 243 1952 deas‚
269 1912 431 1956 palmam
456 1912 562 1953 tulit;
588 1913 653 1946 sed
678 1912 771 1946 nihil
797 1915 872 1946 tam
898 1913 1090 1956 pusillum.
1115 1913 1210 1947 nihil
1235 1917 1311 1946 tam
1337 1915 1417 1947 sine
1442 1925 1553 1955 uoce,
1587 1914 1677 1947 nihil

135 1961 211 1992 tam
238 1976 278 1982 —
302 1968 429 1992 uerum
454 1958 547 1992 haec
572 1961 612 1991 tu
636 1961 757 1992 tecum
782 1958 932 1994 habeto.
964 1959 1003 1991 in
1026 1958 1288 1992 Andromacha
1312 1963 1437 1993 tamen
1462 1960 1578 1993 maior
1605 1960 1677 1993 fuit

135 2013 243 2046 quam
260 2003 464 2046 Astyanax,
489 2004 527 2037 in
553 2004 689 2038 ceteris
714 2014 840 2047 parem
857 2004 988 2038 habuit
1003 2005 1215 2040 neminem.’
1247 2005 1265 2038 Ι
1282 2004 1376 2041 Non.
1393 2006 1472 2047 402,
1490 2008 1511 2039 3
1536 2008 1548 2026 ‘
1558 2015 1675 2039 sum-

135 2059 260 2091 mum,
287 2048 504 2094 gloriosum,
530 2048 720 2084 laudabile
744 2075 753 2084 .
774 2076 783 2083 .
804 2074 812 2082 .
835 2049 978 2084 Ennius
1002 2049 1284 2083 Andromaca
1308 2050 1420 2084 hacc
1449 2050 1564 2084 malo
1588 2076 1595 2084 .
1617 2077 1625 2085 .
1646 2077 1654 2085 .

133 2093 235 2128 Idem
259 2095 338 2136 514,
367 2096 407 2128 14
432 2094 708 2138 ‘longinque
734 2099 772 2129 et
795 2094 959 2139 longiter
989 2106 1054 2139 pro
1079 2095 1200 2139 longe.
1247 2096 1413 2130 Accius
1436 2096 1675 2130 Androma-

133 2139 213 2173 che
251 2141 418 2174 eimalo
454 2143 542 2175 ...’
587 2138 952 2183 (Andromachae
991 2141 1153 2175 eimala
1188 2141 1318 2175 Bamb.
1368 2142 1675 2176 Andromacha

133 2185 480 2219 aechmalotide
510 2185 668 2220 Rothius
698 2189 737 2220 et
769 2186 828 2220 his
860 2190 898 2220 et
920 2187 1057 2221 ceteris
1087 2186 1196 2229 locis)
1305 2188 1342 2221 ΙΙ
1366 2187 1482 2222 Varro
1513 2188 1558 2221 de
1583 2187 1607 2222 l.
1633 2189 1675 2220 L.

132 2230 202 2264 VII
220 2232 264 2264 82
282 2232 329 2264 M.
355 2231 475 2274 ‘apud
495 2232 671 2265 Ennium:
697 2231 999 2266 Andromachae’
1021 2244 1053 2268 e.
1073 2243 1106 2275 q.
1124 2243 1153 2270 s,
1179 2233 1311 2266 ‘iteum
1331 2232 1401 2277 [38]
1427 2234 1565 2267 imitari
1591 2233 1674 2266 dum

131 2276 252 2310 uoluit
275 2276 491 2320 Euripidem
516 2280 554 2311 et
578 2287 716 2321 ponere
741 2274 902 2322 ἔτυμον,
936 2281 994 2312 est
1018 2278 1162 2321 lapsus:
1189 2289 1274 2311 nam
1300 2279 1552 2322 Euripides
1578 2280 1673 2322 quod

135 2321 280 2356 Graeca
304 2323 444 2366 posuit,
470 2318 592 2365 ἔτυμα
616 2325 702 2356 sunt
726 2328 867 2366 aperta.
901 2323 970 2358 Ille
996 2324 1064 2368 ait,
1090 2323 1172 2357 ideo
1197 2334 1328 2357 nomen
1354 2324 1515 2357 additum
1534 2324 1672 2357 Andro-

133 2367 304 2411 machae,
338 2367 436 2410 quod
467 2361 581 2412 ἀνδρὶ
611 2364 668 2412 μυί
694 2378 798 2402 stat:
828 2369 899 2402 hoc
932 2370 1043 2403 Ennii
1073 2369 1154 2412 quis
1187 2372 1310 2412 potest
1341 2370 1561 2412 intellegere
1593 2370 1673 2402 uiro

138 2413 332 2446 aduersam
357 2412 580 2457 significare:
605 2414 661 2447 An
689 2414 910 2448 romachae’
937 2425 969 2449 e.
986 2425 1021 2458 q.
1041 2425 1071 2450 s,
1143 2415 1199 2448 111
1216 2415 1308 2448 Non.
1326 2416 1408 2457 515,
1428 2417 1471 2448 27
1497 2418 1673 2452 ‘rarent-

133 2460 202 2492 ter
303 2459 445 2492 Ennius
468 2458 743 2494 Andromacha:
770 2460 857 2494 sed’
883 2471 916 2494 e.
942 2471 980 2504 q.
1005 2471 1034 2495 s.
1137 2460 1188 2493 IV
1213 2461 1305 2495 Non.
1331 2462 1391 2503 76,
1427 2463 1440 2493 l
1476 2461 1672 2503 ‘angisi-

134 2507 232 2546 cat,
255 2507 382 2548 auget.
422 2505 565 2539 Ennius
589 2505 861 2539 Andromacha:
888 2505 975 2550 quid
999 2505 1060 2539 fit'
1086 2518 1116 2540 e.
1141 2516 1175 2549 q.
1202 2517 1229 2539 s.
1347 2506 1378 2539 V
1402 2506 1494 2540 Non.
1520 2508 1604 2548 505,
1629 2508 1673 2539 25

135 2551 325 2583 ‘sonunt
426 2550 566 2584 Ennius
590 2551 864 2586 Andromace
890 2551 1228 2595 ethemapotide
1260 2576 1269 2585 .
1290 2577 1298 2586 .
1319 2554 1347 2584 .’

246 2682 299 2720 63
319 2694 339 2718 a
359 2681 467 2719 domo
492 2682 638 2721 Nonius
653 2696 694 2732 p.
719 2683 800 2722 515
891 2683 944 2722 65
972 2684 1072 2722 rcc'tc
1093 2685 1125 2721 ei
1145 2683 1274 2721 indidit
1295 2683 1403 2720 Flor.
1494 2682 1546 2719 66
1569 2683 1668 2730 quusi

133 2739 266 2776 serrum
300 2739 434 2776 Bamb.
467 2739 518 2775 W
542 2741 643 2788 quasi
673 2746 735 2778 aut
766 2741 901 2778 serrum
932 2744 1054 2779 ceteri
1081 2742 1173 2778 libri
1268 2740 1319 2776 67
1352 2743 1502 2775 conatur
1533 2738 1669 2775 trabem

131 2797 223 2833 libri
250 2801 383 2833 conatu
420 2797 566 2834 trahens
596 2797 749 2846 Lipsius
786 2803 951 2835 conatur.
984 2797 1117 2834 Trabea
1149 2797 1366 2834 Palmerius
1394 2797 1574 2843 Spiciley.
1604 2807 1669 2844 ap.

135 2853 245 2890 Grul.
277 2853 344 2890 IV
370 2853 450 2892 769
575 2853 627 2892 68
660 2853 805 2892 tabctne
835 2855 988 2903 Lipsius
1016 2856 1062 2891 Α.
1093 2855 1135 2891 L.
1166 2855 1190 2890 Ι
1202 2855 1230 2890 V
1262 2852 1311 2890 17
1344 2851 1491 2889 tabesne
1517 2853 1608 2889 libri

134 2920 303 2947 numeros
333 2910 471 2948 Aldina
502 2922 674 2948 numerus
701 2912 793 2950 libri
908 2912 959 2949 69
992 2912 1181 2960 quicquam
1214 2911 1297 2947 edd.
1328 2909 1617 2958 quiquamlibri
