1942 3204
690 246 853 279 LlVIVS
880 245 1192 281 ANDRONIOVS
1688 250 1716 290 ἶ)

605 350 683 392 nx
724 350 997 394 monimus
1035 351 1286 395 FAssvffls

890 440 910 483 Ι
944 439 1004 498 (1)

206 517 264 558 30
294 515 465 559 Florem
497 517 760 560 &inculabant
792 516 939 560 Liberi
972 534 1022 561 ex
1054 519 1295 562 carchesiis.

870 595 913 638 II
947 593 1014 653 (5)

295 705 304 714 .
337 705 346 714 .
377 672 451 715 sed
483 672 556 728 qui
588 674 690 715 sunt
719 671 786 729 hs,
817 673 890 729 qui
921 674 1161 716 ascendunt
1191 675 1327 718 ailtum
1359 676 1523 719 ocrim?

858 762 925 805 III
957 761 1025 820 (3)

815 840 1036 896 celsosque
1070 839 1147 899 [in]
1182 842 1293 885 ocris
1678 858 1713 881 :⁵0

291 916 495 974 Aruaique
528 917 671 973 putria
703 919 746 960 et
776 933 893 960 mare
925 919 1144 976 mzignum.
1704 921 1710 926 ’

862 1007 925 1051 IV
946 1006 1014 1066 (4)

516 1100 701 1141 namque
734 1085 919 1128 Taenari
951 1086 1088 1128 cels6s
1120 1087 1231 1130 ocris

875 1175 915 1218 V
937 1173 1004 1233 (2)

201 1253 259 1296 35
290 1252 410 1295 Haut
441 1255 490 1295 lit
521 1267 647 1308 quem
679 1251 810 1296 Chiro
841 1253 888 1295 in
918 1253 1038 1296 Pelio
1071 1251 1220 1296 docuit
1251 1254 1351 1297 ocri.

841 1342 906 1385 VI
938 1341 1035 1400 (10)

289 1420 462 1476 Mulier,
495 1408 688 1477 quisquis
720 1422 783 1476 es,
813 1423 857 1463 te
890 1421 1101 1463 uolumus.

579 1488 767 1554 χὴ’ἶἯ
799 1508 928 1567 <vm
959 1509 1040 1566 Eq.
1061 1509 1131 1552 Tr.
1152 1508 1200 1566 3)

288 1588 382 1640 Quo
415 1587 605 1631 Castalia
635 1589 712 1644 per
743 1588 923 1631 struices
955 1589 1105 1631 saxeas
1135 1587 1262 1644 lapsu
1293 1589 1461 1631 accidit.
1673 1602 1707 1625 :⁵⁶

769 1677 878 1720 vm
910 1676 993 1734 (IX
1029 1676 1103 1734 14)
1142 1662 1145 1666 ’

290 1755 426 1806 Quem
459 1769 539 1811 ego
573 1755 823 1798 nefrendem
856 1755 942 1797 alui
973 1756 1157 1797 laicteam
1187 1755 1446 1812 immulgens
1479 1771 1616 1813 opem.

263 1904 319 1938 Ex
342 1905 422 1938 Ine.
449 1905 539 1937 ΓΑΒ.
566 1904 582 1937 1
608 1903 713 1936 Pauli
742 1905 876 1937 Festus
900 1914 934 1947 p.
962 1905 1001 1937 11
1027 1904 1077 1937 Μ.
1109 1904 1312 1938 ‘anelare
1337 1904 1484 1938 haurire
1515 1916 1537 1939 a
1562 1904 1708 1939 Graeco

173 1949 398 1986 deseendit?
446 1949 557 1983 Thes.
586 1960 670 1983 nou.
702 1949 765 1985 lat.
799 1949 900 1993 apud
923 1950 962 1983 A.
988 1951 1066 1983 Mai
1097 1953 1192 1983 auct.
1219 1950 1330 1984 class.
1361 1961 1380 1983 e
1407 1950 1511 1985 codd.
1538 1952 1622 1986 Vat.
1647 1951 1706 1985 ed.

167 1996 258 2030 VIII
282 2007 318 2039 p.
343 1996 388 2028 26
419 1995 576 2028 ‘anolo
602 2022 610 2030 .
636 2020 646 2029 .
672 2020 681 2029 .
706 1995 854 2029 haurire
878 1996 1031 2029 uerbum
1054 1996 1233 2038 aetiuum3
1259 1995 1357 2028 unde
1382 1996 1527 2030 Liuius:
1557 1996 1703 2030 florem'

170 2053 201 2078 e.
229 2051 263 2085 q.
289 2052 319 2077 s.
413 2040 534 2075 11-v
557 2040 692 2074 Festus
717 2051 751 2084 p.
779 2041 842 2075 181
866 2040 918 2076 M.
944 2044 1110 2075 ‘ocrem
1137 2042 1301 2084 antiqui,
1326 2044 1367 2074 ut
1390 2041 1519 2075 Ateius
1543 2042 1704 2076 Philolo-

167 2097 236 2131 gus
265 2087 304 2120 in
332 2086 426 2120 libro
453 2086 766 2120 Glossematorum
795 2087 926 2129 refert,
959 2090 1119 2120 montem
1145 2087 1402 2130 confragosum
1427 2087 1630 2128 uocabant,
1662 2093 1704 2122 ut

166 2135 257 2176 aput
280 2132 427 2166 Liuium
455 2128 532 2176 [31]
559 2135 614 2165 et:
643 2129 714 2175 [32.
737 2130 797 2175 33]
826 2129 904 2176 [34]
931 2135 986 2166 et:
1015 2130 1122 2176 [35].’
1155 2133 1217 2166 Fr.
1236 2133 1267 2166 V
1285 2132 1332 2166 ad
1351 2132 1532 2166 Achillem
1557 2130 1703 2167 uidetur

166 2178 364 2222 pertinere.
461 2177 510 2211 VI
537 2177 627 2212 Non.
656 2178 734 2219 197,
765 2180 806 2212 31
841 2179 959 2211 ‘cuis
992 2181 1030 2210 et
1053 2178 1181 2222 generi
1207 2178 1384 2212 feminino
1413 2179 1568 2212 attribui
1591 2189 1701 2223 posse

165 2226 335 2258 ueterum
359 2223 562 2256 auctoritas
591 2221 737 2256 uoluit.’
854 2220 924 2257 VII
948 2224 1052 2257 Fest.
1084 2235 1118 2267 p.
1145 2225 1212 2257 310
1236 2224 1286 2258 M.
1312 2225 1534 2258 ‘struices
1559 2225 1702 2267 antiqui

166 2269 343 2303 dicebant
366 2268 617 2303 extructiones
643 2269 802 2302 omnium
820 2272 969 2303 rerum.’
1063 2270 1204 2302 Laenio
1229 2269 1294 2302 has
1319 2269 1525 2311 elegantias
1549 2269 1702 2304 redden-

166 2315 234 2348 das
264 2317 391 2348 censet
419 2313 605 2357 Bergkius
634 2313 787 2357 Ephem.
821 2315 907 2349 Hal.
942 2315 1029 2348 1842
1060 2325 1095 2358 p.
1125 2315 1191 2349 239
1311 2315 1400 2350 VIII
1430 2315 1540 2348 Pauli
1570 2316 1701 2349 Festus

166 2372 201 2404 p.
229 2361 292 2394 163
322 2359 370 2396 M,
403 2358 491 2393 ‘alii
522 2358 652 2393 dicunt
683 2359 931 2394 nefrendes
962 2360 1128 2394 infantes
1167 2370 1248 2394 esse
1281 2360 1438 2394 nondum
1470 2360 1699 2404 frendentes,

277 2503 332 2541 30
361 2502 573 2541 anculabant
604 2503 781 2553 Scaliqer
817 2503 1004 2541 anclabant
1040 2506 1133 2542 libri
1246 2503 1298 2542 32
1330 2505 1364 2541 in
1397 2516 1465 2541 om.
1499 2506 1581 2541 cod.
1641 2506 1699 2542 De.

163 2561 357 2599 Salurniis
376 2562 546 2598 numeris
566 2560 610 2598 G.
632 2560 883 2599 Her-mannus
904 2566 941 2598 et
964 2561 1006 2599 0.
1029 2562 1256 2608 Muellerus,
1277 2562 1324 2598 cle
1347 2562 1515 2599 heroicis
1538 2562 1698 2599 Bolhias

163 2619 382 2667 coqilarunt
497 2617 550 2655 38
593 2618 730 2655 Verum
767 2628 843 2655 non
881 2623 937 2655 est
975 2620 1079 2667 quod
1106 2619 1147 2656 L.
1181 2618 1349 2655 Mueller
1384 2619 1430 2655 de
1460 2628 1504 2654 re
1534 2630 1581 2654 m.
1613 2617 1695 2656 429

162 2676 327 2712 iactauit
363 2673 571 2711 nefrendem
608 2676 832 2712 necessario
870 2680 911 2712 ut
947 2675 1108 2714 nefastus
1140 2676 1308 2723 primam
1347 2675 1534 2723 syllabam
1573 2677 1695 2711 corri-

160 2741 277 2780 pere.-
300 2731 486 2779 producit
515 2732 675 2769 eandem
697 2742 861 2781 nequam.
905 2731 1078 2770 Celerum
1104 2732 1157 2780 cf.
1181 2734 1339 2780 quaein
1361 2731 1540 2777 symbolis
1567 2743 1695 2779 yram—

162 2789 313 2825 malicis
341 2786 541 2837 (Beitriiye
571 2801 606 2826 z.
627 2788 752 2826 Lehre
782 2799 853 2827 von
884 2790 920 2827 d.
950 2791 1083 2827 latein.
1105 2787 1323 2834 Parlilceln)
1341 2799 1381 2834 ρ.
1407 2787 1457 2823 12
1480 2797 1536 2835 sq.
1560 2786 1614 2826 46
1635 2799 1692 2837 sq.

163 2846 209 2882 de
240 2845 364 2882 uariis
392 2855 438 2882 ne
463 2846 688 2891 particulae
704 2845 853 2894 -sormis
881 2847 1058 2883 disserui.
1106 2846 1226 2890 Quam
1259 2847 1293 2880 si
1322 2848 1518 2881 constaret
1549 2846 1587 2881 in
1616 2845 1694 2882 hac

163 2902 433 2948 compositione
463 2901 616 2939 breuem
643 2901 782 2950 fuisse,
814 2907 971 2950 possent
1001 2904 1152 2939 memet-i
1179 2904 1236 2938 sic
1262 2900 1353 2949 fere
1383 2902 1536 2939 restitui
1544 2917 1554 2936 .·
1585 2912 1691 2951 quem

163 2957 233 3009 ego
265 2956 472 2996 nefrendem
503 2957 574 2996 alui
604 2957 753 2998 educaui
784 2959 807 2996 l.
840 2960 863 2995 i.
895 2970 929 2996 ο.
