1942 3204
794 197 847 232 Μ.
872 197 1112 233 PAcvv1vs
1651 198 1732 240 119

841 302 949 345 XIII
983 301 1081 361 (25)

979 375 1087 418 mihi
1120 374 1300 417 classem
1333 373 1519 431 imperat

311 450 567 494 Thessalum
593 453 873 509 nostramque
905 453 952 496 in
971 453 1108 496 altum
1139 454 1189 496 ut
1206 453 1447 509 properiter
1466 454 1730 498 deducerem.

858 530 965 574 XIV
996 528 1066 588 (8)

309 601 474 658 Raipide
506 603 621 644 retro
653 602 847 658 citroque
877 603 1041 659 percito
1075 603 1197 646 aestu
1230 603 1511 659 praecipitem
1544 606 1682 646 ratem

309 678 611 736 Rdciprocare,
643 680 868 736 undaeque
900 696 922 723 e
955 681 1131 738 gremiis
1166 681 1406 724 subiectare
1439 680 1644 737 adfligere

796 757 881 801 XV
913 755 1003 815 (26.
1035 756 1113 815 27)

189 828 277 873 335
309 863 318 872 .
350 863 359 872 .
392 863 401 872 .
434 863 442 871 .
475 830 790 872 armamentum
822 828 1000 886 stridor,
1031 830 1174 873 flictus
1209 830 1406 886 nauium,

308 905 523 963 Strepitus
553 907 750 950 fremitus
777 908 940 950 eltimor
965 908 1207 952 tonitruum
1239 910 1283 951 et
1311 909 1542 951 rudentum
1575 909 1728 953 sibilus

186 1027 272 1071 337
837 985 944 1029 XVI
970 983 1069 1043 (18)

186 1087 272 1131 338
306 1056 406 1101 'Vbi
435 1059 589 1113 poetae
620 1059 699 1113 pro
732 1057 838 1099 suad
870 1059 962 1100 arte
994 1058 1105 1100 falsa
1137 1059 1322 1101 conficta
1361 1061 1607 1115 autumant,

185 1192 298 1238 nesti)
325 1197 458 1238 ‘agere
484 1194 565 1227 sine
591 1192 716 1227 dolore
742 1204 814 1227 non
840 1197 1006 1238 poterat:
1033 1195 1145 1238 quid?
1177 1196 1382 1229 Pacuuium
1408 1197 1551 1239 putatis
1575 1198 1611 1229 in
1637 1199 1725 1231 scri-

185 1240 307 1274 bendo
330 1240 407 1274 leni
433 1239 555 1273 animo
580 1250 625 1272 ae
650 1239 802 1273 remisso
829 1239 970 1273 fuisse?
1011 1241 1115 1273 Fieri
1139 1240 1240 1274 nullo
1267 1241 1371 1274 modo
1398 1242 1546 1285 potuit.’
1585 1243 1725 1276 Ibidem

183 1286 240 1320 111
264 1287 326 1328 58,
350 1287 417 1319 217
443 1285 564 1319 ‘aliud
590 1285 686 1318 enim
712 1286 815 1319 uocis
840 1296 958 1329 genus
984 1286 1173 1319 iracundia
1198 1287 1269 1321 sibi
1294 1289 1419 1329 sumit,
1443 1292 1608 1327 acutum,
1633 1289 1725 1322 inci-

184 1334 319 1371 tatum,
350 1331 480 1365 crebro
511 1330 681 1364 incidens
712 1356 719 1364 .
740 1356 748 1366 .
767 1356 775 1364 .
809 1334 846 1364 et
877 1342 921 1365 ea
953 1342 1048 1375 quae
1074 1335 1115 1364 tu
1144 1332 1297 1372 dudum,
1324 1334 1480 1374 Antoni,
1514 1334 1742 1377 protulisti:¹

183 1387 432 1421 segregare
455 1377 534 1410 abs
560 1379 602 1410 te
629 1380 792 1411 ausus.’
887 1377 980 1410 XIII
1004 1377 1098 1411 Non.
1127 1379 1213 1421 155,
1239 1379 1260 1411 4
1287 1379 1533 1422 ‘properatim
1560 1383 1597 1412 et
1622 1391 1723 1423 pro-

183 1425 376 1467 periter,
401 1422 588 1462 celeriter,
615 1426 858 1466 properanter
881 1448 888 1455 .
909 1448 918 1456 .
939 1425 968 1456 .’
1077 1423 1164 1456 XIV
1190 1425 1325 1457 Festus
1349 1435 1385 1468 p.
1410 1426 1478 1458 274
1503 1426 1550 1460 M.
1583 1428 1722 1459 ‘reci—

183 1479 372 1513 procare
398 1479 463 1512 pro
487 1468 583 1502 ultro
609 1468 776 1511 citroque
802 1479 955 1512 poscere
980 1469 1038 1502 usi
1063 1472 1149 1502 sunt
1173 1470 1335 1512 antiqui,
1367 1471 1456 1513 quia
1487 1482 1641 1513 procare
1667 1476 1724 1505 est

184 1517 368 1558 poscere)
410 1513 549 1547 Paulus
573 1525 608 1557 p.
634 1516 702 1548 275
727 1515 776 1549 Μ.
807 1515 1124 1558 ‘reciprocare
1158 1526 1222 1558 pro
1254 1515 1351 1548 ultro
1376 1516 1542 1559 citroque
1568 1528 1722 1560 poscere

273 1570 426 1604 procare
451 1563 509 1594 est
534 1570 704 1602 poscere=
732 1559 844 1593 unde
869 1570 978 1603 eque
1004 1561 1187 1603 gremiis
1214 1571 1242 1595 s.
1269 1564 1318 1597 a.'
1413 1561 1479 1594 XV
1505 1562 1657 1596 Seruius
1683 1566 1722 1596 in

181 1606 272 1639 Aen.
298 1606 316 1639 1
341 1607 384 1639 87
410 1604 637 1648 ‘stridorque
669 1602 873 1648 rudentum]
907 1606 1073 1649 proprie,
1107 1616 1191 1639 nam
1223 1607 1262 1639 in
1293 1607 1446 1640 funibus
1479 1607 1617 1641 stridor
1649 1612 1719 1652 est,

182 1651 318 1685 stridor
349 1653 406 1684 est
435 1650 579 1686 sibilus.
628 1650 816 1684 Pacuuius
846 1652 884 1683 in
909 1652 1075 1684 Teucro:
1104 1656 1430 1685 armamentum
1461 1653 1649 1693 stridor,
1683 1659 1722 1688 et

182 1697 422 1730 rudentum
454 1695 654 1730 sibilus)
696 1698 814 1730 Varro
839 1696 884 1729 de
909 1696 932 1729 l.
959 1698 1002 1730 L.
1026 1698 1057 1730 V
1083 1698 1102 1730 7
1128 1697 1175 1732 Μ.
1203 1698 1523 1741 ‘quemadmodum
1548 1700 1716 1743 quodque

181 1745 292 1786 poeta
325 1741 472 1775 finxerit
507 1741 678 1780 uerbum,
717 1740 952 1783 confinxerit,
991 1741 1202 1776 declinarit.
1260 1744 1332 1776 Hic
1369 1744 1529 1776 Paeui’
1568 1745 1720 1788 (parui

180 1786 297 1830 Flor.)
339 1787 600 1820 ‘rudentum
626 1787 821 1821 sibilus.’
863 1787 1010 1821 Seruius
1035 1787 1074 1820 in
1098 1788 1188 1823 Aen.
1211 1788 1263 1821 IX
1290 1790 1356 1822 667
1382 1789 1545 1823 ‘flictu
1570 1801 1634 1833 pro
1662 1793 1719 1824 af-

179 1833 284 1867 flictu
308 1833 369 1866 uel
393 1833 552 1875 inflictu,
579 1833 604 1866 i.
632 1843 664 1866 e.
689 1834 766 1866 ictu
795 1858 802 1865 .
824 1858 831 1865 .
851 1858 860 1867 .
891 1837 929 1866 et
959 1832 1103 1866 locutus
1130 1837 1187 1867 est
1218 1834 1323 1867 iuxta
1355 1835 1546 1878 antiquum
1572 1847 1717 1870 morem.

179 1879 410 1912 Pacuuius
440 1880 627 1913 Teucro:
660 1877 824 1912 flietus
862 1879 1066 1912 nauium)
1123 1879 1274 1913 Caelius
1306 1881 1343 1912 in
1377 1880 1568 1914 Ciceronis
1600 1882 1718 1924 Epist.

179 1925 227 1958 ad
250 1925 353 1959 Fam.
376 1924 464 1958 VIII
489 1926 509 1957 2
535 1925 594 1957 ‘in
619 1923 803 1958 theatrum
827 1949 857 1958 ..
873 1949 881 1957 .
904 1925 1128 1958 Hortensius
1151 1925 1298 1958 introiit
1321 1951 1328 1958 .
1349 1951 1358 1959 .
1378 1951 1386 1959 .
1415 1926 1476 1958 hic
1501 1927 1571 1959 tibi
1598 1926 1717 1971 [3361’

178 1969 363 2004 Conflauit
390 1970 457 2003 has
489 1969 698 2013 particulas
731 1970 772 2004 G.
803 1970 1044 2003 Hermannus.
1094 1970 1260 2004 Contulit
1290 1971 1473 2015 Bergkius
1504 1972 1549 2004 de
1584 1973 1715 2016 fragm.

180 2016 290 2060 Soph.
317 2026 336 2049 e
362 2015 556 2059 Sophoclis
579 2016 722 2049 Teucro
751 2016 794 2052 fr.
819 2017 885 2050 517
910 2015 955 2048 N.
1073 2016 1159 2050 XVI
1184 2016 1276 2051 Non.
1303 2018 1387 2059 506,
1413 2018 1457 2050 26
1489 2018 1718 2062 ‘amplaut

292 2112 370 2150 331
405 2113 557 2162 imperat
577 2111 786 2150 Mera-erus
812 2113 981 2161 impetrat
999 2113 1091 2150 libri
1176 2112 1258 2150 332
1280 2113 1486 2151 Thessalam
1509 2116 1567 2152 eci.
1592 2116 1715 2162 1526,

178 2171 430 2208 Hermannus
515 2170 670 2206 nauitam
704 2170 831 2207 Vrbin.
855 2169 937 2208 308
1032 2169 1113 2208 333
1143 2172 1200 2207 sic
1221 2170 1458 2208 Buecheleri
1483 2175 1627 2219 partim
1658 2176 1714 2210 in-

175 2229 286 2276 qenio
316 2228 471 2264 adiutus
501 2226 658 2275 effluxi.
698 2226 822 2276 rapido
853 2227 1041 2275 reciproco
1073 2228 1212 2276 percito
1243 2234 1400 2277 augusto
1438 2229 1550 2266 citare
1580 2235 1714 2267 rectem

176 2285 259 2322 cod.
293 2283 413 2333 rapide
435 2283 606 2332 percitam
627 2288 749 2320 aestus
770 2284 886 2321 ociter
915 2288 1028 2321 ratem
1051 2285 1303 2322 Hermannus
1334 2285 1457 2334 rapido
1487 2286 1582 2323 ultro
1604 2288 1714 2324 citro-

177 2352 248 2390 que
278 2341 435 2389 percitae
455 2345 558 2377 aestu
589 2340 665 2388 (uel
686 2340 826 2389 austro)
856 2342 1088 2390 praeeipitem
1109 2347 1220 2378 ratem
1246 2342 1522 2380 Buechelerus.
1553 2350 1712 2392 angusto

178 2398 213 2434 in
245 2397 354 2434 marei
383 2402 496 2434 ratem
527 2401 672 2435 exilum
702 2408 813 2447 quem
841 2398 1018 2435 ludebam
1056 2411 1131 2436 non
1163 2401 1520 2449 commendatiorim.
1630 2401 1711 2438 334

177 2455 401 2503 reciprocare
430 2456 514 2492 scil.
546 2457 653 2492 uenti
738 2454 926 2504 undaeque
957 2466 977 2491 e
1007 2456 1153 2504 gremiis
1183 2455 1385 2493 subiectare
1416 2456 1588 2505 adfligere
1611 2459 1725 2506 Her-⁴

177 2522 343 2549 mannus
373 2510 469 2548 unde
498 2522 591 2560 eque
621 2512 767 2561 gremiis
804 2511 1006 2549 subiectare
1042 2511 1201 2562 adfigere
1232 2515 1314 2550 cod.
1347 2515 1457 2550 Festi
1487 2514 1580 2550 unde
1618 2526 1710 2563 eque

175 2569 322 2618 gremiis
352 2566 555 2606 subiectare
584 2579 628 2606 ac
648 2567 761 2618 figere
782 2569 932 2607 Paulus
964 2569 1077 2606 undae
1107 2581 1199 2618 eque
1230 2570 1376 2618 gremiis
1406 2582 1437 2608 s.
1471 2582 1502 2606 a.
1534 2573 1709 2608 Bueche-

174 2627 283 2662 lerus
313 2625 464 2662 harenas
485 2627 726 2675 inlelleyens‚
759 2627 828 2663 sed
855 2632 968 2663 ratem
999 2627 1075 2663 huc
1095 2638 1244 2674 quoque
1262 2630 1442 2675 pertinet.
1537 2628 1618 2664 336
1651 2640 1709 2663 ru-

175 2680 400 2718 dentisibilus
435 2682 620 2720 Varronis
641 2683 749 2720 Goth.
781 2695 828 2719 m.
858 2684 925 2720 alt.
957 2686 996 2720 in
1023 2695 1108 2732 my„
1134 2684 1303 2721 Crinitus
1333 2684 1457 2720 rudem
1490 2690 1563 2720 tum
1594 2683 1708 2720 sibilis

176 2738 372 2776 Ciceronis
398 2739 501 2776 Med.
617 2739 855 2778 337—339
888 2740 1109 2778 Trockaeos
1139 2752 1225 2778 cum
1257 2741 1395 2777 Botlaeio
1429 2741 1571 2787 probat
1603 2741 1706 2777 Bue-

177 2795 354 2832 chelerus
472 2795 532 2833 uhi
562 2796 650 2833 salsa
678 2801 807 2845 poetae
839 2797 907 2834 Pro
947 2803 1049 2846 parte
1087 2808 1152 2833 sua
1181 2798 1432 2834 Hermannus
1469 2802 1707 2844 arzupaestos

175 2862 263 2888 cum
292 2852 423 2890 Grotio
453 2853 647 2891 dimensus
762 2853 843 2891 338
875 2865 938 2889 sua
968 2859 1045 2890 arte
1078 2854 1241 2890 Rotlaeius
1269 2865 1333 2889 sua
1364 2859 1466 2902 parte
1496 2854 1587 2891 libri

174 2913 362 2946 autumant
390 2911 533 2958 scripsi
559 2915 686 2947 canant
714 2912 806 2948 libri
833 2916 1007 2959 aggerant
1038 2911 1302 2948 Buechelerus
