1942 3204
218 174 273 215 60
855 181 898 220 Q.
924 181 1101 214 ENNivs

838 284 899 326 XI
932 283 1020 341 (11.
1056 284 1128 342 12)

873 361 1080 418 Thyestes

334 435 443 491 'Ipse
476 437 652 478 summis
684 438 796 480 saxis
827 439 935 481 fixus
968 440 1148 496 asperis,
1179 439 1458 497 euisceratus,

216 513 303 555 310
335 513 487 555 Latere
518 514 728 570 pendens,
760 516 861 557 saxa
893 531 1099 572 spargens
1136 518 1257 573 tabo,
1294 518 1411 560 sanie
1449 521 1492 561 et
1529 520 1738 576 sanguine

1125 597 1237 651 atro,

332 668 482 723 Neque
515 670 774 725 sepulcrum,
805 672 888 726 qu6
921 671 1118 727 recipiat,
1149 672 1308 714 habeat
1338 676 1511 728 portum
1536 674 1739 730 e6rporis,

332 745 430 788 'Vbi
462 746 640 788 remissa
669 747 860 790 humana
891 748 982 790 uita
1013 750 1166 804 corpus
1197 750 1436 805 requieseat
1467 750 1601 793 malis.

532 846 773 890 INOERTI
811 848 1058 892 NOMINIS
1095 850 1418 902 RELIQVIAE

828 925 848 967 Ι
881 924 1055 982 (Achill.
1076 925 1123 984 5)

899 1003 1046 1045 Vlixes

331 1079 436 1132 Quis
467 1081 527 1123 ibi
559 1095 648 1124 non
679 1083 744 1122 est
775 1081 1025 1126 mssneratus
1057 1082 1170 1127 ferro
1202 1082 1236 1125 F
1239 1083 1394 1142 rugio?
1426 1117 1434 1126 .
1468 1118 1476 1126 .
1509 1118 1518 1126 .

211 1215 293 1248 nius
316 1216 484 1258 Tyeste
509 1240 538 1247 ..
553 1218 582 1248 .’
686 1216 739 1248 XI
763 1215 892 1249 Cicero
917 1216 1026 1249 Tusc.
1050 1215 1141 1259 disp.
1168 1217 1185 1248 I
1209 1216 1272 1255 44,
1300 1216 1364 1248 107
1390 1219 1609 1249 ‘execratur
1632 1215 1734 1249 lucu-

210 1260 319 1293 lentis
345 1271 432 1294 sane
458 1261 627 1293 uersibus
651 1261 748 1305 apud
774 1262 929 1294 Ennium
953 1261 1194 1302 Thyestes,
1225 1261 1378 1303 primurn
1409 1264 1456 1294 ut
1487 1261 1735 1304 naufragio

212 1309 369 1349 pereat
393 1307 567 1339 Atreus.
594 1306 720 1338 durum
744 1306 813 1339 hoc
831 1318 939 1347 sane3
963 1306 1050 1340 talis
1067 1306 1163 1339 enim
1179 1306 1351 1339 interitus
1370 1317 1442 1339 non
1460 1309 1518 1339 est
1534 1306 1613 1339 sine
1631 1307 1737 1349 graui

211 1361 336 1391 sensu3
369 1351 436 1383 illa
466 1351 593 1384 inania
619 1350 711 1394 [309.
735 1350 816 1394 310]
866 1352 946 1385 Non
977 1353 1057 1394 ipsa
1088 1362 1176 1384 saxa
1209 1351 1325 1393 magis
1356 1361 1465 1384 sensu
1496 1352 1594 1384 omni
1626 1361 1736 1384 uaca—

212 1397 306 1429 bunt
331 1407 438 1439 quam
464 1396 526 1430 ille
551 1396 697 1430 latere
730 1398 944 1439 pendens,
978 1397 1037 1430 cui
1067 1407 1105 1430 se
1129 1396 1189 1430 hic
1213 1397 1414 1429 cruciatum
1439 1399 1569 1430 censet
1593 1400 1734 1439 optare.

212 1444 316 1484 Quae
342 1446 467 1475 essent
491 1442 596 1480 dura,
622 1442 654 1475 si
679 1442 850 1480 sentiret,
876 1442 979 1475 nulla
1003 1445 1087 1474 sunt
1110 1442 1189 1474 sine
1214 1445 1352 1475 sensu.'
1402 1441 1552 1484 (quam
1577 1452 1647 1475 ess
1658 1445 1738 1475 ent

212 1488 319 1520 dura
344 1489 381 1520 si
406 1488 635 1521 sentirent
660 1487 785 1520 nulla
811 1489 908 1521 sine
934 1498 1067 1520 sensu
1095 1487 1187 1520 Gud.
1208 1487 1297 1529 Reg.
1322 1487 1431 1520 Brux.
1457 1497 1569 1530 quae
1594 1490 1641 1519 ut
1666 1497 1735 1520 es-

211 1536 314 1566 sent
339 1533 465 1574 dura,
491 1533 527 1566 si
553 1533 852 1573 sentirentur,
884 1533 1010 1566 nulla
1034 1533 1134 1565 sine
1161 1543 1293 1565 sensu
1319 1535 1422 1565 sunt
1446 1531 1652 1572 Bentleius‚
1684 1531 1732 1565 cf.

210 1579 495 1620 Wesenbergius
521 1578 671 1610 Emend.
689 1579 726 1611 ΙΙ
751 1590 783 1620 p.
803 1580 865 1619 32,
892 1578 954 1620 qui
979 1588 1092 1610 nunc
1117 1581 1203 1610 ante
1228 1577 1354 1610 nulla
1379 1575 1592 1620 desiderat.)
1624 1576 1736 1610 ‘Illud

211 1634 299 1656 uero
325 1634 500 1666 perquam
524 1624 652 1656 inane:
682 1621 774 1666 [311.
800 1621 895 1666 312].
932 1623 1044 1656 Vides
1070 1626 1208 1665 quanto
1239 1622 1333 1655 haec
1379 1623 1419 1655 in
1443 1633 1564 1656 errore
1588 1632 1736 1655 uersen—

212 1673 289 1701 tur=
324 1674 466 1711 portum
498 1679 578 1701 esse
611 1669 773 1711 corporis
804 1672 841 1702 et
864 1670 1098 1710 requiescere
1123 1668 1162 1701 in
1186 1668 1377 1711 sepulchro
1410 1670 1520 1710 putat
1543 1671 1733 1709 mortuum,

210 1725 343 1757 magna
368 1714 475 1756 culpa
499 1713 663 1756 Pelopis,
696 1715 756 1756 qui
787 1725 857 1747 non
889 1714 1067 1751 erudierit
1096 1713 1209 1745 filium
1241 1724 1309 1746 nec
1337 1713 1519 1754 docuerit,
1553 1716 1736 1755 quatenus

215 1764 312 1792 esset
338 1759 498 1802 quidque
524 1759 751 1792 curandum.’
799 1759 900 1792 Idem
925 1760 964 1791 in
988 1759 1159 1792 Pisonem
1186 1760 1244 1800 19,
1269 1759 1312 1791 43
1344 1758 1549 1800 ‘Thyestea
1580 1760 1637 1792 est
1661 1758 1735 1790 ista

211 1805 393 1838 execratio
419 1808 552 1847 poetae
577 1804 678 1846 uulgi
704 1805 861 1846 animos,
894 1815 966 1836 non
997 1804 1218 1847 sapientium
1252 1804 1450 1836 mouentis:
1482 1806 1529 1835 ut
1557 1806 1603 1835 tu
1627 1813 1735 1835 nau—

211 1850 359 1892 fragio
386 1849 598 1892 expulsus
625 1850 798 1891 uspiam
828 1850 954 1883 saxis
988 1850 1109 1882 fixus
1139 1849 1318 1891 asperis
1350 1849 1638 1882 euisceratus
1669 1848 1735 1880 la-

211 1899 306 1928 tere
331 1895 573 1938 penderes,
599 1898 640 1927 ut
664 1895 718 1927 ait
742 1894 822 1934 ille,
849 1905 957 1927 saxa
1057 1897 1183 1929 atro)
1233 1893 1374 1935 (Verba
1398 1897 1446 1926 ut
1474 1896 1520 1926 tu
1544 1893 1735 1928 naufra-

210 1941 283 1982 gio
309 1939 525 1983 expulsus
550 1941 722 1983 uspiam
748 1939 915 1972 Ciceroni
939 1939 1131 1981 rescripsit
1148 1939 1357 1979 Bentleius,
1382 1939 1552 1971 Enniana
1569 1938 1671 1981 poesi
1695 1939 1734 1970 in

210 1985 376 2023 breuius,
403 1989 444 2018 ut
467 1985 625 2025 uidetur,
651 1985 695 2017 ab
720 1985 787 2018 illo
812 1987 1015 2017 contracta.
1064 1983 1169 2026 Quod
1195 1984 1397 2017 scholiasta
1421 1983 1627 2016 Vaticanus
1658 1983 1734 2015 illis

210 2030 454 2072 naufragio
480 2030 693 2072 expulsus
718 2030 892 2072 uspiam
918 2030 1116 2072 adscripsit
1138 2032 1281 2062 ‘uersus
1307 2029 1450 2068 Ennii',
1476 2028 1642 2061 Halmius
1662 2028 1734 2061 Ga—

210 2077 354 2109 ratonio
380 2076 560 2116 adsentit,
596 2076 658 2118 qui
684 2075 871 2118 superiore
898 2076 1020 2118 aliquo
1044 2075 1238 2107 Ennianae
1265 2074 1417 2107 fabulae
1441 2073 1522 2106 loco
1546 2073 1638 2105 talia
1663 2073 1737 2115 legi

209 2122 375 2162 potuisse
401 2121 570 2159 censuit.)
617 2121 709 2153 Non.
735 2122 818 2160 405,
845 2122 865 2154 3
891 2123 1148 2163 ‘spargere,
1180 2119 1426 2152 madefacere.
1473 2118 1641 2151 Lucilius
1667 2118 1730 2150 lib.

209 2165 368 2199 XVIIII:
398 2165 517 2209 [310]’
545 2176 638 2208 quae
665 2169 729 2198 aut
753 2166 921 2198 traducta
946 2169 1031 2199 sunt
1056 2176 1078 2197 a
1102 2165 1247 2198 Lucilio
1272 2168 1336 2197 aut
1359 2164 1590 2197 librariorum
1616 2163 1734 2195 turbis

210 2222 400 2254 perperam
431 2211 508 2244 eius
538 2212 681 2244 nomine
707 2211 921 2245 afferuntur.
970 2211 1195 2252 ‘Thyesteas
1228 2212 1378 2253 preces’
1411 2209 1531 2252 tangit
1555 2209 1734 2241 Horatius

211 2257 317 2300 epod.
342 2258 374 2290 V
398 2258 460 2297 86,
491 2257 555 2289 ubi
586 2257 634 2288 cf.
664 2256 777 2289 schol.
871 2257 1074 2290 Praeterea
1105 2255 1221 2288 eidem
1253 2254 1402 2287 fabulae
1435 2254 1547 2287 tribui
1579 2256 1733 2296 possunt

210 2303 277 2337 inc,
305 2313 399 2335 nom.
426 2302 541 2337 XXX.
567 2301 957 2342 XXXVII—XXXIX,
983 2302 1054 2336 inc.
1079 2301 1153 2335 inc.
1177 2301 1252 2334 fab.
1277 2299 1389 2332 LVII.

298 2349 376 2383 INc.
401 2347 497 2382 ΝΟΜ.
523 2347 616 2381 REI..
642 2347 659 2379 I
686 2346 813 2380 Cicero
838 2358 902 2390 pro
928 2348 1034 2380 Rosc.
1061 2346 1139 2378 Am.
1166 2347 1227 2386 32,
1252 2347 1297 2379 90
1329 2344 1484 2377 ‘multos
1507 2354 1635 2377 caesos
1660 2354 1732 2376 non

209 2393 256 2425 ad
279 2393 541 2425 Trasumenum
565 2392 700 2433 lacum,
726 2392 790 2425 sed
816 2392 864 2424 ad
890 2392 1084 2425 Seruilium
1110 2391 1278 2424 uidimus.
1328 2390 1435 2431 Quis
1465 2389 1531 2422 ibi
1555 2399 1639 2421 non
1664 2391 1733 2421 est

208 2449 243 2473 u.
271 2438 295 2470 f.
323 2439 381 2470 F)
432 2437 553 2471 Schol.
584 2436 742 2470 Gronou.
773 2438 810 2469 in
836 2436 909 2470 Cic.
936 2437 959 2471 1.
985 2437 1009 2470 1.
1042 2436 1161 2469 ‘ferro
1187 2433 1338 2479 Frugio]
1371 2435 1415 2467 in
1445 2434 1588 2467 Ennio
1619 2433 1732 2466 haec

210 2483 366 2516 fabula
395 2482 630 2514 inducitur
661 2482 866 2521 Achillis,
905 2492 987 2525 quo
1022 2485 1222 2524 tempore
1263 2483 1446 2524 propter
1483 2478 1732 2512 Briseidam

210 2538 302 2560 cum
341 2527 530 2561 Graecis
570 2538 770 2571 pugnare
811 2528 978 2560 noluitz
1026 2537 1106 2570 quo
1149 2527 1285 2564 etiam
1324 2529 1522 2567 tempore
1562 2524 1732 2556 Hector

210 2574 401 2606 classem
439 2583 584 2606 eorum
622 2572 840 2605 incendit.
889 2572 1053 2616 Inssjhac
1088 2581 1236 2614 pugna
1272 2570 1429 2604 Vlixes
1464 2568 1732 2602 uulneratus

322 2710 402 2747 309
433 2721 514 2758 sqq.
548 2719 726 2747 numeros
756 2712 949 2747 constituit
979 2710 1178 2746 Bentleius
1272 2707 1351 2744 311
1384 2705 1612 2754 sepulchrum
1642 2706 1733 2741 libri

322 2766 402 2803 313
424 2766 471 2802 ibi
493 2777 565 2803 non
592 2770 648 2802 est
669 2765 800 2803 Cicero
823 2766 915 2802 enim
937 2766 1146 2802 scholiasta
1213 2764 1357 2812 phirgio
1379 2762 1590 2800 Helmstad.
1623 2762 1731 2810 phry-

209 2823 268 2870 gio
301 2825 421 2860 ceteri
451 2822 525 2859 Cic.
566 2823 699 2871 Brugio
733 2823 897 2859 Ennium
935 2824 1137 2869 scripsisse
1173 2823 1249 2857 iam
1281 2820 1459 2856 Osannus
1497 2819 1601 2854 anal.
1641 2820 1728 2854 crit.

210 2878 261 2916 15
293 2882 433 2917 monuit
464 2881 561 2916 conl.
598 2878 672 2916 Cic.
704 2883 861 2916 oratore
891 2877 965 2923 48,
999 2878 1080 2916 160
1109 2877 1168 2925 (fr.
1191 2875 1263 2923 Vll)
