1942 3204
675 865 791 922 CN.
853 864 1200 925 NAEVIVS

752 977 1115 1024 CLASTIDIVM

920 1075 942 1118 I

376 1151 614 1195 uitulantes

909 1230 955 1274 H

280 1306 386 1350 Vita
416 1305 635 1364 insepulta
665 1308 805 1351 laetus
836 1308 883 1351 in
913 1309 1100 1364 patriam
1131 1310 1265 1353 redux

610 1419 892 1465 ROMVLVS
925 1422 1016 1465 siue
1049 1422 1238 1467 LVPVS

915 1498 937 1541 I

375 1589 502 1617 (Dasea

909 1659 954 1703 H

373 1751 558 1792 sponsus

246 1867 389 1900 Nszu
415 1865 650 1901 Cnssnnivx
698 1869 715 1901 1
740 1868 857 1901 Varro
882 1868 928 1902 de
952 1868 977 1901 1.
1003 1869 1047 1902 L.
1067 1869 1135 1903 vn
1155 1870 1218 1903 107
1233 1869 1283 1902 Μ.
1312 1868 1450 1902 ‘multa
1476 1870 1577 1912 apud
1602 1880 1690 1913 poe-

156 1916 216 1947 tas
246 1911 390 1956 reliqua
421 1922 503 1945 esso
534 1913 664 1952 uerba,
697 1924 847 1957 quorum
878 1914 1040 1957 origines
1070 1914 1215 1957 possint
1243 1914 1338 1956 dici,
1369 1925 1440 1947 non
1472 1914 1620 1956 dubito,
1654 1918 1694 1948 ut

154 1957 1358 2039 3¹32*ss..⁸332133331502583232.³¹31Y¹35222³012531221¹²:5¹‘2331’
1385 1959 1691 2049 ’ἰιῖἓὼῆοῶἑῖθ

245 2049 282 2082 ΙΙ
305 2047 422 2082 Varro
446 2048 491 2082 de
516 2048 542 2083 l.
568 2050 612 2082 L.
637 2049 690 2083 IX
707 2051 752 2083 78
777 2030 882 2082 “nam
908 2053 948 2083 ut
973 2033 1080 2094 si'gna
1105 2060 1198 2094 quae
1224 2017 1297 2084 agn
1322 2050 1462 2084 habent
1487 2016 1605 2094 cifput
1629 2054 1695 2085 aut

159 2095 271 2129 aliam
296 2104 407 2137 quam
433 2097 594 2137 partem,
629 2094 745 2128 nihilo
770 2095 890 2129 minus
914 2096 953 2129 in
977 2095 1133 2139 reliquis
1158 2097 1325 2130 membris
1350 2107 1474 2130 eorum
1500 2107 1582 2130 esse
1608 2107 1693 2140 pos-

157 2143 244 2175 sunt
274 2138 489 2182 analogiae:
522 2140 576 2172 sic
606 2140 644 2173 in
669 2140 860 2174 uocabulis
891 2151 1040 2175 casuum
1067 2140 1220 2184 possunt
1245 2142 1331 2174 item
1364 2141 1461 2182 fieri,
1496 2152 1540 2175 ac
1565 2142 1695 2185 reponi

156 2185 251 2230 qnod
278 2184 418 2227 aberit,
443 2184 506 2218 nbi
523 2186 689 2228 patietur
706 2189 838 2219 natura
865 2189 903 2219 et
921 2187 1168 2228 consuetude,
1195 2187 1290 2230 quod
1309 2197 1578 2230 nonnumquam
1597 2188 1695 2230 apud

160 2234 286 2274 poetas
310 2229 519 2264 inuenimns
544 2230 702 2274 factum,
728 2234 769 2264 ut
792 2232 830 2264 in
854 2231 924 2265 hoc
949 2232 1046 2276 apud
1071 2232 1252 2266 Naeuium
1278 2233 1316 2265 in
1342 2232 1526 2266 Clastidio
1549 2257 1557 2266 .
1572 2236 1625 2266 ..'

247 2276 430 2309 Rouvnvs
455 2275 536 2308 siue
559 2276 698 2310 vavs.
732 2277 902 2310 Donatus
926 2278 964 2310 in
988 2278 1071 2311 Ter.
1098 2277 1252 2321 Adelph.
1279 2278 1328 2310 1v
1357 2280 1395 2318 1,
1421 2279 1462 2310 21
1490 2281 1596 2310 ‘nam
1623 2277 1694 2310 fal·

156 2332 234 2356 sum
259 2323 335 2362 est,
363 2319 459 2363 quod
483 2320 637 2361 dieitur,
663 2322 911 2356 interuenisse
936 2323 1058 2366 lupam
1083 2323 1349 2356 Naeuianae
1382 2323 1574 2356 fabulae
1606 2323 1693 2355 ali-

155 2366 324 2400 monio’
343 2365 413 2407 (sic
431 2364 488 2399 ed.
506 2376 560 2409 pr.
578 2366 824 2401 alimoniae
843 2367 968 2411 uulgo)
987 2369 1131 2401 ‘Remi
1150 2371 1187 2400 et
1206 2367 1401 2409 Romuli,
1429 2368 1512 2401 dum
1531 2369 1568 2400 in
1586 2367 1693 2401 thea-

154 2402 211 2457 t?o
237 2413 435 2454 ageretur)
542 2411 559 2444 1
585 2413 703 2446 Varro
727 2412 772 2445 (le
798 2412 820 2445 1.
847 2413 889 2446 L.
917 2413 984 2447 vl1
1009 2414 1053 2446 54
1077 2414 1125 2446 Μ.
1159 2416 1304 2446 ‘carere
1330 2424 1352 2446 a
1383 2413 1561 2455 carendo,
1597 2413 1693 2456 quod

156 2467 238 2491 eam
263 2459 339 2489 tum
364 2458 525 2499 purgant
556 2467 600 2491 ac
625 2457 825 2498 deducunt,
858 2461 899 2491 ut
929 2462 1055 2491 careat
1085 2458 1266 2502 spurcitia
1298 2457 1357 2501 (ex
1390 2468 1460 2501 quo
1494 2459 1692 2491 carminari

156 2503 293 2535 dicitur
318 2506 392 2534 tum
417 2501 536 2543 lana),
563 2513 644 2535 cum
669 2514 714 2537 ex
739 2513 785 2536 ea
809 2506 940 2536 carunt
955 2503 1052 2547 quod
1076 2504 1114 2536 in
1139 2514 1184 2537 ea
1207 2503 1336 2537 haeret
1353 2514 1473 2547 neque
1501 2507 1559 2537 est
1586 2504 1691 2536 lana:

154 2558 249 2591 quae
274 2547 312 2580 in
330 2546 482 2580 Romulo
498 2546 663 2582 Naeuius
687 2548 855 2592 appellat
878 2559 1030 2590 casca,
1056 2550 1102 2583 ab
1121 2549 1255 2583 Oscis.’
1280 2549 1327 2582 cf.
1346 2549 1435 2585 ibid.
1453 2551 1508 2582 28.
1535 2550 1692 2590 (casca

153 2593 388 2627 Hei-mannus
418 2591 555 2635 Opusc.
580 2594 611 2626 V
635 2595 702 2627 263
727 2604 834 2627 asca
857 2594 977 2629 Haun.
1003 2598 1105 2628 asta
1136 2594 1234 2628 Flor.
1262 2594 1371 2628 Goth.
1402 2595 1535 2627 hasta
1559 2594 1644 2629 Par.
1670 2605 1692 2627 a

156 2643 194 2671 et
217 2639 239 2672 b
265 2637 382 2671 Osca
407 2637 586 2681 Scaliger.
613 2642 740 2672 casta
766 2639 1000 2683 participium
1026 2651 1048 2672 a
1072 2639 1214 2674 Naeuio
1239 2642 1456 2683 usurpatum
1482 2640 1597 2672 fuisse
1623 2650 1691 2682 pu-

154 2686 211 2717 tat
234 2681 501 2720 Buechelerus)
603 2683 640 2717 11
664 2684 780 2718 Varro
811 2684 855 2717 de
887 2684 910 2717 l.
936 2685 978 2720 L.
1005 2685 1073 2718 Vll
1101 2686 1164 2718 10?
1189 2685 1236 2718 M.
1272 2685 1410 2717 ‘multa
1436 2685 1532 2727 apud
1559 2689 1690 2727 poetas

155 2728 299 2771 reliqua
324 2738 405 2761 esse
431 2729 563 2769 uerba,
597 2739 748 2772 quorum
774 2729 936 2772 origines
961 2731 1104 2773 possint
1129 2730 1218 2770 dici,
1251 2740 1322 2762 non
1348 2729 1494 2771 dubito,
1526 2735 1566 2762 ut
1591 2729 1689 2772 apud

153 2773 335 2807 Naeuium
360 2773 399 2806 in
415 2773 583 2807 Hesiona
604 2798 612 2807 .
627 2799 636 2808 .
658 2775 697 2807 in
714 2774 894 2808 Clastidio
916 2799 925 2808 .
939 2800 948 2809 .
970 2777 1007 2808 in
1026 2775 1120 2809 Dolo
1143 2800 1151 2808 .
1166 2800 1174 2808 .
1197 2776 1235 2808 in
1253 2775 1441 2807 Demetrio
1465 2798 1473 2806 .
1487 2799 1496 2808 .
1519 2775 1556 2806 in
1582 2776 1692 2808 Lam-

155 2818 313 2861 padione
343 2843 351 2852 .
371 2843 379 2852 .
400 2842 408 2851 .
429 2842 437 2853 .
466 2818 503 2851 in
533 2820 705 2853 Romulo:
737 2830 951 2863 sponsus,
986 2825 1114 2854 contra
1144 2830 1316 2863 sponsum
1349 2822 1525 2862 rogatus!
1566 2819 1691 2861 (con-

156 2873 367 2907 sponsus,
411 2866 572 2897 contra
609 2875 797 2907 sponsus
827 2865 1069 2899 Neukirchius
1106 2865 1189 2898 coll.
1222 2865 1323 2899 Varr.
1357 2864 1400 2896 de
1433 2864 1457 2897 l.
1491 2865 1532 2899 L.
1566 2865 1614 2898 vl
1646 2866 1690 2898 70

157 2911 521 2986 {porfisusssuentu'r
536 2910 825 2990 Herimgnrlizuixli
836 2910 860 2998 l).
882 2914 919 2944 et
936 2910 1196 2944 Lachmaunus
1214 2911 1307 2943 Mus.
1325 2909 1442 2943 Bhen.
1463 2910 1550 2944 1839
1567 2921 1602 2953 p.
1624 2912 1689 2943 118

209 2978 215 2986 .
278 2963 362 2987 aeui
387 2963 477 2988 coin.
502 2965 576 2990 ine.
621 2965 643 2988 a
671 2980 679 2987 .
829 2983 836 2990 .
