1942 3204
222 190 276 232 98
824 194 872 226 M.
898 194 1137 228 PAcvvlvs

897 297 983 339 XII
1015 295 1081 354 (8)

226 373 309 415 175
341 372 572 415 Lamentas
604 374 729 416 fletus
761 375 901 416 fecere
934 373 1150 429 conpendi
1178 375 1289 417 lieet.

881 451 990 493 XIII
1023 449 1089 508 (9)

339 526 582 569 Obn6xium
614 542 704 570 esse
737 531 812 570 aui]
842 529 1016 570 briitum
1049 530 1124 569 aut
1154 529 1369 584 elinguem
1400 531 1536 584 putes.
1561 579 1563 581 ¹

869 603 991 661 X1V{
1009 603 1105 661 (17)

341 681 390 723 ‘O
422 682 652 723 flexanima
684 685 811 737 atque
844 683 1035 724 6mnium
1066 681 1218 738 regina
1249 697 1390 724 rerum
1423 683 1575 724 oratio!

898 759 981 801 XV
1014 757 1081 816 (4)

340 834 638 890 Quzintamque
678 850 727 876 ex
759 836 1033 878 disedrditate
1065 837 1229 878 cladem
1258 837 1473 891 inporssem
1503 836 1690 877 familiae

869 912 976 956 XVI
1009 911 1104 970 (15)

338 987 483 1029 Habet
512 989 595 1030 hoo
629 991 828 1031 senectus
860 988 908 1031 I'n
940 1005 1001 1045 ΞΘ,
1033 1004 1128 1031 cum
1159 990 1285 1045 pigra
1316 988 1411 1044 I'psa
1443 991 1514 1046 sit,

231 1066 314 1106 180
347 1064 490 1120 Spisse
523 1068 572 1107 1st
603 1066 832 1108 uideantur
863 1067 1008 1108 6mnia
1040 1067 1078 1108 ei
1110 1065 1302 1108 confieri.

854 1142 983 1184 XVII
1016 1141 1113 1199 (20)

338 1218 492 1261 Paucis
526 1220 729 1275 absoluit,
760 1221 815 1261 116
846 1222 1036 1261 moraret
1068 1220 1239 1262 diffitius.

862 1296 1014 1339 XVIII
1046 1295 1113 1354 (6)

382 1406 390 1414 .
423 1372 651 1415 Tundareo
683 1372 782 1415 fieri
813 1373 1135 1429 contumeliam,

340 1448 470 1491 Cuius
502 1451 625 1505 peter
656 1453 830 1492 ueretur
860 1451 1069 1493 maxume.

315 1545 386 1577 XII
410 1545 501 1579 Non.
527 1547 604 1586 132,
629 1547 673 1578 29
699 1545 949 1578 ‘lamentas
974 1556 1038 1588 pro
1064 1545 1379 1581 lamentationes,'
1471 1545 1560 1578 XIII
1583 1545 1676 1579 Non.
1694 1547 1748 1587 77,

220 1592 263 1623 33
289 1591 482 1623 ‘brutum
510 1590 644 1623 dicitur
669 1591 781 1624 hebes
807 1594 844 1624 et
878 1591 1047 1623 obtusum
1070 1616 1077 1623 .
1099 1615 1107 1624 .
1128 1615 1135 1623 .
1158 1591 1346 1623 Pacuuius
1370 1590 1542 1624 Ermiona
1566 1615 1574 1622 .
1594 1615 1602 1624 .
1623 1593 1652 1623 .'

220 1635 307 1668 XIV
330 1635 426 1668 Non.
454 1637 535 1676 113,
560 1638 603 1669 32
630 1635 915 1670 ‘flexanima
949 1635 1083 1668 Cicero·
1103 1635 1147 1668 de
1173 1638 1316 1668 oratore
1342 1635 1405 1669 lib.
1423 1635 1481 1668 11:
1507 1638 1650 1668 tantam
1675 1636 1748 1668 uim

219 1680 334 1714 habet
364 1680 450 1722 illa,
484 1691 578 1723 quae
610 1684 712 1713 reete
746 1692 768 1713 a
799 1682 894 1714 bono
924 1684 1033 1724 poeta
1064 1681 1165 1714 dicta
1198 1684 1254 1713 est
1285 1680 1554 1713 flexanima’
1587 1691 1616 1714 e.
1654 1691 1686 1723 q.
1720 1691 1749 1715 s,

221 1726 426 1758 ‘Pacuuius
454 1726 652 1758 Hermiona
682 1751 690 1758 .
716 1751 724 1759 .
754 1730 783 1759 ,³
832 1727 961 1759 Cicero
995 1727 1038 1759 de
1063 1729 1155 1760 orat.
1180 1727 1218 1758 II
1241 1727 1304 1765 44,
1331 1727 1408 1759 187.
1457 1727 1565 1759 Tusc.
1592 1726 1685 1768 disp.
1712 1727 1749 1758 ΙΙ

219 1772 282 1812 21,
306 1772 349 1803 47
376 1771 464 1803 ‘sed
490 1775 636 1813 praesto
663 1775 718 1804 est
751 1772 926 1804 domina
951 1772 1144 1804 omnium
1174 1774 1216 1803 et
1247 1772 1407 1813 regina¹
1434 1771 1583 1805 ratio.'
1634 1771 1747 1811 Quin-

219 1816 373 1848 tilianus
396 1817 414 1848 1
434 1817 486 1856 12,
508 1818 586 1849 18‘
593 1816 726 1858 quique
751 1817 870 1856 illam,
896 1820 937 1848 ut
961 1818 1015 1849 ait
1040 1827 1111 1849 non
1137 1816 1310 1859 ignobilis
1336 1817 1520 1858 tragicus,
1547 1816 1747 1859 reginam

221 1871 364 1893 rerum
390 1862 640 1894 orationem
671 1865 784 1904 ponet
809 1867 895 1894 ante
921 1862 1075 1894 oculos.’
1120 1861 1205 1899 Non
1229 1861 1394 1893 meminit
1425 1860 1531 1893 huius
1564 1860 1634 1893 loci
1661 1862 1749 1894 Por-

220 1916 330 1938 sonus
355 1906 542 1948 Euripidis
569 1907 711 1940 Hecub.
737 1908 803 1940 816
827 1901 954 1940 πειθω
987 1903 1031 1939 δὲ
1065 1900 1135 1950 τήν
1160 1902 1349 1948 τύραννον
1374 1900 1594 1947 ἀνθρώποις
1625 1901 1748 1949 μόνην

222 1961 243 1983 a
269 1951 500 1991 Quintiliano
527 1952 549 1986 l.
576 1951 597 1984 l.
626 1951 826 1993 significari
851 1952 1031 1984 adnotans
1125 1952 1191 1985 XV
1214 1951 1307 1984 Non.
1326 1952 1381 1991 97,
1402 1952 1418 1982 1
1447 1950 1749 1984 ‘discorditas

218 2007 284 2038 pro
310 1996 520 2030 discordia!
636 1997 723 2030 XVI
748 1998 842 2030 Non.
869 1998 951 2039 393,
978 1998 998 2028 2
1031 1996 1259 2039 ‘spissum.
1265 1995 1451 2038 significat
1475 1996 1578 2028 tarde
1601 2020 1725 2029 .....

314 2041 419 2075 XVII
443 2042 638 2074 Diomedes
665 2041 732 2084 Ip.
751 2042 872 2074 395P.
900 2045 1035 2074 ‘moro
1136 2041 1282 2074 itemP.
1307 2041 1345 2072 in
1370 2041 1631 2073 Hermione:
1658 2051 1747 2083 pau-

225 2087 299 2118 eis’
326 2097 357 2118 e.
385 2097 418 2128 q.
445 2097 473 2121 s.
568 2087 692 2120 XVIII
717 2088 809 2120 Non.
833 2088 918 2127 496,
944 2088 1024 2119 30‘
1035 2097 1114 2118 eum
1139 2087 1205 2119 sit:
1231 2089 1418 2118 ueretur
1442 2085 1542 2118 illam
1566 2097 1641 2118 rem
1673 2111 1681 2119 .
1702 2112 1710 2119 .
1733 2111 1740 2118 .

225 2123 417 2164 nemi-ibus
442 2132 638 2174 genetiuus
663 2142 727 2174 pro
754 2128 968 2165 accusatiuo
993 2133 1079 2174 poni
1103 2131 1253 2174 placet.

335 2251 414 2288 176
445 2256 482 2286 οι
512 2250 704 2287 obnoxium
734 2252 824 2288 libri
846 2253 1027 2299 plerique
1059 2256 1096 2287 et
1128 2250 1297 2287 obnixum
1330 2250 1455 2287 Vrbin.
1486 2249 1580 2287 307.
1613 2250 1672 2286 An
1702 2261 1748 2286 ne

221 2307 415 2344 obnoxium
447 2308 717 2344 scribendum?
747 2318 828 2343 eum
850 2307 1050 2344 Obnoxiam
1085 2307 1239 2345 Vossius
1269 2313 1330 2342 aut
1361 2306 1555 2342 obnoxium
1590 2306 1749 2343 Bothius

335 2364 414 2400 177
447 2375 468 2400 ο
500 2365 556 2400 ed.
590 2364 696 2401 1526
729 2364 798 2400 hoc
826 2365 918 2400 libri
1024 2364 1102 2402 178
1135 2363 1355 2400 excorditate
1386 2363 1488 2400 Leid.
1589 2362 1666 2399 179
1689 2373 1746 2411 sq.
1774 2394 1780 2401 .

220 2431 298 2456 cum
330 2421 432 2468 pigra
462 2421 537 2468 ipsa
567 2421 635 2466 sit,
675 2421 796 2468 Spisse
834 2426 874 2455 ut
911 2420 1102 2456 uideantur
1136 2421 1252 2456 omnia
1289 2420 1319 2455 ei
1350 2418 1499 2454 confieri
1529 2420 1692 2455 Bothius
1723 2419 1746 2455 2

220 2487 300 2512 cum
331 2476 433 2524 pigra
462 2481 518 2512 est
538 2477 613 2523 ipsa
633 2481 673 2511 ut
693 2477 808 2524 spisse
830 2477 947 2512 omnia
968 2476 1158 2512 uideantur
1178 2475 1326 2512 confieri
1347 2476 1438 2511 libri
1512 2476 1571 2512 An
1601 2476 1638 2511 in
1667 2474 1746 2521 sed,

219 2533 295 2580 ipsa
326 2543 405 2568 cum
437 2532 597 2580 pigrast?
715 2533 792 2569 181
824 2533 940 2569 Hane
969 2535 1077 2569 uocis
1112 2532 1245 2568 diutius
1281 2542 1499 2568 mensuram
1536 2535 1672 2567 contra
1700 2531 1744 2568 L.

219 2589 449 2625 Muellerum
480 2589 540 2635 (de
560 2599 604 2624 re
624 2601 669 2625 m.
693 2588 773 2626 348
796 2590 943 2625 annall.
964 2590 1110 2635 philoll.
1136 2589 1244 2625 1870
1261 2601 1300 2635 p.
1316 2586 1391 2635 69)
1412 2586 1581 2634 defendit
1602 2587 1744 2623 Fleck-

220 2647 371 2681 eisenus
392 2656 483 2681 unn.
503 2646 649 2691 plziloll.
677 2645 783 2682 1870
802 2657 840 2692 p.
866 2645 917 2682 69
940 2656 995 2693 sq.
1087 2644 1166 2682 182
1187 2645 1274 2680 nolo
1295 2645 1491 2691 suppleas.
1570 2642 1745 2679 Tindareo

217 2701 307 2737 libri
395 2701 472 2738 183
504 2703 606 2737 cuius
637 2707 739 2749 pater
770 2706 917 2737 {leretur
946 2712 1049 2738 nune
1080 2703 1224 2748 scripsi
1241 2702 1342 2737 euius
1374 2711 1392 2736 a
1423 2706 1458 2736 te
1490 2705 1637 2736 ueretur
1657 2700 1749 2735 libri

219 2758 320 2792 cuius
353 2763 386 2793 te
417 2761 566 2793 ueretur
598 2758 750 2795 Vossius
841 2757 933 2793 Olim
962 2760 1002 2794 in
1035 2762 1145 2794 textu
1166 2760 1472 2804 septenariorum
1499 2756 1633 2803 frusta
1654 2755 1694 2791 T.
1718 2755 1743 2790 s.

219 2813 472 2849 contumeh‘am
498 2813 606 2849 Cuius
638 2819 786 2850 ueretur
817 2825 862 2849 m.
895 2815 1078 2850 dederam
1108 2815 1204 2850 idem
1235 2813 1567 2860 transpositionem
1595 2813 1696 2848 hanc
1725 2823 1744 2847 a

220 2874 256 2904 te
286 2869 472 2916 Tyndareo
506 2869 530 2906 s.
562 2881 592 2906 c.
623 2869 731 2906 Cuius
761 2881 796 2906 u.
828 2880 875 2906 m.
909 2874 1149 2907 commentus.
1266 2870 1415 2906 maxime
1444 2868 1581 2905 Bamb.
