1942 3204
310 217 390 258 146
943 221 985 252 1„
1012 219 1188 254 ATTIVS

960 323 1070 367 VIII
1123 325 1147 367 8

335 400 390 441 80
422 399 470 441 ‘O
503 399 642 441 dirum
672 399 1000 456 hostificlimque
1034 322 1169 457 diega?
1196 417 1220 444 o
1252 401 1543 468 uimutdruam
1574 402 1735 458 aspecti
1767 404 1828 445 at-

1019 515 1021 517 .
1368 494 1448 535 que
1479 480 1745 522 h6rribilem!

983 554 1046 597 IX
1079 554 1145 613 (3)

423 631 505 674 Sed
538 633 803 687 angfisffitate
834 633 1044 674 inehisam
1077 633 1185 689 saxi,
1217 633 1456 688 squzilidam

893 750 1242 794 AMPHITRVO

987 828 1009 870 I
1042 827 1138 886 (10)

480 903 587 946 Cum
619 906 740 959 pistre
772 920 929 960 paruos
966 906 1155 960 patrium
1185 905 1380 947 h6stifiee

486 980 706 1044 Sangpfne
739 996 933 1037 sanguen
964 983 1140 1025 misee're
1174 998 1252 1025 suo

991 1059 1036 1101 II
1068 1058 1134 1116 (4)

418 1134 479 1177 Vt
509 1137 599 1176 tam
631 1135 880 1178 obstinatod
913 1136 1056 1178 {inimo
1090 1137 1275 1178 eonfisfis
1307 1139 1382 1178 tuo

981 1213 1047 1254 III
1081 1211 1147 1270 (5)

330 1289 386 1331 85
417 1287 490 1330 An
521 1288 663 1330 meilad
696 1291 835 1343 aetate
861 1290 999 1332 mimis
1025 1291 1136 1332 male
1162 1291 1341 1332 mulcari
1361 1291 1564 1346 exemplis
1598 1291 1828 1334 omnibus?

391 1384 480 1417 VIII
504 1383 594 1417 Non.
620 1383 704 1425 485,
731 1385 774 1416 25
808 1385 1009 1426 ‘aspecti
1040 1395 1104 1428 pro
1132 1388 1315 1427 aspectus,
1354 1385 1487 1418 Accius
1511 1386 1739 1428 Astyanacte

298 1428 393 1461 idem
424 1428 697 1461 Alfesiboea
725 1453 734 1461 .
754 1453 762 1462 .
783 1432 812 1462 .’
844 1429 1174 1472 (Alphesiboea
1197 1429 1260 1472 W)
1375 1431 1426 1462 IX
1457 1431 1550 1466 Non.
1575 1434 1630 1473 73,
1656 1433 1699 1464 25
1733 1434 1831 1464 ‘an-

299 1474 575 1517 gustitatem
606 1473 741 1506 dietum
766 1485 831 1517 pro
857 1476 1042 1518 angustia.
1084 1474 1216 1508 Accius
1247 1475 1535 1509 Alfesiboea:
1569 1476 1653 1509 sed’
1681 1487 1713 1509 e.
1741 1487 1773 1519 q.
1799 1486 1828 1509 s.

413 1520 718 1551 AMPm'rRVONEM
745 1524 782 1552 et
799 1520 988 1552 PERsmAs
1015 1521 1186 1553 coniunxi
1210 1531 1291 1552 cum
1308 1521 1578 1563 Grotemeyero.
1602 1521 1830 1555 Amana-nvo

298 1563 531 1606 (AMPITRVO)
557 1565 575 1597 I
600 1565 690 1597 Non.
708 1565 786 1606 224,
806 1566 848 1598 10
874 1567 1088 1609 ‘sanguis
1113 1566 1317 1598 masculino
1343 1577 1476 1608 genere
1501 1568 1539 1599 in
1564 1567 1829 1600 consuetudine

298 1610 458 1642 habetur
557 1613 686 1642 neutro
794 1609 927 1644 Accius
953 1611 1260 1652 Amfitryone:
1288 1615 1387 1644 cum'
1414 1623 1445 1646 e.
1473 1622 1506 1654 q,
1532 1623 1560 1647 s.
1637 1613 1674 1646 ΙΙ
1697 1612 1830 1645 Festus

298 1667 332 1697 p.
360 1657 424 1688 193
449 1656 500 1689 M.
528 1655 805 1697 ‘obstinato,
832 1656 1041 1698 obfirmato,
1067 1657 1340 1699 perseueranti,
1365 1661 1406 1689 ut
1430 1660 1555 1690 tenere
1581 1658 1699 1700 possit
1722 1675 1766 1680 —
1790 1659 1831 1689 ut

299 1702 436 1733 Accius
466 1702 504 1733 in
535 1700 876 1742 Amphitryone:
907 1704 949 1734 ut
979 1704 1076 1734 tam’
1105 1713 1134 1734 e.
1161 1712 1194 1744 q.
1221 1713 1249 1735 s.
1341 1702 1397 1748 11⁴1
1421 1703 1513 1738 Non.
1542 1705 1578 1744 1,
1604 1704 1647 1735 27
1679 1705 1829 1736 ‘aeta-

297 1749 387 1778 tem
411 1746 572 1778 malam
598 1749 823 1778 senectutem
841 1750 988 1780 ueteres
1006 1747 1177 1780 dixerunt
1201 1773 1208 1780 .
1224 1773 1254 1782 ..
1278 1747 1408 1780 Accius
1433 1748 1731 1790 Amfitryone:
1759 1749 1828 1780 an’

298 1803 329 1824 e.
359 1801 393 1833 q.
420 1790 446 1824 S.
476 1791 790 1833 (Amfytryone
817 1792 961 1829 Bamb.)

416 1887 470 1924 80
508 1888 679 1924 Seruaui
714 1889 952 1935 octopodiam
988 1890 1219 1936 dactylicam
1258 1888 1349 1937 (non
1393 1888 1643 1935 trochaicam)
1681 1891 1830 1936 qualem

300 1946 386 1981 olim
418 1945 518 1981 edidi
525 1960 537 1986 ,-
574 1955 664 1980 nam
697 1943 948 1982 ‘monstrum'
991 1955 1073 1982 esse
1114 1947 1216 1993 quod
1244 1946 1459 1993 Aeschylus
1489 1947 1630 1994 aliique
1662 1946 1829 1983 Graeco-

301 2012 387 2037 rum
410 2005 554 2048 poetae
577 2003 718 2049 irayici
735 2007 1028 2048 usurpauerunl
1048 2003 1138 2039 mihi
1156 2013 1232 2039 non
1261 2003 1456 2049 persuasit
1485 2002 1527 2039 L.
1551 2002 1717 2039 Mueller
1737 2014 1828 2039 ann.

301 2058 448 2104 philoll.
474 2057 582 2094 1868
601 2070 641 2105 p.
664 2057 760 2094 434.
798 2059 1041 2106 Anapaestos
1071 2063 1161 2095 ante
1191 2059 1294 2096 hunc
1324 2061 1400 2095 iam
1423 2059 1641 2106 Geppertus
1671 2060 1717 2095 cle
1738 2070 1829 2106 pro—

299 2118 408 2150 num.
441 2124 554 2151 serm.
586 2115 671 2151 Lat.
705 2115 783 2152 115
817 2116 1169 2161 commendauerat,
1210 2126 1305 2164 quos
1335 2118 1401 2163 qui
1426 2115 1650 2162 praeferet,
1686 2116 1827 2161 proba-

299 2171 434 2207 biliore
465 2182 579 2218 quam
609 2172 667 2207 illi
701 2173 844 2218 poterit
881 2173 1045 2209 remedio
1077 2173 1237 2220 elicere,
1277 2174 1311 2208 si
1348 2174 1551 2219 scripserit
1589 2183 1609 2208 o
1641 2171 1828 2220 dirumque
1886 2187 1888 2190 >

297 2218 328 2263 e.
353 2239 388 2275 q.
413 2238 443 2264 s.
528 2238 548 2263 o
580 2227 715 2274 dirum,
747 2239 950 2275 suprascr.
984 2239 1026 2275 o,
1058 2229 1218 2265 Leid.'o
1251 2229 1394 2265 diorum
1415 2228 1550 2265 Bamb.
1583 2227 1748 2264 odiorum
1779 2228 1830 2265 JV

297 2284 463 2320 odiosum
495 2284 628 2320 Delrio
660 2296 681 2319 υ
713 2284 877 2320 odiosum
902 2285 1120 2332 Gepperlus
1206 2283 1514 2333 maestificumque
1544 2284 1586 2321 L.
1609 2284 1774 2322 Mueller

295 2340 418 2376 ouium
450 2339 589 2376 turbam
610 2340 714 2377 Leid.
737 2340 872 2378 Bamb.
960 2342 1020 2378 An
1051 2344 1090 2379 in
1122 2342 1316 2379 trochaeis
1345 2352 1525 2378 mensura
1558 2339 1743 2378 horibilem
1773 2345 1825 2376 io-

294 2398 488 2433 leranda?
518 2396 571 2444 cf.
595 2397 674 2434 501
764 2397 815 2435 81
848 2398 910 2434 sed
941 2399 1045 2444 libri,
1081 2400 1182 2446 quod
1209 2398 1420 2445 defendunt
1442 2398 1661 2445 Geppertus
1679 2399 1704 2434 l.
1724 2399 1749 2434 l.
1773 2396 1826 2434 94

295 2458 331 2490 et
354 2453 419 2490 CF
427 2454 477 2490 W
492 2453 658 2490 Mueller
674 2455 831 2500 prosod.
853 2455 982 2492 Plaut.
1007 2454 1087 2493 288
1119 2455 1170 2491 sei
1190 2455 1463 2492 Lachmannus
1490 2457 1529 2491 in
1551 2455 1667 2491 Lacr.
1688 2454 1752 2491 IV
1771 2453 1823 2490 81

294 2521 334 2546 se
355 2510 631 2547 Buechelerus.
662 2510 720 2546 An
750 2511 802 2547 sic
831 2513 870 2548 in
900 2513 979 2558 fine
1010 2513 1272 2548 antecedentis
1301 2522 1439 2548 uersus
1464 2511 1569 2558 fuit?
1663 2511 1826 2558 angusti-

296 2571 404 2602 tatem
435 2566 608 2603 inclusam
639 2577 679 2602 ae
709 2568 801 2603 saxis
830 2569 922 2604 libri
1007 2568 1059 2605 82
1091 2579 1226 2616 paruus
1259 2568 1424 2615 Vossius,
1447 2568 1623 2604 Bothius.
1656 2566 1714 2602 An
1737 2576 1824 2613 pue—

294 2622 380 2659 ros?
467 2624 622 2671 patrium
644 2623 807 2660 Bothius
835 2628 976 2673 patrum
996 2626 1088 2662 libri
1105 2630 1205 2673 parat
1237 2625 1389 2662 Vossius
1475 2622 1640 2659 hostifico
1664 2623 1827 2659 Bolhius

407 2679 459 2716 83
491 2680 639 2716 miscere
669 2680 920 2718 Passeratius
950 2681 1088 2717 hiscere
1118 2682 1209 2718 libri
1320 2691 1424 2717 suum
1457 2681 1610 2717 Vossius
1639 2679 1714 2715 scio
1746 2679 1823 2716 Bo-

295 2736 396 2772 thius
482 2734 535 2773 84
566 2741 627 2772 aut
648 2736 788 2773 Aldina
867 2736 1072 2774 obstinatod
1103 2740 1142 2774 in
1173 2738 1371 2785 lraqoedia
1402 2738 1515 2773 etiam
1546 2740 1622 2772 ium
1653 2737 1822 2772 auditum

295 2803 378 2828 esse
408 2796 547 2829 statuo.
579 2791 760 2829 obstinato
793 2794 875 2830 cod.
922 2793 1015 2830 Olim
1053 2805 1123 2843 ego
1164 2795 1305 2830 addidi.
1443 2792 1496 2830 85
1526 2792 1680 2829 lambos
1718 2803 1823 2829 nunc

294 2851 448 2896 notaui⁷
480 2851 566 2886 olim
597 2850 822 2898 trochaeos,
855 2861 940 2887 cum
971 2850 1058 2886 mala
1088 2863 1163 2898 pro
1183 2850 1442 2898 monosyllabo
1461 2850 1657 2886 haberem.
1731 2848 1820 2885 mala

291 2905 381 2942 libri
464 2917 507 2941 an
539 2906 628 2942 mala
655 2905 660 2953 Ι
687 2907 803 2943 aetate
834 2909 946 2943 mauis
980 2907 1099 2944 OFW
1120 2908 1286 2944 Mueller
1306 2909 1330 2943 l.
1350 2908 1377 2942 l.
1402 2904 1503 2951 384,
1534 2908 1620 2942 ilem
1653 2908 1687 2942 si
1715 2910 1820 2942 recte
