1942 3204
194 184 248 226 72
830 188 873 228 Q.
900 186 1080 220 mmlvs

747 289 871 332 XLII
903 288 1053 346 (XLHI.
1084 289 1162 348 45)

397 401 404 408 .
436 367 583 409 uiuam
614 382 671 409 an
701 367 872 423 moriar,
901 368 1022 409 nulla
1052 368 1099 410 in
1130 383 1197 410 me
1230 370 1295 411 est
1325 371 1476 411 metus.

733 444 880 486 XLIII
912 442 1064 501 (XL'IV.
1100 443 1174 502 18)

312 520 492 564 Amicus
524 523 665 564 certus
696 519 745 563 1'n
774 536 819 564 re
851 522 1016 564 incerta
1048 522 1247 564 cernitur.

752 598 896 641 XLIV
929 597 1059 656 (XLV.
1095 597 1168 656 16)

315 674 435 718 Bene
466 675 583 718 fzicta
613 676 724 718 male
756 676 898 718 locuta
928 677 1039 718 male
1070 676 1187 719 facta.
1217 677 1412 720 arbitror.

801 752 922 796 XLV
961 751 1118 810 (XLVI)

192 829 280 872 390
321 829 562 872 M1ilierem:
595 830 696 885 quid
727 830 872 886 potius
904 830 1043 872 dicam
1063 833 1138 873 aut
1167 831 1310 874 uerius
1330 846 1459 886 quam
1477 829 1726 873 mulierem?

734 906 879 950 XLVI
911 905 1078 964 (XLVII.
1111 906 1188 964 34)

442 1018 450 1026 .
482 983 635 1027 induta
665 984 749 1027 fuit
780 985 909 1027 saeue.
941 985 1064 1028 stola.

733 1060 900 1105 XLVII
932 1059 1116 1118 (XLVIII.
1150 1059 1197 1118 8)

315 1139 430 1181 Telis
461 1137 527 1180 ssli
559 1140 697 1181 mater

195 1280 417 1315 Chthoniam
452 1281 491 1313 in
515 1280 724 1314 Erechtheo
748 1280 843 1314 haee-
875 1284 914 1314 et
951 1281 1145 1324 sequentia
1176 1279 1235 1322 (fr.
1260 1279 1381 1322 XLII)
1412 1281 1535 1314 dicere
1564 1281 1728 1324 potuisse

200 1327 355 1360 conieci.
471 1326 576 1359 XLII
606 1326 716 1359 Pauli
739 1327 876 1360 Festus
900 1338 935 1370 p.
963 1328 1027 1360 123
1056 1327 1106 1359 M.
1139 1328 1301 1359 ‘metus
1335 1326 1509 1359 feminine
1541 1326 1727 1360 dicebant.

200 1372 357 1405 Ennius:
383 1371 529 1405 uiuam’
556 1382 588 1405 e.
614 1381 646 1413 q.
673 1381 701 1406 s,
747 1372 881 1405 Festus
906 1383 940 1415 p.
965 1373 1031 1406 286
1058 1373 1107 1406 M.
1141 1374 1262 1404 ‘recto
1287 1371 1408 1404 fronte
1436 1397 1444 1405 .
1466 1397 1473 1404 .
1494 1396 1502 1405 .
1533 1370 1627 1404 Cato
1657 1397 1665 1405 .
1685 1396 1694 1406 .
1714 1397 1722 1405 .

201 1417 378 1460 antiquae
409 1417 448 1449 id
480 1417 754 1450 consuetudinis
779 1417 867 1459 fuit,
901 1421 943 1451 ut
975 1428 1055 1450 cum
1088 1417 1142 1450 ait
1167 1417 1308 1449 Ennius
1334 1427 1478 1459 quoque
1507 1442 1516 1450 .
1537 1442 1545 1451 .
1566 1442 1574 1451 .
1603 1417 1729 1451 nulla

195 1465 368 1496 metus.⁷
411 1462 462 1496 cf.
488 1462 626 1495 Paulus
651 1472 685 1505 p.
712 1463 755 1496 60
778 1473 814 1497 u,
841 1463 979 1504 corius3
1005 1463 1143 1496 Festus
1166 1473 1201 1505 p.
1227 1463 1292 1495 150
1315 1472 1351 1495 u.
1375 1462 1474 1495 malo
1498 1473 1617 1496 cruce.

198 1508 324 1542 XLIII
349 1507 479 1541 Cicero
495 1507 601 1541 Lael.
622 1509 675 1548 17,
693 1509 737 1540 64
762 1511 773 1528 ⁸·
787 1518 1006 1551 quamquam
1030 1508 1170 1541 Ennius
1187 1510 1288 1540 recte
1311 1532 1320 1541 .
1334 1531 1343 1540 .
1357 1510 1387 1541 ‚²
1463 1507 1582 1542 XLIV
1599 1507 1728 1541 Cicero

199 1554 243 1586 de
269 1553 331 1587 off.
355 1553 394 1586 II
419 1554 479 1595 18,
506 1554 549 1586 62
575 1556 679 1586 ‘nam
704 1553 895 1596 praeclare
919 1553 1061 1586 Ennius
1091 1578 1099 1585 .
1119 1578 1127 1586 .
1149 1556 1178 1587 .’
1293 1552 1394 1586 XLV
1418 1552 1579 1586 Rutilius
1603 1554 1728 1596 Lupus

198 1599 215 1632 I
235 1600 276 1631 12
294 1609 328 1641 p.
344 1599 389 1631 43
407 1598 551 1631 Ruhnk.
577 1598 702 1640 (rhett.
721 1599 819 1632 Latt.
840 1598 897 1633 ed.
915 1598 1036 1631 Halm.
1054 1609 1090 1641 p.
1107 1599 1141 1640 8,
1161 1595 1217 1640 19)
1244 1597 1462 1640 ‘diaphorat
1488 1598 1557 1631 hoc
1581 1598 1729 1631 schema

197 1647 270 1684 est,
305 1654 387 1676 cum
416 1644 567 1677 uerbum
604 1644 775 1677 iteratum
811 1644 921 1676 aliam
953 1644 1175 1677 sententiam
1203 1642 1389 1686 significat
1425 1654 1469 1676 ac
1499 1643 1732 1687 significauit

196 1690 311 1733 primo
338 1689 488 1730 dictum.
535 1688 578 1721 Id
611 1691 668 1722 est
698 1689 907 1722 huiusmodi
938 1714 945 1721 .
967 1714 975 1722 .
996 1714 1004 1721 .
1035 1690 1148 1722 Item
1178 1689 1223 1721 in
1246 1689 1362 1720 Enni
1391 1699 1542 1722 uersu:
1574 1689 1730 1722 mulie-

199 1737 307 1767 rem’
342 1745 372 1768 e.
400 1744 434 1777 q.
460 1745 488 1769 s.
537 1733 598 1767 Sic
627 1734 799 1768 Halmius
828 1734 1027 1768 secundum
1058 1734 1301 1773 Meinekium,
1335 1734 1398 1776 qui
1428 1734 1544 1766 Enni
1573 1745 1729 1768 uersus

199 1784 432 1820 correxerat,
465 1779 588 1812 aliena
613 1790 724 1812 manu
752 1780 847 1813 haec
872 1790 891 1812 e
916 1781 1080 1823 margine
1111 1779 1219 1812 illata
1250 1779 1455 1822 suspicans.
1502 1780 1608 1812 item
1631 1780 1730 1812 uni-

199 1835 377 1858 uersum
402 1825 559 1860 codices.
633 1825 776 1858 Similia
802 1825 1022 1858 Graecorum
1047 1828 1239 1868 poetarum
1270 1824 1367 1857 dicta
1392 1827 1478 1857 sunt
1502 1824 1635 1857 multa:
1667 1825 1729 1858 So·

199 1870 342 1913 phoclis
368 1871 527 1913 Epigon.
555 1870 598 1903 fr.
625 1871 690 1904 188
705 1870 765 1912 N„
791 1870 1029 1904 Theodectae
1046 1869 1231 1902 Alcmeon.
1261 1869 1303 1902 fr.
1330 1871 1347 1901 l
1374 1868 1422 1912 (p.
1442 1871 1507 1902 622
1523 1868 1595 1913 N.)‚
1621 1870 1728 1903 Euri-

203 1916 298 1958 pidis
322 1916 465 1948 Hecub.
494 1916 597 1954 1178,
623 1926 667 1948 ex
692 1916 878 1949 Phoenice
905 1916 950 1949 fr.
969 1916 1053 1957 805,
1078 1915 1295 1957 Melanippa
1320 1914 1363 1949 fr.
1388 1916 1466 1956 497,
1493 1914 1730 1949 Stheneboea

202 1962 246 1995 fr.
271 1962 357 2002 670,
385 1960 531 1993 Carcini
558 1971 576 1992 e
602 1960 748 1993 Semela
775 1961 819 1993 fr.
846 1963 866 1994 3
892 1972 926 2003 p.
954 1962 1020 1993 620
1044 1961 1087 1995 Ν.
1181 1959 1300 1992 XLVI
1326 1960 1477 1992 Seruius
1500 1960 1539 1992 in
1562 1960 1652 1993 Aen.
1673 1962 1691 1994 I
1707 1962 1730 1994 4

199 2010 399 2039 ‘saeuam
423 2005 595 2038 dicebant
619 2008 764 2038 ueteres
789 2016 976 2049 magnam,
1002 2008 1042 2037 ut
1066 2005 1224 2038 Ennius:
1256 2003 1405 2037 induta’
1433 2015 1463 2038 e.
1491 2015 1524 2047 q.
1551 2015 1578 2037 s.
1619 2006 1664 2040 (ἰ.
1691 2016 1724 2039 e.

201 2061 347 2094 magna.
353 2053 364 2070 '
399 2050 579 2092 Cynthius
603 2050 822 2084 Cenetensis
846 2051 883 2083 in
907 2051 998 2084 Aen.
1024 2051 1042 2083 1
1065 2052 1087 2083 4
1112 2050 1169 2092 (A.
1195 2050 1272 2082 Mai
1297 2053 1394 2082 auct.
1422 2050 1530 2082 class.
1553 2050 1625 2083 VII
1647 2049 1729 2094 327)

201 2100 358 2130 ‘saeuus
385 2096 523 2128 dicitur
549 2095 724 2136 crudelis,
750 2106 903 2139 prosper
928 2099 965 2129 et
987 2106 1153 2139 magnus.
1193 2095 1350 2128 Ennius.
1375 2095 1525 2127 induta'
1553 2106 1584 2128 e.
1609 2106 1645 2139 q.
1673 2106 1701 2131 s.

290 2141 429 2175 XLVII
453 2142 569 2175 Varro
596 2141 640 2174 de
665 2140 689 2173 1.
707 2124 750 2177 L.
776 2141 847 2175 VII
870 2143 914 2175 87
930 2141 980 2176 M.
1006 2141 1176 2183 lympha
1202 2151 1224 2173 a
1248 2141 1422 2183 nympha,
1446 2143 1488 2173 ut
1512 2140 1607 2183 quod
1630 2141 1729 2183 apud

202 2186 365 2220 Graecos
391 2183 518 2228 Θέτις,
553 2186 650 2229 apud
674 2187 850 2219 Ennium:
882 2186 1009 2220 Thelis
1039 2186 1094 2218 illi
1117 2188 1261 2219 mater)
1311 2185 1480 2219 Conferri
1509 2186 1614 2219 iubet
1637 2187 1730 2220 Tur·

201 2320 236 2355 di
264 2323 413 2355 ‘seruate
445 2318 620 2366 Scaliqer
651 2323 687 2354 et
716 2319 870 2367 patriae,
902 2318 938 2355 di
969 2323 1112 2354 seruate
1145 2318 1305 2355 Vrsinus
1335 2323 1371 2354 et
1400 2322 1559 2366 patrem,
1590 2317 1627 2353 di
1655 2329 1730 2354 ser-

201 2381 284 2412 uate
309 2375 350 2412 0.
372 2375 596 2412 Muellerus.
628 2380 695 2412 aut
725 2380 762 2412 et
791 2376 939 2423 patriam
970 2374 1005 2410 di
1037 2379 1229 2411 seruarunt
1250 2378 1318 2411 aut
1348 2379 1384 2410 et
1413 2374 1549 2422 patriae
1579 2380 1615 2410 et
1644 2375 1730 2410 mihi

202 2432 364 2468 seruauit
393 2432 572 2468 Albertus
592 2432 762 2480 Lanyius
784 2432 938 2477 Quaest.
969 2436 1078 2468 metr.
1106 2443 1146 2478 p.
1170 2430 1225 2468 20
1340 2430 1543 2467 Senarium
1573 2433 1730 2479 aynouit

212 2490 369 2527 Vossius
485 2488 564 2525 387
605 2488 702 2524 nulla
732 2490 926 2526 ablatiuus
955 2492 1013 2525 est
1043 2488 1260 2525 aduerbiali
1289 2489 1566 2535 siqnificatz'oue
1595 2491 1637 2524 ut
1665 2498 1727 2523 ne-

205 2556 404 2594 quaquam,
436 2556 525 2581 nam
554 2547 593 2581 in
616 2547 748 2582 annal.
772 2545 852 2582 537
885 2550 1003 2581 metus
1032 2544 1109 2580 ullu
1140 2548 1240 2580 tenet
1269 2544 1512 2581 scribendum
1535 2547 1643 2590 puto.
1736 2586 1739 2594 1

204 2602 284 2639 389
316 2599 488 2638 beneficia
519 2602 640 2638 Bern.
673 2613 706 2638 c.
737 2602 865 2639 Palat.
999 2601 1082 2638 390
1123 2601 1279 2638 Versum
1317 2602 1472 2648 aqnom‘t
1499 2599 1727 2647 Meinelcz'us‚

205 2661 319 2695 etiam
339 2659 608 2695 Froelzlz'chz'us
631 2655 734 2707 (aun.
754 2659 900 2705 philoll.
927 2656 1035 2695 1864
1062 2669 1102 2704 p.
1127 2655 1237 2705 204),
1268 2659 1335 2704 qui
1363 2661 1486 2693 tamen
1515 2668 1590 2693 uon
1611 2657 1730 2694 Ennii

204 2717 371 2752 restituit
410 2725 565 2757 nomen,
608 2716 676 2752 sed
710 2715 929 2750 multiuiram
966 2714 1152 2750 mulierem
1182 2715 1356 2760 priorem
1395 2715 1590 2749 senarium
1621 2715 1728 2750 clau·

204 2773 295 2807 dere
326 2773 446 2808 uoluit
556 2771 634 2809 391
667 2771 736 2807 suit
766 2771 927 2808 Seruius
956 2776 1011 2806 est
1042 2770 1246 2816 Cynthius.-
1275 2781 1324 2806 an
1354 2768 1537 2806 indutast?
1646 2769 1726 2806 392

206 2828 327 2864 Thelis
361 2828 564 2864 Turnebus
602 2828 725 2864 Thetis
756 2828 863 2865 Flor.
896 2828 1029 2864 Haun.
1067 2837 1107 2862 ea
1144 2826 1267 2863 Thetis
1305 2827 1386 2863 cod.
1421 2825 1474 2873 Β,
1510 2827 1653 2863 lacuna
1689 2828 1728 2863 in

209 2884 317 2921 Goth.
349 2889 425 2920 erat
455 2884 579 2920 Thetis
611 2884 835 2933 Spenqeuus
