1942 3204
232 194 385 229 xxxvr
819 179 1169 231 coROLLARIVM

545 302 740 357 incepti
773 306 909 344 certos
941 304 1243 358 compotesque
1275 303 1435 345 consili.

354 372 403 414 V.
436 373 533 415 354.
595 374 816 429 Integrum
836 373 1010 415 Publilii
1030 388 1198 415 versum
1218 373 1361 415 Ennio
1381 373 1552 416 reddere
1569 374 1755 416 ‘maxime

231 442 449 485 Ciceronis
482 444 770 499 disputatione
797 446 1006 499 vetamur,
1039 460 1122 500 qua
1154 445 1204 486 de
1230 446 1367 485 morte
1392 444 1566 486 verbum
1590 445 1755 486 nullum

231 515 295 568 fit,
328 514 401 555 sed
432 529 578 556 eorum
610 515 819 556 refutatur
851 516 1083 570 sententia,
1121 516 1193 572 qui
1226 530 1438 557 summum
1471 514 1631 556 bonum
1664 529 1755 556 esse

232 584 442 627 docebant
460 586 567 627 nihil
594 586 754 627 dolere:
787 587 890 627 ‘non
916 586 1059 641 enim’,
1090 586 1247 642 inquit,
1279 586 1330 627 ‘si
1356 586 1515 627 malum
1535 588 1600 636 est
1625 585 1756 640 dolor,

232 670 374 697 carere
418 671 467 698 eo
512 657 624 698 malo
667 657 771 698 satis
815 659 880 698 est
920 657 973 698 ad
1018 658 1141 699 beate
1185 656 1422 698 vivendum.
1479 656 1561 716 hoc
1604 656 1756 698 dixerit

230 726 396 768 Ennius
430 761 438 769 .
466 762 474 769 .
502 762 510 770 .
542 743 621 769 nos
652 729 824 783 beatam
856 728 989 770 vitam
1020 743 1107 770 non
1139 727 1386 783 depulsione
1417 727 1537 781 mali,
1578 727 1650 768 sed
1682 727 1752 768 ad-

229 797 399 851 eptione
438 799 539 839 boni
578 799 852 854 iudicemus’3
885 799 928 841 in
969 800 1123 855 quibus
1160 798 1293 840 delevi
1339 798 1451 853 quod
1489 800 1587 839 ante
1623 797 1755 839 Ennii

230 883 386 910 nomen
419 869 575 924 legitur
598 870 756 923 potius,
794 870 903 912 falso
941 871 1123 912 inlatum
1155 885 1205 911 ex
1242 869 1432 924 proxime
1470 868 1754 910 antecedenti-

230 939 309 979 bus
342 939 571 981 ‘interdum
606 941 670 982 vel
702 941 844 994 potius
876 941 1091 995 nimium’,
1124 941 1253 982 semel
1285 940 1328 981 in
1360 939 1557 981 Palatino
1589 939 1650 994 B,
1682 939 1754 980 sed

227 1024 450 1063 perperam
491 1001 631 1064 priore
669 1012 762 1053 loco
801 1012 1017 1054 omissum.
1080 1012 1271 1066 Apparet
1316 1010 1523 1066 quadrare
1561 1010 1613 1051 ad
1650 1010 1754 1051 illud

228 1083 501 1134 praeceptum
540 1081 760 1136 Euripidis
798 1083 842 1124 in
881 1082 1057 1124 Hecuba
1095 1082 1224 1124 verba
1263 1097 1299 1123 V.
1332 1082 1415 1123 627
1450 1096 1510 1135 sq.
1572 1080 1754 1134 Explere

228 1151 498 1206 versiculum,
550 1167 675 1207 quem
721 1152 868 1195 Cicero
913 1155 1107 1196 consulto
1150 1168 1237 1194 non
1287 1152 1501 1207 integrum
1554 1151 1754 1205 laudavit,

231 1222 355 1262 variis
388 1222 525 1263 modis
557 1223 707 1277 possis.
770 1223 878 1266 Prae
910 1225 1060 1266 ceteris
1092 1224 1272 1266 fortasse
1303 1222 1523 1278 probabile

372 1293 552 1334 nimium
584 1294 730 1335 bonist
761 1295 826 1336 cui
858 1293 923 1336 nl'l
955 1295 1099 1336 malist
1132 1293 1334 1348 [cotidie]

226 1362 369 1404 Minus
401 1365 540 1418 placet

373 1435 552 1476 nimium
585 1436 731 1478 bonist
761 1438 827 1478 cui
861 1436 925 1478 11ss
957 1440 1023 1478 est
1054 1437 1131 1491 (vel
1163 1436 1236 1491 sit)
1271 1437 1333 1489 [in
1364 1436 1472 1488 uita]
1505 1435 1607 1477 mali

229 1506 459 1547 secundum
492 1522 600 1562 quae
632 1508 824 1549 felicitati
851 1507 911 1549 nil
944 1508 1086 1549 demat
1111 1508 1270 1549 malum
1303 1507 1347 1549 in
1379 1509 1515 1548 morte
1547 1506 1751 1548 accidens.

344 1576 408 1618 De
440 1592 475 1618 v.
509 1578 594 1619 359
628 1593 688 1633 sq.
733 1578 1028 1630 testimonium
1067 1593 1118 1620 ex
1156 1578 1328 1620 Donato
1365 1577 1537 1632 repetiit
1574 1576 1751 1631 artigra-

228 1647 337 1701 phus
364 1647 594 1689 Bernensis
626 1649 670 1690 in
696 1648 868 1704 Hageni
901 1649 1105 1691 analectis
1131 1648 1374 1690 Helveticis'
1395 1663 1434 1702 p.
1460 1646 1751 1689 CCXXXVII.

347 1717 398 1760 V.
430 1719 528 1760 366.
570 1718 710 1760 Nimis
742 1719 924 1761 difficilis
956 1720 1017 1761 fui
1049 1720 1093 1761 in
1126 1718 1390 1761 admittenda
1420 1718 1605 1759 nominis
1635 1717 1751 1759 homo

227 1789 410 1831 iambica
441 1804 658 1844 mensura,
697 1805 804 1845 quae
842 1791 907 1832 vel
945 1790 1212 1832 Terentianis
1250 1789 1452 1843 exemplis
1486 1803 1574 1830 non
1605 1788 1750 1842 paucis

227 1858 338 1914 (eun.
367 1861 453 1902 358
492 1861 607 1902 haut.
641 1861 693 1902 77
737 1861 824 1903 205
864 1862 945 1902 731
987 1860 1157 1902 Phorni.
1199 1860 1281 1901 123
1319 1860 1405 1901 362
1444 1858 1609 1913 adelph.
1646 1857 1751 1914 540)

228 1930 444 1984 probatur.
507 1931 570 1971 Ac
609 1931 767 1985 recepit
797 1946 910 1973 nunc
942 1931 987 1972 in
1019 1930 1264 1972 Plautinum
1296 1932 1460 1972 textum
1493 1929 1751 1970 Ritschelius

228 2001 355 2042 etiam
387 2001 573 2043 Immonis
603 2004 646 2042 et
678 2002 843 2043 similia.
899 2001 961 2044 Cf.
999 2004 1218 2056 praeterea
1249 2000 1400 2043 Naevii
1433 2015 1537 2042 com.
1557 1999 1645 2054 ⁴453
1681 1999 1750 2041 ho-

227 2085 364 2113 mones
395 2071 604 2113 Pacuvius
637 2072 817 2114 fortasse
849 2087 890 2130 v..
917 2073 1002 2114 348
1036 2070 1123 2129 (eqo
1154 2072 1221 2113 o'dz·
1249 2071 1455 2122 homones,
1492 2085 1748 2126 quamquam

227 2143 294 2186 odi
330 2157 398 2195 eqo
429 2142 610 2184 hommes
641 2143 744 2184 ordo
770 2143 1009 2184 Bothianus
1041 2144 1166 2197 plane
1186 2143 1295 2184 redit
1314 2143 1358 2184 in
1378 2141 1518 2183 Plauti
1537 2140 1749 2195 Amphitr.

227 2228 262 2254 v.
296 2214 381 2255 3⁶28
415 2214 509 2254 ‘odi
541 2226 620 2268 ego
653 2215 846 2268 aurum')
883 2216 925 2255 et
966 2214 1119 2255 Accius
1151 2228 1187 2255 v.
1224 2214 1302 2254 131
1342 2212 1436 2266 (au't
1471 2212 1644 2264 infando
1680 2211 1749 2252 ho-

228 2284 364 2338 mo'ne)
397 2284 668 2338 scripserunt.

348 2353 398 2396 V.
431 2355 513 2396 381
550 2370 610 2410 sq.
642 2356 687 2396 in
719 2356 924 2397 memoria
942 2355 1154 2400 ,habuisse
1191 2355 1357 2413 videtur
1387 2353 1598 2394 Minucius
1630 2352 1748 2394 Felix

233 2425 303 2478 18,
348 2426 374 2466 6
420 2426 606 2480 ‘quando
651 2441 851 2481 umquam
894 2427 1009 2480 reyni
1049 2426 1217 2467 societas
1254 2427 1328 2466 aut
1364 2439 1458 2466 cum
1500 2425 1580 2477 fide
1610 2424 1749 2478 coepit

229 2497 302 2535 aut
346 2495 438 2536 sine
482 2511 629 2537 cruore
661 2497 831 2538 desiit?
875 2498 1027 2538 omitto
1067 2497 1219 2538 Persas
1264 2529 1271 2537 .
1311 2529 1318 2537 .
1362 2498 1404 2536 et
1447 2494 1746 2535 Thebanorum

226 2580 321 2620 par,
359 2568 571 2607 mortuam
604 2567 810 2622 fabulam,
846 2569 1030 2609 transeo.
1080 2567 1134 2608 ob
1172 2568 1390 2620 pastorum
1428 2567 1471 2606 et
1501 2579 1623 2606 casae
1654 2578 1746 2619 reg-

226 2652 329 2677 num
373 2637 424 2678 de
468 2638 649 2692 geminis
692 2638 897 2679 memoria
939 2637 1163 2679 notissima
1207 2638 1281 2678 est.
1338 2635 1482 2690 generi
1525 2637 1568 2676 et
1613 2635 1746 2676 soceri

226 2708 338 2748 bella
368 2709 460 2748 toto
493 2708 593 2749 orbe
625 2708 777 2749 diffusa
810 2710 925 2763 sunt,
957 2711 999 2749 et
1029 2711 1119 2749 tani
1150 2707 1295 2762 magni
1326 2705 1492 2760 imperii
1526 2706 1631 2747 duos
1662 2706 1744 2747 for-

227 2781 331 2819 tuna
364 2793 450 2820 non
483 2779 624 2833 capit.’

344 2847 394 2889 V.
423 2849 509 2890 385
543 2850 797 2891 sententiam
829 2849 1111 2891 Buecheler-us
1141 2849 1272 2891 talem
1302 2849 1442 2890 inesse
1469 2848 1548 2890 sibi
1573 2861 1743 2902 persua-
