1942 3204
828 202 869 235 L.
897 199 1076 235 A'r‘mvs
1640 198 1718 240 171

884 306 929 349 Π
961 303 1029 364 (1)

947 383 1245 427 alternabilem

189 447 277 491 265
309 443 519 489 Diuitiam
550 443 789 501 partissent

875 522 943 565 ΠΙ
974 520 1043 580 (4)

308 595 431 652 Quoi,
444 595 479 638 si
493 592 598 639 hinc
618 594 864 651 superescit,
879 593 1081 650 Spartam
1095 596 1223 650 atque
1238 591 1442 649 Amyclas
1456 594 1579 637 trado
1597 592 1724 652 [ego]

872 670 938 715 IV
970 669 1038 729 (3)

307 745 463 790 Melius
494 745 688 803 pigrasse
720 744 903 800 quamde
934 758 1188 801 properasse
1221 745 1286 786 est
1317 744 1451 786 nefas.

385 809 389 813 ¹
884 821 926 865 V
959 819 1026 879 (2)

307 896 418 947 Quid
450 894 608 953 agaim?
639 910 724 938 uox
753 894 901 937 illiust.
926 920 982 926 —
1016 893 1142 938 Certe
1172 893 1286 936 idem
1319 909 1467 936 omnes
1500 894 1728 939 cernimus.

557 989 991 1035 OLVTEMESTRA
1054 989 1165 1033 Vide
1196 1006 1238 1046 p.
1274 990 1355 1032 139

617 1067 955 1112 DEIPHOBVS
1005 1067 1116 1111 Vide
1147 1084 1188 1125 p.
1212 1067 1296 1111 152

800 1145 1106 1190 DIOMEDES

896 1224 920 1267 Ι
951 1221 1020 1282 (1)

829 1297 920 1340 fere
952 1297 1274 1340 exanclauimus

279 1401 317 1435 11
335 1400 427 1436 Non.
444 1401 523 1442 475,
540 1401 585 1434 25
609 1400 829 1444 ‘partiret
851 1410 915 1443 pro
932 1398 1136 1442 partiretur
1159 1424 1166 1431 .
1181 1424 1188 1431 .
1203 1423 1213 1432 .
1227 1423 1234 1431 .
1258 1397 1392 1431 Accius
1418 1398 1627 1441 Chrysippo
1651 1423 1658 1430 .
1674 1423 1681 1430 .
1697 1423 1705 1431 .

190 1447 436 1491 (Cresippo
467 1446 610 1489 Bamb.)
726 1445 783 1480 111
813 1445 949 1478 Festus
982 1455 1017 1488 p.
1043 1446 1110 1478 302
1140 1445 1192 1479 Μ.
1224 1445 1507 1487 ‘superescit
1539 1443 1726 1486 significat

190 1493 383 1537 supererit.
425 1492 568 1525 Ennius
594 1509 634 1515 —
661 1494 699 1525 et
723 1491 838 1524 Acer
861 1491 900 1523 in
926 1490 1153 1534 Chrysipp0=
1179 1490 1261 1533 qui’
1289 1500 1319 1523 e.
1339 1500 1372 1532 q.
1392 1500 1420 1522 s.
1457 1489 1641 1531 (Accius
1658 1490 1728 1522 Vr·

191 1538 308 1578 sinus)
402 1538 454 1572 1v
477 1537 572 1572 Non.
598 1538 674 1579 154,
701 1538 719 1570 1
745 1537 971 1580 ‘pigrare.
996 1536 1168 1569 retinere.
1199 1535 1336 1568 Accius
1354 1535 1529 1579 Erigonis
1553 1560 1560 1567 .
1575 1560 1583 1568 .
1598 1561 1607 1569 .
1629 1534 1727 1568 idem

191 1584 400 1627 Chrysippo
424 1609 431 1616 .
452 1608 459 1616 .
480 1586 509 1617 .’
625 1583 657 1615 V
681 1582 775 1615 Non.
807 1582 893 1624 261,
926 1583 968 1615 10
1000 1584 1230 1624 ‘cernet-e,
1264 1581 1401 1614 audire.
1444 1580 1581 1614 Accius
1613 1579 1725 1623 Chry-

188 1631 220 1665 si
274 1638 297 1663 ο
317 1630 396 1665 ...’

223 1641 482 1709 pprousnss
506 1675 525 1708 1
548 1674 642 1708 Non.
659 1675 744 1715 292,
772 1675 814 1707 10
838 1673 1107 1707 ‘exanclare
1132 1673 1245 1707 etiam
1270 1672 1460 1716 significat
1482 1673 1627 1716 perpeti
1652 1697 1682 1706 ..
1697 1674 1727 1705 .’

306 1783 388 1824 264
418 1782 670 1823 aeternabilem
699 1783 806 1828 libri,
840 1784 1005 1820 correxi
1104 1780 1185 1820 265
1217 1794 1269 1820 an
1296 1782 1505 1831 partissint,
1535 1786 1577 1819 ut
1598 1780 1729 1818 ambis-

191 1844 265 1881 sint
291 1845 331 1880 in
351 1842 487 1880 Plauti
503 1841 640 1888 Amph.
664 1840 743 1878 69?
773 1840 963 1878 Mensura
990 1840 1089 1876 haec
1117 1849 1269 1888 quoque
1286 1843 1447 1887 praesto
1469 1844 1526 1876 est
1555 1868 1564 1878 .
1584 1868 1593 1876 .
1622 1838 1730 1875 alter-

193 1899 346 1938 nabilem
366 1898 529 1936 diuitiam
550 1896 746 1947 partissent
774 1926 783 1935 .
803 1926 812 1935 .
928 1896 1009 1934 266
1041 1898 1128 1945 1111111
1159 1896 1242 1933 hinc
1273 1897 1356 1934 cod.
1390 1897 1477 1945 quin
1506 1897 1537 1933 si
1570 1895 1730 1933 Vrsinus

193 1958 281 2007 1111111
300 1957 385 1994 huic
401 1957 433 1993 si
455 1956 649 1994 Dacerius
669 1955 755 2004 quin
777 1954 835 1991 hic
854 1955 885 1991 si
905 1953 1193 1992 Lindemannus
1214 1954 1276 2003 qui
1297 1952 1396 1990 illinc
1417 1953 1497 2002 fuit
1519 1965 1604 1990 cum
1626 1955 1728 1990 coni-

194 2022 329 2052 cerem'
404 2013 586 2063 superesit
607 2012 764 2050 Grotius
784 2011 885 2049 Bibl.
909 2013 996 2049 crit.
1017 2023 1106 2049 nou.
1129 2009 1197 2048 IV
1287 2010 1451 2060 Amyclas
1482 2012 1595 2059 uulqo
1626 2011 1731 2059 Amy·

193 2073 266 2109 cias
298 2072 381 2108 cod.
503 2068 637 2107 tradam
668 2069 968 2107 Lindemannus.
1010 2068 1170 2107 Versum
1201 2067 1339 2105 tradibo
1370 2068 1540 2116 explebit
1569 2068 1621 2104 ad
1644 2067 1730 2115 for-

195 2139 279 2166 mae
309 2127 456 2165 reddiho
487 2127 765 2165 similitudinem
793 2126 960 2174 saelum.
1059 2125 1198 2163 Veram
1223 2127 1384 2163 nominis
1403 2125 1566 2174 Amyclas
1594 2135 1730 2172 proso-

194 2187 298 2223 diam
326 2186 457 2223 docuit
477 2184 714 2222 Ritschelius
733 2194 868 2231 opusc.
889 2183 936 2221 ΙΙ
956 2182 1060 2231 503,
1091 2185 1158 2231 qui
1176 2183 1280 2232 quod
1291 2195 1334 2230 p.
1357 2182 1439 2220 487
1465 2185 1731 2229 proposuerat

196 2243 283 2292 quin
314 2242 344 2278 si
373 2241 432 2280 hic
461 2240 539 2290 (uel
568 2241 629 2290 qui
650 2241 679 2277 si
711 2239 806 2287 huic)
836 2252 865 2277 8.
887 2239 1051 2290 Spartam
1081 2240 1114 2277 ei
1134 2244 1242 2289 atque
1263 2234 1450 2290 Amyculas
1485 2237 1490 2287 Ι
1524 2238 1627 2276 trado
1649 2241 1732 2285 ipse

195 2301 222 2337 l.
253 2300 279 2336 1.
311 2300 547 2347 repudiauit.
588 2298 675 2347 quin
713 2298 743 2334 si
780 2297 839 2335 hic
869 2309 899 2336 s.
932 2297 1096 2347 Spartam
1133 2298 1167 2334 ei
1196 2302 1305 2346 atque
1334 2296 1549 2333 Amunculas
1587 2296 1592 2341 Ι
1627 2294 1730 2331 trado

196 2356 419 2394 dubitanter
438 2355 719 2403 Hertzberyius
739 2366 834 2392 mus.
855 2355 980 2392 Rhen.
1003 2354 1113 2392 XIII
1130 2353 1213 2392 640
1233 2353 1288 2402 (in
1309 2354 1514 2391 Bitschelii
1531 2362 1666 2400 opusc.
1688 2351 1732 2388 11

198 2411 308 2460 504).
331 2412 414 2450 huic
442 2423 527 2462 qum
548 2411 751 2461 superescit
771 2410 833 2461 Sp.
864 2416 973 2460 atque
995 2411 1158 2460 Amyclas
1189 2411 1292 2448 trado
1323 2422 1394 2460 ego
1424 2411 1466 2447 L.
1491 2410 1656 2447 Mueller
1685 2409 1731 2445 de

198 2480 243 2507 re
267 2482 315 2507 m.
338 2469 419 2507 429
451 2470 513 2519 qui
544 2468 627 2506 hinc
645 2469 867 2518 superescit,
899 2468 961 2518 Sp.
985 2480 1015 2505 a.
1039 2469 1080 2505 Α.
1111 2468 1213 2505 trado
1241 2469 1445 2506 trochaeos
1466 2468 1732 2504 Buechelerus

197 2528 346 2564 suadet.
379 2527 431 2564 Et
459 2527 492 2563 ei
522 2531 558 2563 et
587 2537 658 2575 ego
688 2529 769 2574 ipse
794 2527 879 2563 olim
899 2527 1143 2563 inserueram
1273 2524 1354 2562 267
1387 2523 1541 2573 quamde
1572 2523 1732 2560 Botleius

199 2594 305 2633 quam
334 2584 447 2621 libri.-
477 2585 564 2621 olim
595 2583 665 2620 hoc
683 2586 771 2631 post
791 2586 847 2619 est
866 2585 1130 2630 inserueram,
1163 2587 1202 2619 ut
1224 2582 1493 2619 Buce-helerus
1523 2581 1615 2617 addi
1636 2580 1730 2615 uult.

157 2641 160 2646 '
283 2651 394 2689 quom
424 2652 459 2690 p.
492 2641 540 2677 sit
569 2651 603 2676 11.
628 2651 746 2688 prop.
771 2639 1023 2688 Kiesstinyius
1128 2638 1210 2677 268
1235 2640 1432 2676 Personas
1458 2638 1633 2674 distinxit
1655 2636 1729 2671 Βο-

201 2697 303 2734 thius
394 2696 507 2734 iniust
538 2697 774 2735 Bitschelius
803 2707 936 2744 opusc.
966 2696 1013 2734 II
1031 2695 1135 2743 683,
1164 2697 1206 2732 L.
1232 2695 1399 2733 Mueller
1425 2694 1472 2730 de
1499 2704 1542 2729 re
1569 2705 1616 2729 m.
1647 2690 1727 2727 441

199 2752 295 2790 illius
316 2752 402 2800 (illis
434 2753 561 2791 Vrbin.
585 2752 682 2801 308)
702 2758 759 2790 est
777 2753 868 2791 libri
952 2758 1050 2790 certe
1072 2754 1124 2790 ad
1147 2755 1318 2801 priorem
1345 2761 1552 2798 personam
1574 2748 1730 2786 trahen-

201 2811 250 2846 tis
269 2809 451 2847 Mueller-i
476 2812 745 2848 cauillationes
772 2811 826 2848 nil
846 2821 992 2847 moror:
1025 2812 1111 2847 olim
1131 2814 1221 2857 post
1249 2814 1324 2852 est,
1363 2808 1465 2855 quod
1491 2805 1732 2853 efferendum

202 2866 486 2914 existimabam,
518 2866 684 2917 profecto
708 2870 970 2914 inserueram,
999 2871 1040 2904 ut
1057 2869 1179 2914 <fieret
1200 2866 1436 2903 octonarius.
1555 2861 1637 2900 269
1664 2861 1733 2899 ieri

204 2922 413 2960 Gulielmus
443 2922 564 2961 Veris.
588 2923 612 2960 1
631 2923 681 2961 21
757 2942 762 2947 ·
