1942 3204
248 175 328 217 122
847 179 894 211 M.
920 177 1157 212 PAGVVIVS

365 280 563 323 Tractdte
594 297 670 337 per
703 297 854 338 aspera
886 283 989 324 saxa
1021 285 1064 324 et
1093 283 1290 339 humum,

366 356 556 400 Scindste
588 361 752 400 uestem
783 360 917 401 ocius!

848 436 889 478 V
922 434 1056 492 (Atal.
1088 435 1165 494 25)

1413 512 1438 538 a
1476 499 1485 539 !

364 552 527 610 Cepisti
557 570 624 597 me
656 556 764 597 istoc
795 556 946 611 uerbo,
977 556 1202 598 miseretlir
1231 557 1306 598 tui.
1438 498 1468 539 h

908 630 971 676 VI
1004 631 1100 690 (27)

247 709 334 752 355
365 708 541 751 Miseret
571 724 657 764 me,
686 710 875 752 lacrimis
906 708 1058 766 lingua
1089 711 1284 753 debiliter
1315 714 1468 767 stupet.

897 787 984 830 VII
1017 786 1112 845 (28)

367 863 460 912 Qua
491 865 533 904 te
566 862 840 918 {idplicauistl'
868 866 958 906 tam
990 866 1205 907 aerumnis
1237 866 1421 907 obruta?

901 941 1010 984 VIII
1043 940 1110 998 (1)

1276 1020 1380 1075 quin
1412 1019 1541 1061 etiam
1570 1020 1704 1075 ferae,

362 1093 527 1144 Qusbus
560 1094 682 1135 abest
713 1095 766 1135 ad
798 1095 1141 1150 praecauendum
1172 1096 1454 1152 intellegendi
1486 1097 1662 1153 astuitia,

364 1169 533 1228 [Mortis
565 1171 646 1213 sibi
677 1173 839 1214 terrore
871 1171 1044 1229 iniecto]
1078 1173 1333 1215 horrescunt
1364 1207 1538 1216 .....

245 1290 449 1333 paesticum
474 1289 588 1322 melos
612 1290 710 1322 binis
735 1289 892 1332 pedibus
917 1294 1018 1323 amat
1042 1301 1188 1324 sensum
1211 1291 1409 1333 includere,
1433 1294 1475 1324 ut
1501 1292 1598 1335 apud
1614 1291 1769 1325 Actium.

243 1336 381 1369 Contra
407 1335 592 1368 Pacuuius
618 1339 752 1368 nouar'e
777 1337 1002 1379 propositum
1025 1337 1155 1370 uolens
1180 1337 1298 1369 noluit
1322 1337 1420 1369 intra
1445 1337 1550 1370 binos
1575 1337 1701 1380 pedes,
1726 1340 1768 1370 ut

242 1382 430 1424 superius,
462 1380 564 1412 finire
590 1390 752 1420 sensum,
786 1381 852 1413 sed
882 1381 1083 1414 secundum
1108 1382 1319 1424 Euripidem
1350 1382 1570 1423 dactylicum
1602 1386 1766 1425 metrum,

243 1427 336 1469 quod
361 1426 583 1469 appellatur,
609 1426 774 1468 induxit,
800 1429 840 1458 ut
864 1427 1019 1459 nominis
1045 1427 1198 1460 mutatio
1216 1428 1468 1460 diuersitatem
1493 1428 1617 1470 daret,
1643 1428 1768 1460 huius-

243 1472 339 1504 modi
364 1471 515 1504 stasimo
540 1482 606 1503 seu
630 1471 780 1514 periodo
804 1482 892 1505 usus
912 1497 919 1504 .
934 1498 942 1505 .
957 1475 986 1506 .’
1013 1473 1240 1505 Baccharum
1263 1473 1302 1505 in
1318 1472 1480 1516 Antiopa
1507 1473 1615 1506 choro
1640 1473 1768 1505 tribuit

242 1517 335 1550 conl.
364 1517 408 1549 fr.
427 1516 499 1549 XII
524 1517 750 1559 Hartungus.
829 1517 860 1550 V
884 1517 975 1550 Non.
990 1519 1070 1559 477,
1089 1519 1130 1551 16
1156 1517 1420 1551 ‘miseretur
1445 1529 1508 1561 pro
1527 1519 1676 1551 miseret
1690 1543 1698 1550 .
1714 1543 1721 1551 .
1736 1521 1765 1551 .’

332 1563 382 1595 VI
406 1562 499 1595 Non.
525 1563 581 1602 98,
609 1563 649 1594 17
677 1561 937 1603 ‘debiliten
963 1562 1182 1596 debilitate)
1215 1561 1491 1605 (Paucuuius
1516 1563 1662 1604 Bamb.)
1688 1564 1767 1596 Hoc

242 1610 279 1640 et
304 1616 461 1650 sequens
486 1607 530 1641 fr.
555 1607 675 1650 potuit
699 1608 737 1639 in
762 1607 922 1650 Antiopa
946 1607 1065 1640 locum
1088 1608 1244 1648 habere3
1278 1608 1342 1641 sed
1367 1608 1410 1641 fr.
1438 1609 1500 1649 VI,
1526 1609 1557 1641 si
1584 1609 1766 1651 exemplo-

240 1664 319 1686 rum
335 1653 627 1685 Pacuuianorum
652 1652 751 1695 apud
768 1653 923 1686 Nonium
939 1653 1025 1686 inde
1051 1664 1073 1685 a
1090 1665 1123 1696 p.
1143 1655 1185 1686 96
1203 1654 1334 1686 seriem
1359 1654 1550 1697 respicias,
1577 1665 1622 1686 ex
1645 1653 1766 1686 Iliona

241 1699 364 1741 potius
395 1697 542 1730 uidetur
574 1701 783 1741 excerptum
815 1709 909 1731 esse.
1028 1699 1098 1732 VII
1123 1699 1336 1732 Priscianus
1359 1700 1411 1732 IX
1436 1710 1470 1742 p.
1493 1700 1560 1732 860
1584 1700 1623 1734 P.
1650 1698 1765 1742 ‘plico

241 1743 358 1786 plicas
385 1743 498 1786 plicui
522 1742 584 1775 uel
608 1743 784 1786 plicaui
815 1769 822 1776 .
842 1769 849 1776 .
870 1769 878 1776 .
905 1744 1093 1777 inuenitur
1109 1747 1232 1777 tamen
1257 1745 1370 1777 etiam
1389 1755 1468 1776 cum
1491 1745 1764 1787 praepositione

240 1790 279 1821 in
304 1789 367 1821 aui
391 1789 534 1821 faciens
560 1789 814 1831 praeteritum,
841 1789 904 1822 sed
929 1789 967 1822 in
991 1800 1074 1822 raro
1098 1799 1178 1822 usu.
1206 1791 1392 1822 Pacuuius
1416 1814 1423 1821 .
1439 1815 1446 1821 .
1461 1792 1490 1822 .’
1523 1789 1765 1829 (Pacubius

241 1834 352 1876 Sang.
380 1833 483 1866 Grut.
510 1833 679 1876 Carolir.)
711 1834 766 1866 Cf.
791 1834 972 1877 Antiopae
999 1835 1043 1867 fr.
1063 1835 1146 1867 XIV
1237 1834 1328 1868 VIII
1361 1833 1489 1867 Cicero
1515 1834 1559 1866 de
1584 1834 1644 1866 fin.
1660 1834 1692 1867 V
1711 1835 1763 1872 11,

240 1881 281 1912 31
309 1883 458 1912 ‘omnes
482 1882 582 1911 metu
607 1880 732 1911 mortis
757 1879 967 1912 afficiuntur
995 1904 1004 1913 .
1027 1905 1035 1913 .
1054 1905 1063 1913 .
1095 1880 1197 1923 quin
1224 1881 1358 1912 etiam
1382 1880 1524 1921 ferae,
1549 1879 1671 1922 inquit
1693 1879 1763 1911 Pa-

242 1925 388 1967 cuuius,
416 1925 577 1966 quibus
601 1925 735 1957 abest
761 1924 812 1957 ad
837 1935 872 1967 p.
899 1926 922 1960 i.
948 1935 982 1960 a.
1007 1925 1180 1958 iniecto
1205 1929 1378 1958 terrore
1403 1925 1559 1958 mortis
1584 1924 1764 1957 horres—

240 1972 372 2002 cunt.'
421 1970 552 2002 Vocem
590 1969 862 2003 horrescunt
894 1971 1147 2002 Pacuuianam
1181 1980 1260 2003 esse
1293 1973 1420 2003 censet
1451 1969 1661 2010 Maduicus,
1697 1969 1763 2002 illa

241 2019 380 2048 autem:
407 2015 578 2047 iniecto
605 2018 776 2047 terrore
803 2015 976 2056 mortis,
1004 2025 1099 2058 quae
1123 2016 1163 2047 in
1185 2025 1315 2048 uersus
1340 2015 1494 2057 speciem
1512 2015 1655 2057 redegi,
1682 2025 1764 2047 con-

221 2063 402 2093 -tractam
426 2060 464 2092 in
487 2060 637 2093 breuius
662 2060 819 2092 Pacuuii
843 2061 1066 2093 sententiam
1093 2060 1276 2096 exhibere.
1325 2060 1449 2093 Statui
1472 2063 1595 2093 autem
1624 2059 1763 2093 Vlixem

239 2106 277 2137 in
301 2105 490 2139 Armorum
513 2105 652 2138 iudicio
676 2105 742 2138 hoc
767 2106 932 2149 exemplo
956 2116 1061 2138 usum
1086 2116 1176 2138 esse.

240 2235 323 2262 esse
343 2226 436 2261 uidit
469 2225 671 2262 Vsenerus.
701 2225 899 2262 Audacius
926 2227 1012 2262 olim
1040 2229 1075 2261 ec
1094 2228 1217 2262 minus
1237 2230 1343 2262 recte
1371 2224 1466 2274 agite
1487 2222 1603 2274 rapite
1624 2225 1763 2261 uoluite

239 2282 331 2318 se'rte
351 2282 544 2318 dederam.
661 2282 741 2319 353
772 2293 827 2330 sq.
859 2287 894 2318 at
924 2282 1068 2329 cepisti,
1109 2293 1312 2329 suprascr.
1343 2293 1402 2328 ac,
1441 2283 1487 2318 W
1521 2281 1563 2318 ad
1593 2282 1762 2329 accepisti

239 2339 374 2375 Bamb.
405 2342 442 2373 at
460 2349 500 2374 ac
521 2339 646 2386 cepisti
669 2341 790 2375 celeri
817 2340 908 2376 libri
926 2338 1087 2374 Atalanta
1109 2338 1236 2386 (quasi
1251 2339 1414 2386 fabulae
1435 2337 1605 2385 nomem:
1635 2338 1762 2386 cepisti

239 2396 442 2431 Mercerus
462 2399 533 2430 atat
554 2396 680 2443 cepisti
703 2395 910 2432 Gulielmus
930 2398 968 2431 in
989 2395 1122 2432 Plauti
1142 2395 1249 2442 Capt.
1273 2406 1308 2431 c.
1328 2394 1352 2432 5
1432 2394 1514 2432 354
1534 2396 1628 2431 istoc
1649 2394 1760 2430 uerbo

239 2451 442 2488 Mercerus
472 2451 542 2487 isto
574 2462 654 2487 cum
686 2451 772 2487 erbo
803 2452 851 2488 W
877 2452 947 2487 isto
977 2462 1056 2488 cum
1086 2451 1197 2488 herbo
1229 2453 1351 2488 ceteri
1374 2452 1465 2488 libri
1547 2450 1762 2487 ‘miseretur

242 2507 315 2544 tui’
349 2508 507 2545 uerbum
537 2510 636 2544 istuc
666 2510 948 2555 interpretatur
978 2508 1242 2545 Buechelerus
1343 2507 1423 2544 356
1455 2519 1523 2555 qua
1547 2507 1679 2544 Bamb.
1711 2519 1757 2543 m.

243 2587 264 2623 1
297 2592 332 2624 et
372 2598 470 2624 unus
498 2588 684 2624 librorum
714 2588 868 2624 Kreklz'i
903 2599 994 2635 quae
1024 2590 1145 2624 ceteri
1181 2599 1252 2635 quo
1282 2587 1444 2623 Bothius
1558 2566 1761 2634 adplicauisti

239 2644 356 2681 Halb.
378 2644 601 2692 applicauisti
621 2645 715 2692 Rey.
739 2645 874 2682 Bamb.
898 2644 1016 2680 Bern.
1041 2644 1157 2693 Sany.
1181 2644 1290 2681 Grut.
1312 2643 1485 2679 Karolz'r.
1574 2647 1647 2678 tam
1675 2635 1757 2680 edd.

239 2705 328 2737 ante
348 2701 624 2737 Ascensicmam
645 2713 680 2737 α.
706 2700 825 2747 1516,
860 2702 1013 2738 Vossius
1031 2699 1111 2751 “ex
1131 2699 1215 2737 ms?
1248 2705 1363 2736 tamen
1386 2700 1477 2735 libri
1561 2697 1688 2735 obruta
1709 2710 1761 2736 ea:

240 2757 378 2793 obrutis
404 2769 507 2794 corr.
531 2757 665 2794 Bamb.
697 2762 820 2793 orruta
842 2757 960 2805 Sany.
984 2757 1093 2794 Grut.
1125 2756 1249 2793 abruta
1271 2757 1446 2793 Karolir.
1550 2755 1630 2793 358
1661 2761 1759 2792 astu-

240 2814 309 2850 cias
330 2815 417 2850 Pal.
449 2814 598 2850 astuties
628 2814 849 2851 dubitanter
877 2814 1085 2850 Maduicus
1188 2812 1268 2850 359
1298 2812 1432 2849 iniecto
1463 2816 1603 2848 terrore
1633 2813 1759 2849 mortis

239 2870 458 2906 horrescunt
489 2870 644 2918 Cicero,
675 2872 744 2907 sed
772 2871 984 2907 horrescent
1013 2871 1098 2907 Pal.
1130 2870 1363 2907 horrescente
1393 2869 1477 2906 Erl.
