1942 3204
196 176 279 217 232
662 160 944 207 ponpomvs
1040 170 1253 207 scAEvvs

231 282 284 322 10
480 278 689 321 'Aclsonet
720 292 845 320 omne
876 277 1020 320 uirens
1051 277 1137 319 late
1170 292 1339 331 nemus,

481 356 552 399 ‘Et
582 356 708 398 tortis
740 355 886 397 errans
919 354 992 409 qui
1022 353 1202 396 flexibus

927 448 993 491 III

318 543 465 571 omnes

667 627 969 685 scAEvvs
1010 627 1263 683 MEMOR
1301 636 1305 639 ’
1394 587 1397 589 ”

320 725 562 769 Scindl‘mus
594 727 710 767 atras
743 723 882 766 ueteri
914 725 1108 780 planctu,

323 803 475 859 Cissei,
506 816 651 858 genas.

206 922 331 954 tianus
356 922 444 954 2135
470 931 548 963 sqq.
576 921 641 952 ‘in
674 920 868 962 tragicis
893 920 1040 953 iunxere
1066 919 1214 953 choris
1245 919 1341 952 hunc
1371 930 1482 964 saepe
1508 921 1636 954 diserti
1659 921 1731 954 An-

205 977 318 999 naeus
344 967 487 1000 Seneca
513 970 555 998 et·
566 965 786 1008 Pomponius
813 968 898 998 ante
916 964 1120 999 Secundus,
1153 964 1245 998 Tale
1264 965 1365 997 dedit
1388 967 1493 999 nobis
1513 967 1732 1009 Pomponius

206 1010 367 1054 [8—11].
416 1011 543 1044 Reddo
576 1010 687 1053 pedes
718 1011 841 1050 binos,
874 1010 936 1052 qui
965 1020 1060 1042 nunc
1092 1010 1489 1044 desunt‘tetrametro:
1523 1012 1659 1045 Rursus
1685 1011 1730 1044 de

203 1057 332 1089 mutilo
358 1057 455 1089 redit
472 1057 635 1098 integer:
662 1054 712 1098 [8]
732 1059 821 1098 apta.
839 1055 1001 1091 choreis.
1022 1054 1074 1098 [9]
1101 1065 1186 1088 cccc
1204 1056 1445 1098 propinquum
1466 1054 1541 1100 [10]
1568 1067 1731 1100 aruaque

203 1103 307 1134 iuxta
326 1099 404 1145 [11]
427 1101 558 1144 effugit
575 1103 720 1136 amnis.'
761 1101 902 1133 Marius
919 1100 1129 1133 Victorinus
1147 1112 1181 1144 p.
1199 1102 1287 1134 2564
1304 1102 1344 1133 Ρ.
1362 1099 1444 1144 (158
1461 1102 1520 1144 G.)
1547 1102 1605 1134 ‘hi
1622 1105 1734 1135 tetra-

204 1147 311 1179 metri
336 1147 493 1189 tragicis
519 1146 640 1179 choris
665 1157 687 1178 a
712 1145 896 1188 plerisque
923 1146 1138 1185 miscentur,
1169 1149 1205 1178 et
1235 1146 1438 1179 continuati
1464 1143 1734 1190 nonnumquam

205 1193 334 1225 choros
364 1192 567 1235 explicant,
598 1194 639 1223 ut
663 1191 757 1233 apud
785 1191 1023 1233 Pomponium
1055 1192 1258 1234 reperimus
1289 1190 1457 1235 [8-10].
1505 1192 1562 1226 his
1589 1203 1732 1235 quoque

204 1238 234 1270 si
259 1237 306 1270 ad
331 1237 505 1270 extimum
525 1236 668 1269 adicias
686 1236 793 1273 binos
810 1236 941 1278 pedes,
968 1236 1149 1279 integrum
1167 1236 1417 1270 hexametrum
1436 1237 1482 1271 de
1499 1237 1629 1270 mutilo
1655 1237 1732 1270 effi-

204 1283 282 1315 cies
304 1282 374 1315 hoc
399 1282 505 1315 modo
533 1279 586 1324 [8]
614 1284 703 1324 apta
728 1281 891 1314 choreis’
917 1291 947 1316 e.
974 1292 1008 1323 q.
1035 1292 1063 1315 s,
1111 1281 1339 1324 Augustinus
1371 1282 1416 1315 de
1447 1283 1590 1315 musica
1614 1283 1666 1316 IV
1689 1284 1731 1316 31

211 1327 323 1360 ‘alia’
349 1329 416 1368 (sc.
441 1326 572 1367 metra)
598 1330 688 1359 ‘nec
712 1329 791 1358 tota
816 1326 1015 1359 immobilia
1040 1337 1107 1359 nec
1136 1331 1215 1359 tota
1241 1327 1400 1368 mobilia,
1428 1331 1470 1361 ut
1497 1331 1553 1360 est
1570 1326 1732 1371 [8—11].

202 1372 315 1406 Vides
339 1372 398 1404 hic
423 1372 519 1405 enim
544 1372 680 1414 ubique
708 1375 745 1404 et
769 1371 952 1414 spondeos
977 1374 1013 1404 et
1042 1371 1209 1414 dactylos
1235 1373 1320 1415 poni
1343 1383 1451 1415 posse
1475 1376 1623 1416 praeter
1647 1373 1731 1406 ulti-

206 1429 301 1450 mum
326 1417 477 1460 pedem,
509 1427 615 1460 quem
640 1417 746 1452 metri
777 1419 905 1449 auctor
935 1427 1079 1459 semper
1104 1427 1183 1450 esse
1210 1416 1395 1459 dactylum
1421 1418 1566 1453 uoluit)
1676 1419 1733 1452 111

209 1462 398 1496 Charisius
416 1463 434 1495 1
451 1474 484 1505 p.
503 1463 564 1495 111
583 1462 624 1497 P.
651 1461 879 1502 τῐιιοῐιῑθίες
906 1461 996 1495 licet
1012 1462 1235 1505 Pomponius
1252 1462 1441 1497 Secundus
1459 1467 1587 1506 poeta,
1612 1466 1653 1495 ut
1677 1474 1732 1496 re-

205 1509 280 1541 fert
307 1507 467 1549 Plinius,
499 1511 647 1551 propter
670 1507 925 1549 homonymum
956 1508 1174 1540 nominatiui
1207 1508 1422 1541 accusatiuo
1453 1518 1541 1541 casu
1574 1508 1734 1541 omneis’

205 1558 335 1618 ((οῆιξ
359 1575 438 1608 cod.
464 1585 615 1608 omnes
633 1572 760 1618 uulgo)
786 1577 874 1607 ‘non
892 1577 998 1618 putet
1014 1575 1099 1616 dici,
1125 1575 1190 1608 sed
1215 1586 1377 1610 omnes:
1393 1578 1403 1595 ’
1429 1574 1620 1620 (omneis
1639 1574 1733 1618 eod.)

206 1625 354 1655 ‘tamen
384 1620 480 1652 idem
511 1620 655 1654 Plinius
686 1621 725 1652 in
756 1619 882 1653 eodem
913 1623 1105 1662 permanet
1134 1620 1279 1663 dicens,
1318 1632 1443 1654 omnes
1474 1625 1561 1656 tune
1591 1621 1735 1655 demum

205 1677 313 1709 posse
339 1666 414 1707 dici
433 1666 662 1707 accusatiuo,
688 1669 730 1698 ut
747 1675 873 1706 canes,
898 1665 1044 1708 quando
1069 1667 1265 1708 genetiuus
1283 1666 1436 1710 pluralis
1454 1670 1514 1699 ut’
1541 1666 1624 1709 (om.
1642 1666 1734 1708 eod„

206 1710 348 1754 addidi)
374 1711 523 1744 ‘horum
541 1721 671 1743 canum
689 1713 774 1743 ante
791 1720 850 1743 um
875 1711 888 1743 i
904 1721 976 1744 non
994 1711 1132 1744 habet.'
1158 1711 1215 1744 Cf.
1233 1722 1326 1754 quae
1346 1722 1379 1755 p.
1398 1713 1462 1746 104
1478 1712 1524 1744 ad
1550 1715 1562 1732 ¹·
1574 1712 1710 1745 fonteis
1724 1715 1735 1731 ’

207 1758 360 1791 formam
385 1756 632 1797 disseruntur,
658 1766 741 1788 nam
767 1755 992 1788 Buecheler-o
1018 1756 1111 1789 decl.
1138 1757 1222 1790 Lat.
1247 1768 1281 1799 p.
1305 1759 1348 1790 27
1372 1767 1444 1790 non
1467 1757 1665 1790 adsentior.

299 1802 468 1835 SCAEvvs
500 1801 621 1844 Sergii
653 1800 800 1844 explan.
833 1801 870 1833 in
894 1801 1078 1834 Donatum
1111 1802 1209 1844 apud
1232 1802 1394 1835 Keilium
1425 1801 1590 1846 (gramm.
1615 1800 1734 1846 Latt.)

205 1847 277 1880 uol.
301 1848 351 1881 IV
376 1858 411 1890 p.
436 1848 502 1880 537
535 1847 811 1889 ‘patronomica
842 1846 1010 1879 feminini
1040 1847 1186 1889 generis
1219 1847 1257 1880 in
1287 1849 1325 1880 is
1356 1850 1506 1888 exeunt,
1539 1850 1581 1880 ut
1612 1848 1736 1881 Atreis

206 1893 345 1926 Cisseis
375 1892 572 1925 Dardanis.
611 1891 686 1924 filia
717 1891 820 1924 Atrei
844 1891 965 1924 Atreis
997 1891 1145 1934 dicitur,
1177 1891 1253 1925 filia
1283 1891 1431 1936 [Cissei]
1465 1893 1655 1934 Cisseis,
1689 1892 1732 1925 id

206 1942 274 1971 est
303 1938 506 1976 Hecuba,
541 1937 695 1970 Cissei
726 1936 853 1976 filia,
891 1936 1057 1969 Priami
1093 1937 1216 1980 regis
1254 1948 1374 1970 uxor.
1427 1938 1614 1980 Vergilius
1652 1962 1660 1970 .
1687 1963 1695 1971 .
1721 1963 1730 1971 .

210 1984 412 2016 Scaeuus
449 1983 492 2014 in
530 1981 788 2026 tragoedia:
827 1982 1072 2015 scindimus
1101 2006 1110 2032 :
1137 2007 1146 2016 .
1171 2007 1179 2015 .
1211 1993 1369 2025 genas,
1399 1982 1439 2016 id
1470 1986 1527 2017 est
1555 1983 1733 2016 Hecuba’

208 2039 430 2081 (haecaue
455 2037 630 2081 Lauant.)
663 2037 761 2071 ‘filia
786 2037 930 2071 Cissei.’
960 2037 1174 2079 (scaeiius
1197 2038 1356 2072 Lauant.
1380 2039 1624 2072 Pacuuium
1649 2039 1736 2072 Kei-

207 2085 282 2117 lius
298 2083 534 2117 intellexerat
550 2087 702 2127 propter
716 2083 990 2117 adnotationem
1008 2082 1129 2117 Seruii
1146 2083 1193 2116 ad
1206 2085 1316 2126 Verg.
1330 2083 1574 2118 Aen.V11320
1591 2085 1737 2126 ‘regina

208 2130 362 2163 Hecuba
387 2129 585 2162 secundum
601 2128 813 2172 Euripidem
838 2128 911 2162 filia
929 2128 1066 2170 Cissei,
1092 2138 1196 2171 quem
1220 2128 1362 2162 Ennius
1385 2129 1571 2163 Pacuuius
1597 2133 1633 2162 et
1652 2130 1735 2162 Ver-

208 2175 320 2218 gilius
345 2176 583 2217 sequuntur;’
611 2177 650 2207 at
674 2175 811 2207 rectius
837 2174 1054 2207 Scaeuum
1078 2174 1330 2215 Memorem,
1365 2174 1410 2207 de
1435 2185 1504 2217 quo
1529 2174 1608 2218 ipse
1635 2176 1735 2217 cogi—

208 2220 353 2262 tabam,
385 2219 433 2254 M.
463 2220 639 2252 Hertzius
670 2220 824 2262 agnouit
855 2218 936 2262 (‘de
969 2218 1109 2252 Scaeuo
1139 2218 1300 2253 Memore
1331 2223 1440 2262 poeta
1479 2220 1624 2262 tragico
1655 2231 1692 2262 p.
1716 2221 1735 2253 7

209 2265 297 2308 sq.):
333 2275 417 2298 nam
443 2275 464 2297 a
489 2264 594 2297 Suei
619 2265 740 2307 poesi,
767 2275 873 2306 quam
898 2274 1014 2307 nuper
1037 2265 1081 2298 L.
1107 2263 1263 2297 Mueller
1284 2275 1372 2300 mus.
1398 2264 1514 2298 Rhen.
1533 2265 1654 2298 XXIV
1671 2266 1737 2298 553
1776 2291 1779 2295 .

209 2321 287 2353 sqq.
323 2309 573 2351 adumbrauit,
604 2310 698 2343 haec
731 2309 855 2342 aliena
892 2309 1074 2343 uidentur.
1119 2309 1220 2342 Idem
1252 2310 1290 2346 in
1321 2309 1459 2346 annall.
1485 2309 1736 2353 philoll..1866

210 2367 245 2399 p.
270 2357 336 2389 568
361 2357 464 2388 recte
489 2354 680 2388 adnotauit
705 2355 866 2388 Troades
891 2355 1061 2397 captiuas
1086 2365 1236 2388 canere:
1268 2355 1315 2388 cf.
1341 2355 1466 2398 Eurip.
1493 2355 1648 2389 Hecuba
1671 2356 1738 2388 905

210 2411 287 2444 sqq.
314 2402 479 2434 Senecae
505 2399 666 2434 Troades
694 2401 780 2433 1235
805 2410 856 2442 sq.

323 2518 530 2556 SCAEVVS.
581 2519 825 2566 Anapaestos
864 2529 947 2556 esse
978 2520 1262 2556 concedendum
1293 2521 1447 2556 uidetur
1475 2520 1518 2556 L.
1550 2519 1737 2556 Mueller-o

208 2580 233 2614 l.
256 2579 295 2623 l,‚
316 2588 391 2624 pro
422 2571 555 2612 iambis
575 2578 657 2623 ipse
677 2577 900 2612 habueram.
994 2587 1116 2624 aspras
1134 2576 1177 2613 L.
1199 2575 1364 2613 Mueller
1393 2574 1488 2612 albas
1510 2576 1738 2612 Leutsclzius

211 2637 248 2670 in
278 2634 404 2670 indice
432 2643 501 2669 suo
528 2632 660 2679 philol.
687 2632 794 2669 1869
823 2643 862 2678 p.
889 2630 966 2668 124
989 2637 1082 2669 atras
1098 2634 1268 2680 puluere
1297 2632 1444 2680 infuso,
1478 2634 1585 2669 luctu
1615 2637 1650 2668 el
1681 2634 1735 2668 in-

210 2693 315 2727 luuie
343 2691 527 2726 diuturna
564 2689 763 2736 squalidas
792 2688 984 2736 feremuS,
1017 2694 1052 2725 et
1080 2688 1251 2736 defendit
1278 2691 1330 2727 M.
1353 2690 1538 2726 Her-[zius
1572 2699 1734 2736 quoque.

213 2751 343 2782 aumas
376 2747 462 2783 olim
492 2748 745 2783 coniecerant.
814 2759 817 2761 ·
847 2745 1030 2794 planctus,
1062 2756 1163 2781 corr.
1193 2756 1246 2783 ex
1275 2746 1459 2795 palanctus
1486 2745 1652 2781 Lauant.
1785 2788 1788 2789 ⁷

212 2803 322 2839 Cissei
342 2803 372 2839 L
406 2803 572 2840 Mueller
601 2802 750 2838 chisscis
771 2802 937 2838 Lccuant.
961 2801 1089 2837 Cisseis
1114 2802 1259 2839 Keilius
1279 2802 1407 2839 Cisseis
1430 2799 1567 2837 Hecabe
1582 2805 1738 2848 poetam

212 2860 412 2905 scripsisse
443 2861 624 2906 opinatur
654 2859 881 2895 Leutsche'us
909 2859 935 2895 l.
967 2860 993 2894 l.
