1942 3204
797 227 847 262 Μ.
873 226 1115 262 ΡΛσννινε
1643 226 1721 268 131

782 332 997 376 XXXVII
1028 331 1126 390 (33)

761 409 930 454 uolucri
959 410 1094 453 currit

303 488 397 532 Axe
428 489 650 546 quadriga.

769 565 1008 609 XXXVIII
1041 563 1139 623 (20)

183 645 272 689 400
303 643 544 688 Paussslum
575 644 750 701 repeda,
782 645 932 700 gnate,
964 659 990 686 a
1021 643 1236 686 uestibul6
1269 642 1464 700 gradum.

795 738 988 782 XXXIX
1022 737 1120 796 (32)

307 818 426 870 Quae
458 821 601 862 metim
634 817 813 860 uenenis
845 817 964 860 fle'xit
996 817 1160 860 socium
1192 818 1379 874 pectora.

866 912 944 955 XL
977 911 1045 971 (4)

1164 991 1347 1034 eundem
1377 990 1499 1034 filios

312 1069 404 1114 Sibi
434 1071 683 1127 procreasse
715 1070 792 1125 per
823 1067 1100 1125 Calipsonem
1131 1071 1370 1111 autumant.

189 1202 339 1237 tandem
355 1212 436 1235 cum
454 1201 564 1235 audio
589 1203 764 1244 angues
788 1201 1006 1244 ingentes
1030 1200 1169 1234 alites
1193 1201 1378 1234 iunctos
1402 1201 1524 1245 iugo,
1551 1212 1623 1236 non
1641 1202 1723 1235 dieo

187 1248 332 1282 falso?’
373 1247 470 1281 idem
502 1247 611 1291 epist.
637 1247 709 1281 VII
731 1248 753 1280 4
786 1249 878 1290 ‘ego
910 1247 1006 1279 enim
1039 1246 1128 1279 mihi
1157 1250 1201 1279 ut
1230 1245 1324 1280 libet
1355 1249 1467 1290 atque
1497 1250 1539 1279 ut
1568 1249 1728 1281 occurrit

189 1294 328 1335 animo,
355 1293 505 1327 Aeneae
531 1293 668 1326 faciem
691 1291 807 1336 fingo,
833 1302 902 1335 ego
927 1291 1116 1326 Medeae
1141 1302 1229 1325 curn
1254 1293 1350 1325 suis
1376 1293 1606 1336 anguibus
1640 1293 1725 1326 ali-

186 1340 312 1372 tibus
336 1339 513 1372 iunctis
538 1340 660 1383 iugo,
687 1349 756 1379 ego
781 1337 988 1372 Chremetis
1013 1340 1052 1371 et
1075 1337 1232 1372 alicuius
1248 1337 1517 1374 Parmenonis.'
1554 1337 1724 1373 confess.

185 1385 245 1419 111
267 1386 289 1418 6
314 1384 568 1418 ‘uolantem
598 1387 723 1418 autem
747 1383 947 1418 Medeam
971 1384 1045 1417 etsi
1075 1384 1293 1423 cantabam,
1326 1395 1399 1418 non
1424 1385 1650 1425 asserebam,
1687 1389 1724 1417 et

186 1431 219 1466 si
244 1431 424 1464 cantari
449 1429 705 1469 audiebam,
730 1440 804 1463 non
827 1428 1047 1464 credebam?
1078 1429 1128 1463 cf.
1145 1429 1361 1463 Krahuerus
1385 1430 1424 1463 in
1441 1430 1602 1463 Curione
1629 1442 1664 1474 p.
1687 1433 1728 1464 10

187 1479 226 1510 et
256 1477 296 1510 iu
320 1475 473 1519 Bergkii
503 1475 644 1519 ephem.
678 1477 765 1510 1852
797 1486 832 1519 p.
857 1476 935 1509 390.
982 1475 1121 1509 Eodem
1152 1475 1287 1508 referri
1317 1479 1472 1518 possunt
1497 1476 1674 1509 Varronis
1706 1487 1726 1509 e

188 1521 397 1566 Marcipore
428 1525 558 1555 satura
582 1520 645 1562 (fr.
670 1521 742 1555 VII
765 1520 827 1563 R.)
853 1520 951 1564 apud
974 1519 1068 1554 Non.
1094 1522 1180 1562 451,
1206 1521 1248 1554 16
1281 1521 1388 1555 ‘dixe
1419 1522 1498 1564 regi
1529 1521 1727 1554 Medeam

187 1567 430 1601 adnectam
454 1578 532 1610 per
556 1568 666 1600 a'era
689 1567 734 1599 in
757 1566 863 1599 reda
886 1567 1150 1609 anguibus,’
1174 1567 1214 1599 in
1240 1567 1373 1610 quibus
1388 1568 1504 1601 uerba
1531 1570 1612 1610 ‘per
1636 1566 1726 1600 aera

187 1614 226 1646 in
250 1624 279 1646 r.
306 1614 355 1646 a.’
387 1613 584 1646 iambicum
616 1622 802 1646 numerum
832 1611 1001 1655 produnt.
1093 1612 1166 1645 vix
1197 1611 1349 1645 dubium
1380 1614 1470 1655 quin
1501 1612 1550 1645 ad
1578 1613 1726 1646 Medum

185 1658 255 1692 hoc
285 1658 330 1691 fr.
363 1658 612 1692 reuocandum
643 1658 712 1698 sit;
749 1668 793 1691 ac
825 1657 986 1691 fortasse
1015 1657 1144 1691 eodem
1175 1658 1366 1701 pertinent
1397 1658 1442 1693 fr.
1475 1658 1650 1692 XXXVII
1691 1663 1728 1691 et

186 1703 395 1737 XXXVIII.
494 1702 669 1738 XXXVII
694 1703 858 1737 Isidorus
882 1702 1000 1736 differ.
1025 1704 1071 1736 4⁷
1096 1703 1333 1736 ‘uolucres
1359 1707 1485 1737 autem
1509 1714 1583 1737 non
1606 1704 1724 1737 solum

189 1760 279 1783 aues
303 1758 501 1789 uocamus,
527 1748 594 1782 sed
617 1748 876 1792 quadrupedes
901 1749 1016 1781 nimia
1033 1748 1257 1791 pernicitate
1276 1752 1486 1789 currentes,
1513 1749 1579 1782 sed
1604 1753 1727 1782 tamen

187 1805 267 1828 cum
294 1795 525 1836 adiectione,
557 1797 598 1828 ut
631 1797 723 1838 puta
752 1794 942 1828 uolucrem
966 1803 1116 1837 equum,
1149 1794 1338 1827 uolucrem
1363 1794 1548 1837 tigridem.
1598 1796 1646 1828 Vt
1670 1800 1728 1828 est

188 1840 281 1874 illud
311 1840 471 1873 Pacuui:
503 1840 665 1873 uolucri'
691 1851 722 1873 e.
750 1850 783 1882 q.
808 1849 838 1874 e.
954 1838 1149 1873 XXXVIII
1174 1840 1311 1873 Festus
1341 1850 1377 1882 p.
1403 1841 1465 1873 281
1494 1840 1544 1873 M.
1577 1843 1727 1883 ‘repe-

189 1886 318 1928 dare,
345 1885 534 1920 recedere.
580 1886 826 1919 Pacuiust’
858 1884 922 1927 (cf.
947 1885 996 1920 H.
1023 1884 1163 1918 Keilius
1194 1885 1216 1919 l.
1242 1884 1267 1920 1.
1290 1895 1328 1928 p.
1353 1884 1435 1927 624)
1469 1885 1661 1929 ‘paulum’
1693 1897 1724 1919 e.

189 1942 224 1975 q.
249 1941 278 1965 s.
373 1931 532 1965 XXXIX
557 1930 709 1965 Seruius
733 1932 772 1964 in
795 1931 888 1965 Aen.
914 1932 947 1965 V
971 1930 1014 1963 28
1046 1930 1217 1964 ‘flecte
1248 1934 1373 1964 autem
1403 1929 1592 1974 significat
1614 1935 1726 1970 muta,

188 1980 230 2010 ut
261 1977 470 2010 Pacuuius:
502 1980 619 2020 quae'
652 1987 683 2012 e.
714 1988 747 2020 q.
774 1988 804 2011 s.
850 1976 968 2009 Recte
998 1975 1152 2010 Bothius
1183 1975 1312 2010 Circes
1341 1986 1487 2012 uenena
1516 1978 1555 2009 in
1584 1976 1728 2020 Niptris

188 2027 394 2056 memorata
417 2021 613 2056 intellexit.
706 2023 773 2055 XL
790 2023 1004 2055 Priscianus
1020 2021 1071 2055 VI
1087 2032 1121 2066 p.
1141 2022 1207 2055 685
1225 2022 1266 2056 P.
1295 2022 1355 2055 ‘in
1379 2033 1399 2055 ο
1425 2021 1638 2065 productam
1665 2022 1726 2055 de-

194 2068 359 2102 sinentia
383 2067 530 2101 Graeca
555 2073 641 2102 sunt
664 2068 846 2102 feminina
872 2071 910 2101 et
932 2067 991 2101 uel
1009 2065 1151 2101 Graece
1178 2067 1412 2101 declinantur
1435 2093 1443 2100 .
1457 2092 1466 2101 .
1480 2092 1490 2102 .
1512 2067 1572 2101 uel
1597 2067 1727 2101 addita

145 2148 150 2155 ¹
194 2115 263 2147 nis
287 2114 433 2147 faciunt
457 2113 690 2156 genetiuum,
715 2117 756 2147 ut
778 2114 876 2147 Dido
892 2113 1063 2147 Didonis.
1095 2113 1231 2146 Accius
1258 2111 1356 2156 [386]
1383 2113 1590 2147 Pacuuiusz
1616 2113 1725 2147 filios’

193 2170 224 2192 e.
250 2169 284 2202 q.
311 2169 340 2195 s.
380 2158 488 2201 paulo
512 2159 628 2192 infra:
661 2159 775 2203 ‘quod
797 2163 923 2193 autem
946 2159 1049 2193 Ionis
1073 2163 1112 2193 et
1137 2158 1408 2203 Calypsonis
1432 2162 1469 2191 et
1493 2159 1647 2192 Didonis
1673 2159 1727 2192 di—

191 2205 305 2246 citur,
340 2204 506 2239 ostendit
535 2204 604 2238 hoc
635 2206 746 2239 etiam
778 2204 989 2239 Caesellius
1018 2205 1164 2238 Vindex
1194 2205 1232 2237 in
1263 2207 1460 2238 stromateo
1490 2204 1548 2237 his
1583 2204 1726 2238 uerbis:

192 2250 509 2294 Calypsonem.
554 2251 610 2283 ita
633 2250 859 2284 declinatum
892 2253 950 2284 est
973 2250 1071 2293 apud
1096 2250 1281 2293 antiquos.
1328 2250 1459 2284 Liuius
1488 2275 1497 2283 .
1516 2275 1526 2284 .
1546 2275 1554 2283 .
1584 2251 1727 2283 Ennius

199 2321 209 2330 .
222 2319 230 2328 .
244 2320 254 2330 .
276 2297 443 2330 Accius)
469 2295 724 2336 (Pacubius
747 2296 890 2330 Amien.
908 2296 1068 2331 Karolir.
1083 2296 1192 2332 vind.
1210 2307 1263 2339 pr.
1281 2307 1328 2331 m.
1346 2295 1599 2329 Paccubius
1616 2296 1724 2330 Bern.

188 2363 299 2399 Halb.
331 2347 592 2407 Paucdbius
617 2365 730 2408 Sang.
757 2375 847 2398 corr.
873 2375 920 2399 m.
946 2364 1012 2398 alt.
1030 2364 1151 2405 Grut.)
1178 2363 1370 2397 Charisius
1395 2363 1411 2396 1
1436 2374 1471 2406 p.
1495 2365 1539 2397 47
1565 2363 1607 2396 Ρ.
1641 2363 1726 2396 ‘sed

187 2409 320 2442 melius
344 2412 444 2443 esset
459 2410 658 2444 secuudum
674 2410 848 2443 Latinam
866 2410 1171 2444 consuetudinem
1188 2409 1296 2442 huius
1319 2409 1545 2452 Sapphmfis,
1570 2409 1728 2442 Didonis

188 2455 319 2489 dicere.
367 2454 461 2489 Nam
486 2459 524 2489 et
547 2456 734 2489 Pacuuius
757 2456 813 2489 sic
838 2455 1002 2489 declinat
1024 2480 1032 2488 .
1047 2480 1056 2490 .
1070 2458 1100 2489 .’
1135 2455 1279 2499 Niptris
1303 2454 1468 2488 reddidit
1491 2454 1629 2488 Delrio.

300 2599 385 2639 400
414 2600 612 2650 pauxillum
646 2600 688 2638 Ο.
711 2600 927 2638 Muellerus
955 2600 1101 2649 paulum
1133 2601 1217 2637 cod.
1305 2599 1435 2648 repeda
1477 2599 1638 2635 Vrsinus
1667 2610 1725 2634 re-

188 2656 275 2694 cede
306 2659 389 2694 cod.
525 2656 608 2696 402
639 2669 695 2706 sq.
734 2656 829 2695 filios
868 2657 936 2694 sibi
965 2668 1178 2707 procreasse
1216 2656 1368 2693 eundem
1401 2655 1601 2693 Charisius
1631 2654 1724 2691 filios

187 2712 298 2761 (filius
326 2711 520 2764 Karalir.)
558 2713 626 2751 sibi
663 2725 875 2764 procreasse
909 2714 1042 2751 dicitur
1079 2714 1232 2751 eundem
1263 2713 1494 2749 Priscianus
1530 2709 1623 2748 filios
1662 2710 1724 2748 tibi

189 2781 225 2818 p.
256 2770 405 2808 eandem
438 2772 594 2809 Vossius
627 2770 722 2808 filios
751 2771 820 2809 sibi
850 2782 1061 2821 procreasse
1092 2771 1267 2816 Romans,
1301 2770 1367 2806 CF
1375 2769 1423 2805 W
1441 2768 1607 2805 Mueller
1632 2780 1725 2815 pro—

188 2827 270 2864 sod.
292 2827 422 2865 Plaut.
444 2827 526 2866 234
603 2828 825 2867 Trochaeos
844 2831 929 2876 ipse
950 2829 1036 2865 olim
1054 2829 1229 2876 praetuli
1249 2826 1342 2862 [ilios
1363 2822 1401 2876 ΙΙ
1421 2825 1489 2861 sibi
1511 2836 1545 2873 p.
1568 2824 1722 2861 cundem

188 2894 224 2932 p.
253 2883 292 2920 C.
323 2895 356 2924 a.
442 2896 509 2934 per
537 2888 577 2923 in
605 2887 662 2923 lit.
686 2885 802 2924 Haza.
823 2886 1023 2923 Prisciani
1108 2884 1328 2932 calipsonem
1359 2882 1557 2919 Prisciani
1585 2881 1723 2919 Bamb.

191 2940 308 2977 Halb.
341 2940 459 2990 Sana.
490 2942 600 2979 Grut.
625 2943 799 2980 Karalir.
830 2941 1068 2990 Calypsonem
1100 2943 1215 2988 uulyo

1391 3015 1436 3051 υ*
