1942 3204
726 205 1079 245 COROLLARIVM
1572 208 1671 245 LVII

141 320 284 366 missis
316 321 451 365 ‘idem
481 317 719 376 Eurysace’
754 316 954 372 coniecit,
984 318 1029 360 et
1052 316 1333 361 audacissime
1366 317 1431 361 ‘id
1462 332 1529 362 me
1564 316 1670 374 Ery-

142 394 304 438 sacem’
338 393 469 436 verba
504 389 774 447 transposuit
803 391 848 432 et
884 402 938 431 ne
969 388 1322 432 consuetudinem
1355 389 1527 446 quidem
1559 403 1671 433 com-

140 465 336 523 pilatoris
368 463 474 508 satis
506 462 767 518 observavit,
799 475 908 518 quae
940 460 1096 504 ‘idem’
1131 461 1198 503 vel
1230 462 1295 503 ‘et
1325 461 1371 504 in
1403 461 1571 504 eadem'
1607 462 1672 504 vel

140 537 286 582 ‘item’
338 551 416 593 pro
466 548 668 592 expressa
721 533 910 577 eiusdem
966 532 1083 577 tituli
1138 532 1393 589 repetitione
1449 533 1673 589 flagitabat

138 607 210 666 (cf.
241 623 281 665 p.
313 608 419 663 308,
450 608 491 651 9.
522 607 629 661 306,
659 605 747 661 33).
809 604 945 663 Atqui
976 604 1013 649 si
1044 607 1157 648 recte
1190 604 1394 648 statuitur
1424 604 1672 660 responderi

139 694 263 724 versu
307 679 394 724 355
433 679 491 735 ei,
534 679 607 736 qui
645 678 691 721 in
728 676 1080 721 antecedentibus
1118 677 1300 720 alterum
1338 676 1584 733 castigavit,
1622 676 1673 719 de

139 767 175 795 v.
220 751 307 796 353
352 751 567 795 sententia
609 748 796 793 dubitari
839 749 910 792 vix
953 751 1113 805 potest,
1163 748 1359 806 quamvis
1402 748 1534 790 verba
1577 747 1671 803 ipsa

138 826 290 881 poetae
321 822 520 879 redipisci
551 821 850 866 difficillimum
882 821 950 865 sit.
989 819 1189 866 Ceterum
1220 820 1445 876 proposita
1477 835 1502 862 a
1528 818 1672 862 Nonio

140 894 367 939 notionum
392 896 436 937 et
462 894 699 938 formarum
731 893 973 937 differentia
997 907 1087 936 non
1117 894 1208 935 tam
1239 891 1447 936 illustrari
1478 891 1673 947 exemplo

138 968 287 1010 nostro
319 981 449 1024 quam
480 966 658 1010 refutari
689 965 873 1021 videtur,
910 967 959 1008 ut
989 979 1098 1022 quae
1129 964 1175 1007 in
1216 963 1300 1007 fine
1331 963 1570 1008 notationis
1601 963 1672 1006 ad-

138 1038 229 1081 dita
264 1042 366 1082 sunt
408 1038 504 1082 ‘sed
541 1038 772 1095 aliquando
809 1036 973 1081 variata
1015 1036 1265 1094 generibus’
1306 1036 1360 1080 ad
1397 1037 1515 1094 ipsos
1552 1034 1672 1080 Accii

139 1126 288 1155 versus
319 1111 543 1155 referenda
574 1111 673 1154 sint.

256 1182 310 1227 V.
330 1183 590 1227 368—370.
627 1181 778 1239 Sprevi
809 1181 924 1239 quod
949 1197 976 1226 a
999 1182 1208 1225 librorum
1227 1180 1435 1224 memoria
1461 1194 1564 1224 sane
1584 1194 1672 1222 non

139 1255 287 1312 procul
318 1255 442 1299 abest
470 1258 622 1311 petere,
660 1253 762 1311 quia
790 1257 927 1309 petere
962 1254 1164 1309 incipiam
1199 1260 1437 1309 numquam
1474 1252 1518 1295 id
1558 1251 1672 1308 quod

139 1327 279 1370 inesse
310 1327 461 1370 volunt
498 1326 696 1383 quodque
734 1326 949 1369 sententia
985 1325 1154 1383 flagitat
1191 1327 1239 1368 ‘a
1275 1324 1478 1381 petendo,
1516 1339 1542 1377 a
1579 1338 1670 1379 pre-

139 1398 260 1442 cibus
296 1398 512 1442 exordiar’
554 1397 795 1455 significare
833 1397 992 1454 potuit,
1036 1397 1112 1440 sed
1147 1397 1229 1440 hoc
1266 1398 1437 1439 tantum
1476 1394 1671 1451 ‘petendi

139 1469 311 1514 initium
341 1470 530 1514 faciam.’
599 1469 798 1514 Ceterum
830 1483 919 1513 11011
956 1469 1157 1512 credibile
1194 1469 1334 1511 visum
1365 1470 1432 1510 est
1462 1466 1671 1510 Teucrum

141 1542 300 1598 pietate
331 1542 547 1599 insignem
578 1542 713 1585 filium
744 1543 785 1584 vi
817 1542 1074 1586 contendere
1105 1540 1308 1595 voluisse,
1345 1542 1393 1582 ut
1429 1541 1596 1595 patrem
1627 1538 1672 1580 in

140 1613 333 1670 patriam‘
357 1627 501 1657 secum
531 1613 668 1657 redire
699 1615 888 1670 cogeret,
919 1613 1039 1656 cuius
1068 1611 1301 1655 adversarii
1331 1610 1474 1667 potius
1507 1609 1670 1666 pervin-

141 1684 264 1728 cendi
295 1687 435 1740 erant,
466 1688 515 1728 ut
545 1684 713 1728 restitui
744 1684 790 1727 in
820 1698 1002 1741 regnum
1033 1685 1200 1727 exulem
1231 1685 1491 1739 paterentur.
1531 1680 1672 1724 Struc-

139 1759 238 1800 tura
275 1757 427 1800 similis
465 1758 531 1799 est
567 1757 614 1799 in
650 1754 794 1799 Plauti
832 1753 992 1799 Casina
1029 1770 1066 1799 v.
1108 1755 1191 1799 194
1229 1755 1353 1798 ‘nam
1391 1754 1427 1797 si
1466 1753 1527 1798 sic
1563 1752 1672 1796 nihil

141 1829 356 1885 inpetrare
388 1830 557 1884 potero,
589 1828 742 1871 saltem
775 1827 963 1870 sortiar.'

258 1898 312 1942 V.
331 1897 442 1943 390¹
457 1907 505 1934 ⁸⁴³·
544 1898 814 1956 Quamquam
833 1897 981 1943 Cicero
1013 1899 1105 1955 ipse
1137 1913 1244 1955 quos
1282 1897 1429 1941 laudat
1447 1895 1673 1952 Aeschylei

141 1971 387 2014 Promethei
422 1985 570 2014 versus
609 1986 634 2014 a
671 1985 716 2014 se
753 1971 805 2014 de
837 1970 1012 2014 Graecis
1048 1971 1282 2014 translatos
1320 1983 1413 2014 esse
1450 1966 1674 2024 profitetur

142 2039 265 2086 Tusc.
291 2042 399 2099 disp.
425 2042 470 2086 H
504 2043 576 2099 ll,
607 2043 684 2098 27,
714 2042 925 2099 quaedam
955 2045 1102 2086 tamen
1133 2057 1185 2086 ex
1203 2041 1323 2086 Accii
1354 2043 1475 2084 textu
1506 2039 1672 2082 mutua-

141 2116 212 2157 tus
248 2114 295 2157 in
332 2129 457 2157 suum
493 2129 619 2157 usum
656 2114 918 2157 convertisse
953 2116 1115 2170 potest,
1158 2128 1267 2170 quae
1303 2128 1401 2156 cum
1443 2110 1675 2155 indicasset

143 2188 264 2228 vetus
302 2186 514 2242 interpres
558 2186 712 2242 aliquis
757 2184 995 2243 Ciceronis,
1045 2200 1097 2229 ex
1140 2187 1230 2229 eius
1274 2182 1584 2229 commentario
1629 2180 1673 2222 in

143 2257 400 2313 glossarium
431 2257 483 2300 de
507 2256 639 2301 Accio
669 2257 824 2301 horum
837 2258 1077 2301 ·verborum
1105 2260 1277 2301 auctore
1309 2255 1466 2299 notitia
1496 2252 1674 2298 fluxerit.

144 2327 258 2371 Nam
289 2328 499 2372 insertum
529 2329 611 2372 hoc
641 2329 799 2372 lemma
830 2329 943 2386 apud
974 2329 1166 2373 Nonium
1198 2343 1312 2372 nunc
1346 2328 1458 2370 inter
1489 2325 1671 2379 Pompo-

145 2400 297 2443 nianas
329 2401 496 2457 glossas
527 2399 600 2457 (cf.
634 2399 1015 2445 Schottmuellerus
1052 2402 1098 2444 in
1137 2401 1332 2458 symbola
1363 2397 1510 2455 philol.
1536 2395 1673 2438 Bonn.

144 2486 183 2527 p.
216 2472 314 2515 813.
352 2472 440 2515 830
475 2474 520 2515 et
555 2471 602 2515 P.
639 2470 834 2516 Schmidt
869 2472 921 2516 de
959 2471 1092 2517 Nonii
1131 2472 1188 2516 M.
1226 2474 1335 2515 auct.
1380 2483 1558 2527 gramm.
1597 2466 1674 2521 65)

143 2543 451 2586 commentario
482 2542 763 2587 Ciceroniano
797 2543 893 2588 ideo
923 2544 1167 2598 tribuerim,
1204 2544 1305 2600 quia
1336 2540 1597 2598 praecedunt
1629 2538 1673 2579 in

143 2614 224 2657 hoc
255 2614 348 2670 ipso
378 2615 506 2658 titulo
539 2615 628 2659 'duo
659 2614 879 2658 Ciceronis
910 2617 1116 2672 exempla.
1177 2615 1297 2670 Ergo
1335 2611 1549 2656 reddenda
1581 2624 1672 2650 esse

144 2701 259 2752 nunc
283 2686 415 2730 Accio
447 2687 679 2730 arbitratus
711 2701 806 2730 sum
837 2701 946 2744 quae
971 2687 1074 2731 olim
1105 2687 1150 2730 in
1182 2688 1363 2742 quaestt.
1390 2698 1500 2727 scen.
1528 2696 1566 2736 p.
1586 2680 1673 2722 300

145 2756 341 2801 Ciceroni
372 2758 699 2803 vindicaveram.

264 2828 316 2872 V.
335 2829 424 2873 403
467 2830 681 2887 delphinis
713 2830 886 2886 propria
917 2845 967 2873 ac
999 2830 1217 2873 sollemnis
1249 2828 1358 2883 (Liv.
1384 2828 1412 2869 5
1444 2825 1540 2867 Pac.
1566 2823 1674 2878 409)

147 2900 377 2955 appellatio
402 2902 585 2946 lasciui
609 2901 824 2945 reddenda
842 2902 934 2946 fuit.
973 2901 1207 2959 Postquam
1228 2903 1370 2944 autem
1390 2897 1673 2940 Buechelerus
