1942 3204
265 207 331 241 XII
854 205 1205 241 C‘OROLLARJVM

265 318 442 357 enectum
472 314 610 368 ciquilo
636 330 656 356 e
678 318 805 369 portu
834 314 915 367 fe'rl
943 314 1060 367 foras
1086 315 1299 356 senarium
1327 318 1650 360 commendavit.
1695 319 1789 362 Vti-
1816 356 1818 358 ,

267 401 346 440 que
379 386 520 427 inanis
552 388 594 427 et
627 401 651 427 a
683 386 920 428 sententiae
954 386 1094 428 colore
1127 386 1267 427 aliena
1290 390 1437 440 portus
1467 389 1627 430 mentio
1659 389 1787 432 infer-

267 459 354 510 tur,
391 457 463 498 ubi
501 456 708 498 barbarae
747 459 885 499 terrae
924 455 992 513 (ut
1029 457 1141 512 apud
1179 456 1326 512 Eurip.
1365 456 1458 512 Iph.
1496 457 1620 500 Taur.
1655 458 1788 516 1086)

267 527 525 582 significatio
546 527 862 582 expectabatur.
901 527 1023 576 Quod
1050 528 1140 582 ipse
1165 527 1266 569 olim
1287 527 1550 570 conieceram
1581 551 1642 562 -ν
1663 545 1790 584 passo

266 599 361 640 ue'lo
392 599 576 640 uicinum
607 597 746 652 ciqnilo
780 599 821 640 in
846 602 1015 652 portum
1046 599 1140 641 orcis
1169 599 1295 651 ferat,
1328 613 1424 640 oras
1455 589 1647 656 intellegi
1677 601 1789 643 vole-

266 669 367 711 bam
400 670 612 712 anchorae
644 670 769 711 funes
802 669 966 711 solutos
999 669 1170 710 scilicet.

385 740 437 781 V.
470 740 523 782 21
546 732 759 795 'ineptum
797 753 888 782 esse
932 740 978 781 in
1014 753 1096 782 sese
1134 739 1378 798 arbitratus
1403 739 1690 783 Buechelerus
1725 743 1789 784 in-

268 810 399 854 laesae
431 811 613 853 coniecit
643 810 759 852 facili
792 812 834 852 et
864 810 1092 865 ingenioso
1124 810 1311 852 invento.

384 881 437 924 V.
481 882 538 923 30
582 896 672 936 sqq.
715 895 804 923 non
853 881 1066 936 persuasit
1115 881 1227 922 idem
1274 881 1342 923 his
1393 882 1559 924 duobus
1613 883 1790 926 senariis

269 953 496 994 contineri:
1328 1003 1339 1013 .

463 1020 543 1063 alis
576 1022 756 1064 sublime
788 1021 833 1063 in
865 1022 971 1063 alios
1005 1022 1084 1077 (vel
1116 1019 1247 1078 altos)
1282 1023 1416 1064 saltus
1448 1022 1602 1080 inlicit,

463 1093 535 1135 ubi
567 1091 743 1148 bipedes
774 1093 970 1134 uolucres
1001 1090 1092 1134 lino
1123 1093 1323 1147 linquant
1353 1094 1526 1136 lumina.

267 1163 380 1206 Nam
406 1164 705 1219 imperativum
731 1164 924 1205 inlicite
949 1165 1114 1205 mutare
1139 1166 1315 1218 propter
1346 1164 1397 1205 fr.
1422 1164 1462 1207 V
1489 1167 1532 1207 61
1556 1165 1619 1207 VI
1644 1167 1789 1222 utique
1819 1221 1822 1224 ἦ

267 1236 417 1291 religio
451 1238 532 1288 est3
569 1235 766 1290 quodque
797 1235 877 1276 alis
908 1233 1100 1289 intellegi
1131 1234 1224 1275 vult
1260 1234 1404 1289 pinnis
1437 1235 1616 1278 sublime
1648 1237 1790 1280 avium

268 1320 422 1361 genus,
453 1308 565 1348 certe
597 1304 792 1347 Bacchae
833 1305 971 1360 ipsae,
1008 1319 1116 1359 quae
1155 1319 1250 1347 cum
1287 1305 1372 1348 illis
1409 1309 1712 1362 comparantur
1742 1311 1791 1350 ut

268 1377 312 1418 in
344 1376 492 1431 Eurip.
523 1375 678 1418 Bacch.
713 1376 796 1419 748
829 1391 908 1431 sq.,
945 1375 1179 1417 instructae
1218 1375 1296 1418 alis
1335 1391 1424 1418 non
1460 1377 1652 1434 fuerunt,
1691 1394 1790 1422 aves

269 1450 412 1489 autem
439 1447 587 1489 dubito
614 1462 718 1489 num
740 1461 894 1501 auceps
919 1447 1090 1501 proprie
1117 1447 1289 1488 inlicere
1315 1461 1403 1489 non
1428 1448 1474 1489 in
1492 1449 1686 1504 laqueos,
1717 1451 1789 1492 sed
1846 1446 1849 1447 ⁷

268 1518 312 1558 in
334 1518 480 1573 silvas,
505 1518 579 1559 ubi
604 1518 820 1572 habitant,
843 1517 924 1558 dici
950 1517 1098 1572 possit.
1143 1517 1362 1559 Traditam
1386 1518 1569 1560 formam
1594 1520 1792 1562 sublimen

268 1604 322 1630 ne
348 1589 657 1643 oblitterarem,
688 1602 784 1630 eum
811 1588 913 1629 olim
944 1588 1142 1630 sublimen
1167 1588 1272 1630 alios
1296 1590 1342 1630 in
1366 1589 1496 1631 saltus
1520 1590 1692 1641 inlicite,
1722 1590 1792 1632 nbi

270 1660 399 1712 occasi·
418 1660 574 1713 bipedes
600 1674 634 1701 e.
654 1674 692 1713 q.
714 1674 744 1700 s.
765 1659 1048 1714 scripsissem,
1078 1661 1229 1714 postea
1255 1659 1443 1701 conabar
1466 1660 1663 1702 sublimen
1688 1661 1791 1704 alios

267 1731 398 1782 saltus
420 1730 634 1780 inslolieite,
659 1730 730 1771 ubi
749 1729 955 1783 Duipedes
974 1744 1008 1771 e.
1035 1745 1073 1784 q.
1094 1744 1125 1771 s.
1168 1728 1281 1771 Nam
1300 1732 1349 1771 ut
1367 1731 1460 1773 (luis
1483 1731 1602 1772 ‹luini
1621 1732 1792 1774 cluidens

267 1802 414 1855 (lete'yae
437 1802 651 1843 duicensus
675 1801 835 1842 ditonus
859 1800 1039 1842 duellum
1057 1799 1266 1842 Duellona
1291 1814 1387 1842 cum
1413 1800 1621 1842 similibus
1641 1798 1790 1857 (etiam

267 1872 514 1914 Dueliornm
527 1871 717 1914 nomine:
738 1871 791 1912 cf.
806 1869 1094 1919 Quintilianus
1114 1869 1134 1912 I
1154 1871 1194 1925 4,
1214 1868 1260 1926 6)
1281 1872 1444 1912 veteres
1464 1875 1790 1927 usurpaverunt,

268 1943 330 1984 ita
372 1944 561 1997 (lnipecles
603 1942 788 1983 formare
833 1943 1078 1996 potuerunt.
1134 1939 1362 1983 Vetustam
1407 1943 1549 1993 autem
1586 1944 1686 1986 endo
1722 1944 1789 1986 vel

270 2014 365 2055 indo
386 2014 452 2055 vel
485 2014 587 2055 indu
618 2013 803 2054 formam
822 2011 1089 2054 usitatiorem
1115 2011 1303 2066 antiquis
1324 2012 1620 2069 scriptoribus,
1650 2014 1790 2069 poetis

269 2085 450 2126 maxime
477 2084 608 2126 fuisse
635 2098 762 2138 quam
783 2082 975 2125 codicum
1001 2096 1116 2124 nunc
1135 2083 1341 2124 memoria
1367 2083 1597 2138 indicatur,
1621 2086 1791 2139 praeter

268 2155 342 2196 illa
380 2154 465 2196 XII
509 2155 753 2196 tabularum
796 2153 916 2207 (endo
958 2154 1081 2196 iacilo
1123 2154 1300 2207 encloque
1328 2154 1529 2209 plorato),
1570 2153 1703 2196 Ennii
1739 2170 1790 2197 ex

269 2226 496 2267 annalibus
527 2225 648 2279 (endo
680 2226 723 2266 et
753 2225 875 2274 indu,
907 2225 1003 2266 indo
1026 2227 1177 2275 tuetur,
1207 2224 1311 2274 indu
1340 2224 1497 2275 uolans,
1527 2225 1791 2280 induperator

270 2295 615 2351 inchoperantnm)
664 2298 707 2337 et
755 2294 942 2337 Lucretii
991 2295 1233 2349 (inditqredi
1285 2295 1549 2351 indnpedire)
1597 2298 1789 2352 exempla

269 2367 424 2421 glossis
473 2367 680 2422 probatur
723 2365 837 2420 apud
886 2364 1062 2407 Festum
1111 2364 1352 2416 encloilinm,
1400 2366 1626 2421 indeptare,
1674 2367 1788 2409 mdo-

268 2440 429 2478 strnum
467 2435 645 2493 (Paulus
683 2452 723 2492 p.
764 2434 886 2492 106);
924 2436 1036 2491 apud
1074 2435 1321 2478 Labbaeum
1365 2435 1629 2486 endodiearil,
1670 2437 1789 2478 endo-

268 2507 391 2558 clusa,
411 2508 695 2560 enclofestabat,
717 2508 1042 2560 ‘endopeseiseas’
1065 2506 1363 2561 (endopeeeseas
1393 2506 1641 2561 Vulcanius,
1658 2506 1788 2549 immo

269 2577 527 2631 eiulopeseas:
572 2579 624 2620 cf.
667 2577 790 2619 Pauli
827 2576 980 2620 Festus
1018 2592 1146 2632 supra
1184 2567 1227 2619 et
1263 2593 1303 2632 p.
1344 2577 1425 2619 108
1463 2592 1501 2619 v.
1537 2575 1788 2634 impeseere);

272 2649 516 2702 ‘endopietcs’
539 2648 820 2702 (endoteruff)
852 2644 1048 2696 οἰνωθεις
1079 2647 1297 2703 (Scaligerz
1317 2642 1410 2686 ἄνω
1442 2645 1514 2699 εἰς)
1547 2642 1787 2701 ἐνδοτέρω

272 2719 552 2761 ‘etzdoribzmm
573 2716 789 2771 ἕνριθρον
815 2715 1108 2770 κατάριθρον’
1130 2716 1355 2775 (Scaligerz
1374 2717 1639 2771 endoriyuum
1649 2712 1788 2769 ἕνρει-

271 2791 389 2841 θρον
410 2787 747 2844 κατάρειθρῡν);
768 2789 999 2830 ‘entorz'dm’
1022 2785 1072 2828 ἐν
1093 2786 1153 2842 τῷ
1181 2784 1345 2840 μεταξύ
1376 2775 1648 2842 (Vulcaniusz
1670 2787 1788 2828 enclo-

271 2857 455 2915 tericlea).
521 2859 663 2914 Atque
701 2859 880 2902 retinuit
909 2873 1012 2902 usus
1042 2859 1221 2913 incliyere
1256 2858 1448 2912 indipisci
1478 2858 1655 2900 induere.
1722 2856 1788 2899 Ex
