1942 3204
299 198 379 239 142
500 239 504 242 ,
755 170 759 174 ’
933 200 975 232 L.
1003 197 1176 231 ATTIVS

418 303 535 354 Quae
570 304 666 345 011111
698 318 949 359 componas,
981 301 1097 345 dicta
1127 301 1254 344 factis
1286 300 1543 357 discrepant.

937 401 1202 445 ERIGONA

1007 480 1028 522 1
1062 478 1129 536 (5)

418 553 654 596 Locrorum
683 553 769 594 late
801 550 958 594 uiridia
990 553 1032 593 et
1062 551 1238 607 frugum
1269 551 1402 592 libera

995 627 1039 670 II
1072 626 1139 685 (6)
1434 682 1455 699 ·

332 702 389 744 50
420 700 647 758 Adsentio:
680 715 759 757 age
790 715 906 743 nunc
937 702 986 742 tii
1017 702 1138 741 tuam
1168 699 1419 754 progeniem
1450 699 1594 754 profer
1626 698 1786 741 ordine.

968 777 1036 819 ΠΙ
1067 775 1164 833 (10)

422 850 650 905 H6spitem
682 850 922 905 depositam
952 848 1201 890 interimes‘?

984 924 1048 967 IV
1081 923 1148 981 (9)

424 998 547 1048 Qu6d
578 998 743 1042 utinam
775 1013 842 1040 me
875 1012 964 1039 31113
997 996 1241 1051 arquitenes
1272 989 1383 1037 telis
1402 998 1631 1039 mactasset
1661 991 1755 1039 dea'!

998 1073 1038 1115 V
1071 1071 1137 1129 (1)

426 1147 537 1189 Tum
576 1148 719 1188 autem
751 1145 987 1201 Aegisthus
1025 1144 1066 1186 s1'
1100 1145 1196 1186 med
1240 1145 1389 1186 eodem
1431 1146 1542 1187 lecto
1586 1110 1832 1202 fflitasset

1368 1223 1500 1277 patri!

986 1280 1049 1323 VI
1082 1279 1148 1337 (S)

424 1354 506 1396 Sed
538 1354 611 1395 ubi
643 1354 696 1395 ad
728 1354 857 1395 finem
888 1354 1066 1394 uentum
1098 1355 1163 1393 est
1195 1367 1278 1407 quo
1310 1353 1432 1394 illum
1462 1353 1552 1394 fors
1579 1353 1832 1408 expectabat
1895 1358 1900 1363 '

1368 1431 1476 1485 loco,

335 1509 391 1551 55
421 1508 586 1564 'Adque
607 1507 802 1549 Orestem
828 1508 973 1563 grauis
1000 1507 1197 1549 sacerdos
1217 1506 1330 1548 ferro
1350 1509 1551 1562 prompto
1574 1506 1832 1562 adstituerat

395 1615 572 1647 Emeom
596 1615 614 1647 Ι
638 1615 731 1647 Non.
757 1615 840 1652 498,
866 1616 887 1647 5
919 1614 1186 1656 ‘genetiuus
1216 1613 1357 1654 positus
1387 1623 1452 1656 pro
1483 1614 1650 1646 ablatiuo
1679 1613 1740 1646 uel
1767 1613 1833 1646 ad-

305 1661 470 1694 uerbium
494 1661 569 1693 loci
597 1685 605 1692 .
625 1684 633 1692 .
653 1662 682 1692 .'
721 1659 940 1702 (Erigena
963 1659 1104 1703 Bamb.)
1213 1660 1250 1692 II
1274 1659 1366 1691 Non.
1391 1660 1477 1702 469,
1505 1660 1547 1692 18
1579 1659 1829 1691 ‘adsensit'

306 1706 537 1747 (adsentit
563 1704 705 1747 Bamb.)
733 1708 811 1737 ‘est
837 1708 873 1737 et
896 1705 1094 1747 passiuum.
1134 1703 1263 1737 Accitis
1288 1703 1528 1747 Neoptolemo
1553 1729 1581 1737 ..
1597 1729 1605 1736 .
1628 1704 1726 1736 idem
1749 1704 1833 1736 Eri-

307 1762 403 1793 gona
427 1754 501 1784 .-..'
575 1751 632 1783 111
657 1751 747 1782 Non.
773 1752 851 1792 279,
880 1752 918 1782 11
946 1750 1194 1792 ‘deponere
1220 1752 1276 1782 est
1302 1749 1585 1782 commendare!
1663 1750 1713 1782 IV
1737 1748 1829 1782 Non.

305 1798 388 1838 341,
414 1798 458 1829 25
483 1799 698 1828 mactare
726 1798 782 1828 est
805 1795 995 1828 immolare
1019 1820 1027 1827 .
1047 1820 1055 1828 .
1075 1797 1105 1827 .’
1214 1795 1245 1827 V.
1269 1795 1360 1827 Non.
1384 1796 1447 1836 85,
1473 1795 1515 1827 14
1540 1795 1832 1827 ‘comitasset

306 1852 370 1884 pro
397 1842 608 1875 cobuisset.'
647 1832 1147 1882 (cobitassetsSalmasius
1172 1840 1301 1875 Exere.
1325 1839 1417 1873 Plin.
1443 1851 1477 1882 p
1503 1841 1569 1872 825
1649 1840 1832 1872 cubuis-

305 1891 375 1919 set
399 1888 527 1922 Bamb.
552 1888 639 1919 Tur.
665 1886 990 1919 concubuisset
1014 1886 1136 1919 Vatic.
1161 1886 1265 1927 2916)
1342 1885 1391 1917 V1
1414 1884 1508 1920 Non.
1531 1886 1611 1927 315,
1639 1886 1721 1917 10‘
1731 1894 1834 1926 gra-

306 1943 379 1974 ue,
403 1933 540 1965 triste.’

421 2039 474 2076 49
506 2039 703 2076 Locrorum
735 2039 817 2075 edd.
849 2038 1039 2075 locronum
1059 2039 1149 2075 libri
1176 2038 1339 2074 locorum
1360 2037 1523 2074 Botbius
1542 2036 1707 2074 lucorum
1728 2038 1830 2075 Bue-

308 2098 487 2133 chelerus
577 2096 668 2131 latae
696 2095 800 2131 Leid.
895 2091 1032 2144 fruguii
1058 2095 1194 2131 Bamb.
1311 2093 1366 2131 50
1397 2099 1435 2130 tu
1466 2099 1563 2130 tuam
1592 2094 1701 2141 libri,
1733 2095 1835 2142 quod

307 2158 349 2190 ut
389 2156 569 2189 seruetur
600 2151 721 2188 CFW
741 2152 906 2188 Mueller
933 2152 1090 2199 prosod.
1120 2152 1251 2188 Plaut.
1287 2150 1364 2188 149
1396 2152 1470 2188 duo
1499 2151 1735 2187 hemistichia
1771 2150 1831 2187 ad-

310 2210 447 2246 sentio:
487 2219 553 2256 age
583 2219 679 2244 nunc
711 2213 750 2244 tu
779 2213 880 2247 tuam
903 2203 908 2257 Ι
934 2209 1148 2256 progeniem
1179 2207 1244 2244 ede
1274 2207 1401 2243 ordine
1430 2208 1583 2254 disponi
1609 2209 1703 2244 uult.
1734 2212 1832 2243 tuam

312 2267 369 2302 ed.
404 2263 514 2303 1840
667 2264 792 2313 profer
821 2275 925 2301 nunc
954 2267 1107 2312 scripsi.
1139 2269 1176 2300 et
1205 2265 1293 2301 libri
1400 2264 1493 2300 Olim
1523 2264 1695 2300 Merceri
1721 2274 1833 2301 sena-

309 2325 408 2359 rium
438 2321 619 2358 adsentio:
658 2332 725 2370 age
754 2332 850 2357 nunc
879 2327 976 2357 tuam
1006 2333 1041 2369 p.
1074 2321 1141 2357 ede
1172 2320 1297 2357 ordine
1324 2321 1537 2367 probabam
1637 2320 1689 2357 51
1721 2320 1832 2368 depo-

308 2380 412 2415 sitam
435 2379 577 2416 Genea.
600 2377 706 2414 Leid.
736 2378 897 2426 deposita
929 2380 1050 2415 ceteri
1077 2378 1166 2414 libri
1278 2376 1330 2414 52
1361 2377 1565 2424 arquitenes
1593 2378 1703 2423 libri,
1733 2379 1831 2413 anti-

308 2447 385 2484 qua
407 2437 618 2482 scriptura.
647 2435 848 2471 arcitenens
869 2436 982 2482 uulyo
1069 2434 1121 2471 53
1152 2435 1183 2470 si
1213 2433 1293 2470 med
1320 2433 1446 2469 eodem
1467 2434 1683 2470 Palmerius
1709 2433 1831 2480 ,8Ρίσί-

307 2494 378 2540 leq.
400 2503 464 2539 ap.
492 2491 600 2528 Grut.
622 2491 690 2527 IV
707 2490 788 2528 764
803 2490 1308 2535 sLme-essemdemlzbri,
1339 2490 1441 2537 quod
1467 2490 1498 2524 si
1518 2490 1621 2526 meed
1640 2492 1830 2536 interpre-

309 2550 388 2585 tari
409 2550 559 2595 possis..-
590 2548 642 2595 cf.
675 2560 712 2584 u.
736 2547 760 2585 8
790 2552 826 2584 et
861 2547 913 2584 36
944 2548 974 2584 si
1005 2558 1062 2583 me
1091 2547 1215 2584 eodem
1247 2547 1401 2589 Grotius
1419 2546 1521 2582 Bibl.
1550 2549 1636 2582 crit.
1658 2557 1746 2583 nou.
1769 2546 1836 2582 IV

390 2605 677 2652 ‚leto-Grotius,
707 2605 925 2641 Palmerius
1039 2603 1092 2640 54
1123 2603 1248 2639 fanum
1271 2603 1427 2649 Lipsius
1530 2608 1679 2638 uentum
1709 2607 1765 2638 est
1794 2603 1831 2638 in

310 2672 382 2710 quo
412 2661 502 2697 libri
529 2667 676 2696 uentum
707 2661 743 2696 in
774 2672 846 2708 quo
880 2661 1042 2698 Botlzius
1126 2659 1227 2696 illum
1257 2659 1332 2695 fors
1362 2658 1565 2695 sectabatur
1595 2658 1723 2696 Palat.
1755 2658 1830 2694 fors

308 2717 410 2754 illum
439 2716 596 2753 sectabat
629 2717 758 2754 Vrbin.
780 2716 860 2754 308
891 2717 991 2753 illum
1013 2716 1222 2765 expectabat
1248 2716 1323 2752 sors
1357 2716 1509 2753 Vossius
1538 2716 1561 2751 i.
1594 2715 1618 2751 f.
1649 2714 1832 2763 spectabat

312 2774 578 2810 Buechelerus
691 2772 744 2810 55
775 2773 818 2809 ad
839 2784 943 2820 quem
975 2773 1022 2808 W
1049 2779 1156 2821 atque
1186 2775 1309 2810 ceteri
1405 2772 1570 2808 Orestem
1599 2771 1833 2808 Ritsclzelius

312 2840 446 2877 opusc.
467 2830 514 2866 ΙΙ
531 2829 612 2867 487
645 2829 790 2866 Orestes
818 2831 924 2875 libri,
958 2834 1087 2867 tuetur
1116 2830 1382 2866 Buechelerus
1409 2832 1666 2865 mactatarum
1698 2830 1831 2876 Eriyo-

311 2898 399 2923 nam
419 2887 641 2934 intelleyeizs
662 2886 813 2922 Oresten
836 2887 990 2923 Grotius
1085 2886 1183 2923 ferro
1205 2897 1286 2924 cum
1305 2891 1450 2934 promto
1473 2885 1626 2922 Grotius
1723 2884 1831 2922 adsti-
