1942 3204
298 216 382 259 272
617 218 682 252 Ex
706 218 926 253 menime
952 217 1273 255 meERTORvM
1298 219 1506 254 FABVLIS

931 323 1066 366 CXLI
1099 322 1195 383 (50)

303 401 390 443 240
423 399 604 443 Str-mint
636 416 802 443 sorores
833 400 1017 443 'Atticae
1049 401 1187 444 dirum
1218 403 1351 445 nefas.

986 495 1144 539 CXLII

418 572 525 615 Dius
554 576 769 629 potentes,
801 574 909 615 fe‘rte
942 572 1112 616 lassatis
1145 575 1286 630 opem!

975 661 1157 705 CXLIII

420 738 584 780 Micaint
615 740 754 781 nitore
785 741 899 781 tecta
932 740 1103 782 sublimi
1135 744 1275 784 aurea.
1302 799 1308 805 .

977 827 1154 874 CXLIV

415 916 531 959 De6s
563 920 781 984 parentes,
813 916 890 973 qui
918 921 1096 974 penates
1129 919 1251 961 Terei

988 1007 1143 1051 CXLV

422 1102 537 1143 Dum
570 1102 778 1158 taeniam,
810 1102 881 1157 qui
913 1104 1068 1145 uolnus
1100 1104 1299 1160 uinciret7
1329 1105 1438 1161 petit

971 1191 1149 1235 CXLVI

295 1268 383 1310 245
735 1279 738 1283 ’
1235 1268 1357 1312 nilne
1388 1272 1431 1312 te
1495 1305 1497 1307 .

415 1344 583 1387 Horum
614 1345 832 1401 fortunae,
863 1344 927 1387 11ss
959 1345 1293 1388 commiserescl't
1323 1346 1472 1389 meae?

295 1476 398 1508 uolui
423 1475 515 1507 haec
539 1476 609 1507 tria
634 1475 812 1518 exempla.
907 1475 1021 1508 CXLI
1046 1476 1186 1509 Marius
1202 1477 1415 1509 Victorinus
1438 1487 1472 1519 p.
1491 1478 1580 1510 2596
1597 1478 1637 1510 P.
1663 1476 1744 1520 (204
1762 1478 1820 1520 G.)

296 1521 374 1562 (ubi
401 1520 445 1553 de
470 1520 774 1563 hendecasyllabi
804 1520 996 1554 elementis
1020 1520 1167 1564 dicitur)
1200 1523 1327 1554 ‘itemz
1361 1533 1463 1555 meae
1490 1521 1676 1555 Camenae
1708 1523 1822 1556 caeli-

292 1571 367 1598 tum
393 1569 510 1598 testor
535 1576 670 1608 genus,
697 1566 889 1600 iambicus,
937 1568 1047 1599 Item:
1074 1577 1220 1599 carmen
1245 1567 1412 1600 Pierides
1436 1571 1620 1600 struunt
1644 1578 1822 1602 sorores

292 1629 335 1634 -
366 1612 421 1643 ita
453 1611 714 1653 complebitur:
747 1621 894 1644 carmen
926 1611 1092 1645 Pierides
1123 1615 1290 1654 pangunt
1320 1612 1555 1645 memorabile
1579 1613 1722 1646 Musae:
1756 1613 1822 1646 de-

293 1657 395 1697 hinc,
422 1660 602 1688 struunt
626 1667 806 1688 sorores
830 1657 1018 1690 Atticae
1045 1657 1185 1689 dirum
1211 1656 1366 1690 nefas.’
1408 1658 1516 1690 Terei
1541 1658 1706 1691 fabulam
1728 1658 1820 1692 haec

293 1702 463 1744 produnt.
557 1701 691 1734 CXLII
717 1702 855 1734 Marius
879 1702 1089 1735 Victorinus
1115 1713 1147 1745 p.
1174 1703 1262 1735 2525
1286 1702 1327 1738 P.
1354 1704 1434 1742 (106
1458 1701 1518 1746 G.)
1544 1703 1820 1746 ‘penthemime-

293 1758 351 1779 res
382 1747 420 1778 in
452 1746 628 1779 trimetris
659 1747 749 1779 satis
779 1747 976 1789 probatur,
1007 1758 1100 1790 quae
1133 1757 1198 1790 per
1227 1748 1333 1780 binos
1357 1748 1498 1781 iamb'os
1530 1752 1566 1780 et
1596 1749 1821 1791 semipedem
1845 1780 1854 1787 ,

291 1793 406 1825 uerba
431 1791 527 1832 finit,
553 1795 595 1824 ut
619 1795 689 1824 est:
717 1792 834 1824 diui’
861 1803 892 1824 e.
911 1803 945 1835 q.
962 1803 990 1825 s.
1023 1793 1259 1826 Pseudoacro
1283 1793 1330 1825 ad
1354 1793 1446 1828 Hor.
1471 1794 1576 1836 epod.
1601 1794 1680 1828 init.
1706 1795 1820 1827 ‘iam-

293 1838 396 1870 bicus
426 1837 592 1869 trimeter
622 1838 786 1879 tragicus
816 1838 950 1880 recipit
979 1838 1093 1881 pedes
1123 1837 1289 1878 dextros,
1320 1837 1497 1871 uidelicet
1529 1839 1719 1881 spondium
1746 1840 1821 1882 pri-

292 1885 398 1923 mum,
425 1882 571 1914 tertium
590 1885 628 1914 et
646 1883 828 1924 quintum3
855 1883 1024 1915 sinistros
1041 1884 1193 1925 iambos,
1218 1883 1396 1916 uidelicet
1413 1883 1635 1926 secundum‚·
1651 1888 1820 1926 quartum

293 1932 331 1960 et
355 1931 515 1960 sextum:
541 1927 617 1959 diui
640 1952 647 1959 .
664 1952 693 1960 ..
719 1929 852 1970 opem.’
946 1927 1099 1961 CXLIII
1124 1927 1275 1961 Seruius
1301 1927 1514 1961 Centimetri
1538 1939 1572 1972 p.
1598 1930 1664 1962 377
1683 1929 1726 1962 G.
1752 1928 1820 1970 (IV

292 1984 325 2014 p.
342 1974 407 2005 467
426 1972 486 2014 Κ.)
519 1974 765 2015 ‘reciprocum
791 1972 988 2006 iambicum
1007 1975 1043 2005 in
1063 1973 1264 2016 elegiacum
1291 1978 1362 2011 est.
1388 1974 1557 2016 quotiens
1582 1985 1604 2006 a
1621 1973 1691 2006 fine
1716 1982 1819 2007 scan-

292 2028 355 2050 sus
387 2017 589 2059 elegiacum
622 2018 732 2056 facit,
764 2022 805 2050 ut
835 2021 892 2050 est
922 2018 1009 2051 hoc:
1040 2019 1226 2063 micant'
1253 2029 1283 2051 e.
1310 2029 1344 2060 q.
1370 2029 1398 2053 s,
1447 2021 1606 2052 ‘aurea
1635 2019 1819 2052 sublimi

291 2065 418 2095 tecta
442 2063 591 2095 nitore
617 2064 811 2096 micant.’
844 2063 1018 2096 Fortasse
1044 2074 1083 2096 re
1101 2073 1190 2096 uera
1210 2063 1369 2102 elegiaci
1386 2067 1517 2106 poetae
1534 2067 1635 2097 suut:
1662 2063 1819 2096 conficta

294 2118 372 2140 esse
404 2111 535 2143 censet
550 2108 746 2140 Muellerus
771 2108 836 2142 1.l.
929 2108 1076 2142 CXLIV
1099 2108 1240 2141 Marius
1263 2108 1474 2143 Victorinus
1500 2109 1533 2151 'p.
1557 2110 1645 2141 2574
1669 2109 1710 2142 Ρ.
1737 2108 1817 2151 (172

294 2152 354 2195 G.)
389 2153 553 2195 ‘tragico
585 2157 707 2185 autem
737 2154 769 2186 si
795 2154 1048 2196 sesquipedem
1075 2154 1331 2196 praeposueris
1358 2153 1533 2195 ambiam,
1566 2153 1635 2187 erit
1659 2158 1699 2186 ut
1724 2154 1816 2187 dixi-

293 2208 372 2231 mus
397 2201 636 2230 tetrametrus
661 2198 923 2237 catalecticus,
948 2203 1006 2231 ut:
1032 2200 1158 2231 deos’
1185 2209 1218 2232 e.
1245 2209 1277 2241 q.
1303 2208 1332 2231 s,
1373 2199 1578 2237 ‘trimeter,
1605 2203 1819 2232 tetrameter

291 2246 431 2276 autem:
458 2243 643 2275 ambiam
669 2243 797 2277 deos’
825 2254 857 2278 e.
882 2254 916 2286 q.
943 2253 971 2278 s,
1065 2242 1194 2276 CXLV
1218 2244 1355 2276 Festus
1386 2254 1420 2285 p.
1444 2246 1512 2277 360
1538 2245 1586 2279 Μ.
1611 2245 1817 2277 ‘taenias

293 2288 472 2321 Graecam
503 2298 642 2332 uocem*
662 2289 714 2321 sic
742 2290 1008 2331 interpretatur
1039 2289 1204 2330 Verrius,
1241 2293 1282 2321 ut
1311 2289 1414 2321 dicat
1449 2293 1700 2322 ornamentum
1733 2299 1816 2322 esse

290 2333 439 2366 laneum
462 2334 598 2376 capitis
622 2333 814 2375 honorati,
844 2337 886 2366 ut
913 2335 962 2367 sit
992 2334 1089 2376 apud
1120 2333 1367 2367 Caecilium
1398 2334 1441 2366 in
1471 2334 1740 2378 Androgyno
1771 2351 1816 2357 —

293 2382 329 2410 e‘t
354 2379 487 2411 alias:
520 2379 602 2410 dum
633 2379 817 2419 taeniam’
852 2389 883 2412 e.
910 2390 943 2422 q.
967 2390 996 2415 s,
1043 2380 1206 2412 ‘Ennius
1230 2381 1267 2411 in
1297 2379 1505 2411 Alexandro
1535 2397 1580 2403 —
1611 2379 1746 2412 Accius
1777 2380 1816 2412 in

289 2423 527 2466 Neoptolemo
552 2426 609 2445 —-'
636 2423 801 2461 Caecilio
827 2425 999 2467 ascripsit
1016 2424 1236 2468 Spengelius
1305 2423 1455 2458 CXLVI
1481 2424 1671 2458 Charisius
1695 2435 1730 2468 p.
1748 2425 1815 2458 250

290 2469 330 2502 Ρ.
354 2471 560 2511 ‘zeugma
591 2494 598 2501 .
621 2493 628 2500 .
650 2493 658 2502 .
688 2469 802 2501 nihil
827 2469 1048 2503 hominum
1072 2473 1115 2503 te
1139 2494 1147 2502 .
1169 2494 1176 2503 .
1198 2495 1206 2504 .
1227 2495 1235 2503 .
1265 2471 1439 2503 mouet?
1466 2470 1587 2512 plures
1606 2471 1815 2503 sententiae

404 2624 486 2662 240
516 2625 645 2661 durum
676 2625 886 2663 Putsckius
1001 2624 1080 2662 241
1112 2625 1172 2662 diu
1203 2626 1321 2662 schol.
1351 2626 1450 2664 Hor.
1538 2626 1597 2662 uix
1627 2626 1712 2662 satis
1733 2628 1757 2662 i.
1780 2636 1812 2663 e.

292 2683 450 2729 uexatis,
481 2687 521 2718 ut
542 2682 642 2718 dedit
663 2681 872 2729 Cruquz'us,
903 2683 1022 2720 schol.
1049 2683 1147 2720 Hor.
1241 2681 1322 2718 244
1344 2684 1436 2731 petit
1457 2693 1527 2719 om.
1562 2682 1722 2719 Vrsinus
1744 2680 1811 2732 (cf.

290 2737 513 2775 Mommsenz’
531 2739 577 2774 de
606 2740 859 2786 quaternione
879 2738 986 2776 XVI
1002 2741 1211 2776 testimonia
1229 2750 1271 2786 p.
1295 2738 1361 2786 72)
1458 2738 1539 2775 245
1561 2749 1617 2786 sq.
1650 2738 1747 2775 nilne
1778 2744 1813 2775 tc

290 2794 425 2830 Horum
454 2797 597 2841 scripsi
624 2795 711 2831 nihil
749 2795 930 2831 hominum
970 2801 1004 2831 te
1043 2797 1146 2842 cod„
1184 2796 1287 2844 quod
1312 2797 1487 2832 seruauit
1516 2795 1724 2843 Hauptius.
1763 2795 1819 2832 nil⁴

291 2851 448 2886 omnium
472 2847 476 2902 Ι
503 2856 576 2887 tete
597 2851 636 2887 L.
660 2851 825 2889 Mueller
854 2853 900 2888 de
921 2863 964 2888 re
984 2864 1032 2889 m.
1056 2852 1108 2890 72
1196 2851 1283 2888 nihil
1314 2850 1494 2888 hominum
1527 2857 1561 2888 tc
1584 2852 1732 2899 horum,
1763 2850 1812 2887 nil

289 2918 318 2942 c.
342 2907 435 2942 mei?
458 2907 721 2957 Bzceelgelerus
808 2907 887 2944 246
910 2908 958 2944 nil
981 2909 1176 2956 Hauptms
1196 2908 1282 2944 nihil
1305 2910 1387 2945 cod.
1465 2909 1709 2945 comiserescit
1729 2910 1812 2945 cod.
