1942 3204
812 251 855 287 L.
880 249 1056 286 mvnvs
1618 246 1699 291 145

855 355 900 400 Π
932 354 1000 414 (4)

944 434 1025 476 etsi
1057 434 1124 476 est
1154 431 1201 476 1‘n
1231 433 1358 477 malis

279 511 516 568 Dep6situs
548 499 736 569 aniiuus,
768 513 877 568 quae
910 512 1028 555 scibo
1060 511 1213 554 exinde
1245 511 1405 555 audies.

845 601 912 644 III
944 599 1012 659 (1)

191 678 247 723 75
281 677 427 738 [Nam]
462 679 564 736 quid
600 679 672 723 hic
708 682 800 722 tam
838 680 1018 722 obscure
1055 678 1218 722 dietum
1250 682 1334 736 est,
1369 679 1515 723 tiimue
1547 679 1696 724 ineno-

539 751 542 755 ’
1232 756 1404 800 dibile?

843 833 909 878 IV
941 832 1010 892 (2)

279 911 324 956 Si
356 911 426 955 tus
455 915 629 956 ueretur
659 914 703 956 tc'
734 911 1027 969 progenitoris
1036 947 1048 969 ‚
1079 911 1196 955 cedo.

861 996 902 1038 V
935 995 1003 1054 (9)

362 1109 371 1117 .
403 1075 477 1118 sed
507 1074 588 1117 tibi
623 1074 782 1117 cautim
814 1076 881 1117 est
911 1073 1158 1117 adeundum
1189 1074 1243 1117 fid
1275 1075 1429 1118 uirum.

846 1151 910 1195 VI
943 1149 1010 1209 (2)

278 1229 340 1272 At
370 1230 540 1287 uereor,
583 1244 682 1273 cum
718 1231 762 1272 te
800 1244 892 1272 esse
929 1228 1208 1273 'Alcimeonis
1244 1230 1425 1273 fratrem
1462 1230 1590 1273 factis
1628 1230 1697 1273 de-

1237 1307 1354 1350 dicat

835 1384 923 1429 VII
956 1383 1023 1443 (6)

281 1462 389 1507 Cum
421 1464 518 1520 ipsii
549 1463 696 1506 simitu
728 1462 982 1506 miseribudo
1014 1464 1209 1506 me6rum
1246 1463 1368 1506 nulla
1406 1465 1472 1506 est
1501 1461 1714 1506 lsberum..

160 1596 411 1630 cunctantur)
453 1593 750 1637 (Alpesiboea
778 1594 907 1628 Bamb.
952 1593 1263 1637 Alphesiboea
1295 1595 1438 1636 ceteri.)
1539 1595 1577 1628 11
1607 1594 1699 1627 Non.

158 1641 244 1681 279,
269 1642 314 1673 25
339 1639 587 1683 ‘deponere
615 1643 671 1673 est
696 1639 912 1683 desperare,
938 1639 1034 1672 unde
1062 1643 1099 1672 et
1125 1639 1286 1683 depositi
1312 1640 1501 1683 desperati
1527 1640 1701 1673 dicuntur

250 1684 385 1718 Accius
410 1686 447 1718 in
472 1685 591 1718 Tcreo
616 1710 624 1718 .
645 1710 653 1718 .
674 1710 683 1719 .
706 1685 803 1718 idem
829 1686 866 1718 in
891 1685 1165 1718 Alfesiboea
1187 1710 1196 1718 .
1217 1710 1224 1718 .
1246 1687 1275 1719 .’
1369 1686 1425 1719 111
1450 1686 1541 1719 Non.
1570 1687 1629 1726 15,
1659 1687 1700 1719 10

161 1730 325 1763 ‘enoda
351 1730 539 1767 sioenificat
564 1730 722 1773 explana
747 1755 755 1764 .
777 1756 785 1765 .
806 1756 813 1763 .
838 1732 974 1764 Accius
1000 1732 1190 1773 Eurysace
1214 1755 1223 1763 .
1244 1755 1252 1763 .
1273 1756 1281 1765 .
1309 1730 1407 1764 idem
1433 1731 1700 1764 Alfesiboea

167 1802 175 1810 .
194 1800 204 1810 .
223 1778 256 1809 .’
363 1776 418 1812 IV
441 1776 533 1812 Non.
558 1777 638 1819 497,
665 1777 686 1809 2
721 1779 825 1809 ‘cum
857 1777 924 1809 sit:
958 1780 1143 1810 ucretur
1173 1775 1274 1809 illam
1306 1787 1380 1809 rem
1411 1801 1419 1810 .
1441 1802 1448 1809 .
1470 1801 1478 1809 .
1507 1776 1700 1809 ueteribus

161 1822 358 1865 geuetiuus
410 1832 448 1854 ro
474 1823 689 1855 accusatiuo
715 1822 800 1865 poni
828 1821 954 1864 placet
985 1846 993 1855 .
1014 1847 1022 1855 .
1043 1847 1051 1855 .
1075 1821 1210 1854 Accius
1236 1821 1562 1865 Alphesiboea:
1596 1822 1642 1854 si’
1669 1833 1700 1857 e.

161 1878 195 1909 q.
222 1877 251 1902 s.
327 1867 359 1900 V
417 1877 474 1900 on.
501 1868 585 1904 512.
614 1869 654 1900 10
680 1868 875 1900 ‘cautim
900 1878 965 1910 pro
992 1869 1115 1901 caute.
1139 1867 1274 1900 Accius
1301 1867 1593 1900 Alfesiboeax
1620 1866 1699 1899 sed’

434 1913 446 1932 7
774 1915 784 1932 e
891 1913 898 1921 .
1161 1912 1170 1920 .
1185 1923 1193 1933 ι
1476 1913 1483 1920 .
1644 1914 1652 1920 .

160 1923 197 1990 {a
222 1912 1700 2001 ῑιὲεῆιῲέέῆῆκῆδὲξοὲᾱωῖεέῑεςντεῖῗῑ,ΐΐῖῑεὴηΜὸὶῖὲὶὲετῑᾏΑωψτῖ

158 2003 250 2036 Non.
287 2004 369 2045 136,
403 2004 444 2036 19
483 2003 827 2036 ‘miseritudine
865 2013 930 2046 pro
962 2004 1112 2037 miseria
1148 2003 1208 2036 uel
1246 2003 1514 2038 misericordia.
1562 2003 1698 2037 Accius

161 2049 390 2092 Astyanacte
413 2073 422 2082 .
443 2074 452 2082 .
472 2073 481 2083 .
505 2048 602 2082 idem
626 2049 937 2092 Alphesiboea
960 2074 968 2083 .
989 2075 996 2082 .
1017 2051 1057 2084 .'·

274 2167 327 2206 74
358 2169 521 2216 animus,
552 2180 643 2218 quac
674 2168 776 2206 scibo
806 2168 937 2206 exinde
968 2169 1133 2207 Bothius
1162 2170 1396 2206 dubitanter.
1430 2169 1568 2206 animus
1598 2179 1699 2205 meus

161 2236 251 2274 quae
282 2224 381 2262 scibo
412 2226 540 2263 exinde
569 2227 660 2264 libri
687 2227 826 2263 animus
859 2237 958 2263 meus
990 2238 1025 2275 q.
1058 2238 1087 2263 s.
1118 2237 1161 2262 cx
1192 2237 1248 2263 me
1281 2227 1456 2273 Vossius,
1479 2226 1644 2263 Boebius

161 2281 285 2319 audies
318 2282 473 2320 Vossius
502 2282 622 2320 audiet
650 2284 742 2321 libri
801 2284 862 2320 'in
893 2283 995 2320 malis
1017 2282 1115 2320 Eleus
1146 2284 1214 2319 etsi
1246 2289 1302 2320 cst
1323 2282 1512 2332 depositus
1544 2282 1697 2330 animus,

162 2349 252 2387 quac
283 2338 406 2386 scibo,
437 2339 565 2376 exinde
585 2339 711 2377 audies
734 2340 896 2377 Bothius
917 2339 956 2381 2.
993 2340 1196 2388 Temptaui
1225 2340 1355 2387 uaria,
1386 2350 1418 2376 e.
1444 2349 1476 2376 c.
1508 2340 1575 2375 etsi
1598 2350 1699 2375 meus

162 2401 219 2431 est
239 2394 275 2431 in
297 2395 410 2442 ηιειΙίε,
435 2397 539 2444 quod
555 2406 692 2435 uerum
713 2398 881 2444 uidetur,
903 2402 940 2434 el
960 2409 998 2434 u.
1023 2396 1073 2433 74
1097 2396 1343 2443 exindaudhs,
1364 2396 1406 2432 K
1405 2398 1621 2444 iesslinyius
1640 2395 1701 2431 ‹lc-

161 2452 303 2500 positus
334 2453 473 2490 animus
495 2463 596 2490 meus
617 2465 709 2503 quae
739 2455 815 2491 scio
837 2465 906 2503 ego
928 2453 1134 2503 in‹1audies;
1168 2465 1243 2491 non
1271 2455 1422 2502 lonyius
1442 2454 1578 2490 aberat
1609 2463 1700 2501 quae

161 2509 236 2545 scio
258 2519 297 2545 ea
319 2508 520 2546 imlaudies.
608 2510 661 2547 75
684 2521 763 2548 nam
786 2522 857 2548 om.
879 2511 970 2548 libri
1046 2510 1130 2559 quid
1153 2511 1238 2547 itam
1258 2510 1349 2547 libri
1368 2509 1477 2559 quid?
1506 2510 1601 2546 itanc
1626 2510 1698 2546 Bu-

162 2565 265 2602 tbius
282 2566 301 2602 1
327 2565 415 2614 qnid
437 2566 509 2603 ita?
533 2573 651 2604 {amne
674 2567 837 2605 Botbius
858 2567 897 2614 2,
916 2567 1011 2615 fort.
1035 2573 1141 2604 recte
1207 2566 1360 2603 obscure
1380 2566 1516 2603 dictum
1540 2566 1701 2603 Butleius

163 2620 309 2659 obscuri
330 2621 454 2660 dicuni
474 2624 573 2670 libri,
596 2626 672 2662 nisi
690 2626 793 2673 quod
811 2624 968 2661 obscuro
990 2623 1114 2661 dicunt
1135 2633 1224 2661 mss.
1240 2623 1414 2660 Merceri
1433 2622 1699 2658 obscuridicum

162 2678 366 2715 Mer-cerus
468 2680 520 2717 77
542 2680 606 2717 sed
630 2680 688 2718 ubi
708 2682 839 2718 cautim
862 2686 919 2718 est
939 2680 983 2716 ad
1005 2680 1158 2717 cundem
1180 2680 1317 2717 Bamb.
1420 2680 1471 2716 78
1500 2684 1536 2715 nt
1564 2679 1701 2716 Iunius

162 2733 204 2771 ad
223 2736 315 2772 libri
390 2736 606 2774 Alcimeonis
628 2740 781 2776 restitui
798 2740 835 2774 in
860 2737 1062 2775 Rieschelii
1080 2748 1214 2784 opusc.
1238 2737 1282 2774 Il
1302 2736 1383 2773 513
1407 2735 1588 2772 Almeonis
1608 2735 1697 2772 libri

163 2790 388 2829 Alcmeonis
410 2794 525 2842 nulqo
603 2796 772 2844 quoniam
795 2805 875 2831 esse
897 2794 1145 2831 neumae-onis
1173 2791 1178 2840 Ι
1207 2798 1241 2829 te
1273 2792 1418 2829 frmi-ein
1442 2796 1699 2838 temptauerae

164 2847 402 2886 Bitschelius
422 2861 556 2897 opusc.
581 2851 626 2888 ΙΙ
644 2851 726 2890 486
815 2850 956 2887 dedicas
984 2851 1065 2899 suit
1088 2853 1155 2898 qui
1170 2853 1407 2897 proponeret
1496 2847 1547 2884 79
1578 2848 1699 2884 simitu

164 2904 328 2942 Baebius
343 2904 367 2941 2
389 2907 516 2943 simeta
534 2908 625 2945 libri
644 2909 713 2945 siet
733 2909 887 2946 Vossius
907 2908 987 2943 siet.
1012 2907 1064 2943 Ab
1083 2907 1243 2943 Bolbius
1266 2906 1285 2942 1
1362 2915 1524 2941 meorum
1546 2904 1700 2942 Vossius

165 2971 290 2997 corum
320 2962 412 2999 libri
526 2964 624 3001 nulla
655 2965 858 3009 Heinsius,
897 2964 1057 3000 Bollaeius
1088 2963 1110 2999 2
1146 2962 1214 2999 una
1244 2962 1336 2998 libri
1363 2960 1422 2998 ina
1444 2961 1608 2999 Botbius
1629 2962 1648 2998 1

232 3031 383 3064 Rmutcx,
403 3031 509 3059 senen.
531 3033 642 3066 fragm.
1372 3041 1415 3071 10
