1942 3204
251 165 301 204 lsi
891 163 933 202 Q.
959 162 1135 195 ENNIVS

800 265 863 308 IV
885 263 1011 322 (Aah.
1032 264 1163 307 Arist.
1184 263 1231 321 2)

367 345 551 386 'Interea
582 344 784 385 mortales
815 343 928 384 inter
960 344 1050 384 sese
1083 344 1297 397 pugnant,
1328 342 1559 396 proeliant-

948 419 988 462 V
1010 417 1077 476 (3)

450 533 458 540 .
490 514 590 540 nam
624 496 818 540 consiliis
851 497 1082 551 obuarzint7
1115 496 1267 551 quibus

368 575 574 618 Concedit
604 575 777 617 Hector.

983 650 1048 693 VI

369 730 435 772 Ita
466 730 612 785 magni
644 729 799 770 fluctus
833 727 1096 770 eiciebantiir
1129 761 1137 769 .
1171 760 1179 768 .

968 804 1054 847 VII

284 886 335 926 10
1076 896 1286 922 summam
1316 883 1364 922 1:11
1395 881 1474 922 tibi

368 962 451 1003 Pro
484 962 596 1005 mala
621 961 712 1002 uita
743 960 904 1002 famam
924 959 1119 1014 extolles,
1149 959 1227 1013 pro
1254 958 1369 999 bona
1388 960 1556 1012 partam
1576 959 1775 1014 gloriam:

370 1039 484 1080 Male
516 1039 710 1079 uolentes
742 1037 902 1078 famam
933 1037 1112 1091 tollunt,
1142 1036 1250 1077 bene
1282 1036 1475 1077 uolentes
1507 1036 1699 1091 gloriam.

674 1118 962 1162 ACHILLES
994 1117 1350 1161 ARISTARCHI

372 1276 585 1331 Exsurge,
617 1289 789 1330 praeco:
821 1274 890 1315 faio
921 1274 1081 1328 populo
1113 1273 1385 1315 audientiam.

888 1351 911 1375 εἰς
1002 1380 1025 1404 2?-
1115 1351 1138 1375 :32

369 1429 583 1485 Silethue
615 1431 658 1471 et
687 1430 826 1470 tacete
858 1430 986 1483 atque
1018 1427 1207 1468 animum
1239 1427 1468 1469 aduortite:

284 1508 336 1550 15
368 1506 531 1549 Audire
562 1507 682 1548 iubet
711 1521 789 1548 uos
822 1503 1056 1560 imperator

938 1582 982 1624 II
1015 1580 1081 1638 (1)

372 1694 588 1703 ......
620 1661 788 1716 prolato
821 1674 917 1701 aere
949 1659 1087 1701 astitit

339 1770 389 1802 IV
409 1769 501 1803 Non.
519 1769 596 1809 472,
613 1770 656 1800 30
674 1767 929 1810 ‘proeliant
947 1767 1085 1799 Ennius
1102 1763 1246 1797 Achille
1262 1788 1269 1796 .
1285 1788 1292 1796 .
1308 1766 1336 1797 .’
1356 1762 1554 1806 (Achille
1573 1763 1775 1796 Aristar-

250 1814 321 1847 chi
346 1812 494 1855 Aldina)
590 1814 620 1845 V
644 1813 734 1848 Non.
763 1814 838 1850 147,
865 1813 907 1843 22
934 1812 1195 1852 ‘obuarare,
1222 1813 1450 1851 perum-tere,
1476 1809 1698 1851 depr-auare,
1724 1809 1775 1841 di—

251 1863 347 1892 ctum
370 1870 392 1891 a
415 1860 543 1891 uaris?
636 1858 687 1892 VI
712 1858 843 1890 Cicero
868 1857 905 1888 in
930 1857 1032 1888 Verr.
1063 1858 1135 1888 act.
1161 1856 1197 1887 II
1224 1856 1260 1896 1,
1288 1856 1329 1887 18
1360 1857 1457 1886 ‘tum
1488 1855 1608 1886 subito
1640 1858 1775 1897 tempe-

249 1909 365 1938 states
405 1907 551 1937 coortae
588 1906 672 1936 sunt
708 1903 908 1943 maximae,
944 1901 1104 1942 iudices,
1146 1903 1187 1932 ut
1222 1910 1294 1931 non
1330 1899 1432 1932 modo
1458 1898 1655 1941 proficisci,
1693 1910 1772 1931 cum

251 1953 421 1992 cuperet,
449 1948 645 1981 Dolabella
670 1958 742 1980 non
765 1950 907 1990 posset,
935 1945 996 1979 sed
1019 1946 1082 1978 uix
1106 1946 1143 1977 in
1169 1945 1302 1987 oppido
1328 1945 1563 1976 consisteret:
1588 1945 1663 1976 ita'
1687 1954 1716 1976 e.
1741 1955 1773 1987 q.

251 2006 279 2028 s.
322 1994 444 2027 Schol.
473 1994 629 2026 Gronou.
654 1993 693 2024 in
719 1993 742 2027 1.
771 1993 795 2025 1.
822 1994 912 2025 ‘ita
935 1991 1103 2033 magni’
1135 2001 1165 2026 e.
1193 2001 1226 2032 q.
1253 2001 1280 2023 s.
1329 1990 1519 2022 ‘Enniano
1544 1989 1773 2022 hemistichio
1804 2001 1821 2010 *

247 2050 335 2073 usus
366 2042 424 2072 est
456 2049 500 2071 ex
531 2049 575 2071 ea
606 2037 818 2080 tragoedia,
854 2047 947 2080 quae
979 2035 1140 2069 Achilles
1170 2034 1411 2070 inscribitur)
1512 2034 1579 2067 VII
1607 2034 1774 2067 Isidorus

251 2085 434 2120 different.
454 2085 519 2116 218
546 2084 663 2116 ‘inter
688 2083 822 2115 famam
848 2087 886 2116 et
903 2082 1076 2125 gloriam:
1101 2081 1216 2124 gloria
1234 2080 1370 2123 quippe
1386 2079 1560 2112 uirtutum
1578 2082 1646 2124 est,
1673 2080 1773 2112 fama

248 2140 334 2163 uero
357 2130 542 2163 uitiorum.
589 2129 729 2161 Ennius
754 2129 792 2160 in
816 2128 981 2161 Achille:
1007 2128 1201 2159 summam’
1226 2135 1255 2159 e.
1282 2136 1314 2168 q.
1333 2135 1362 2160 s,
1408 2125 1464 2157 Ex
1487 2125 1640 2157 incertis
1665 2125 1772 2158 fabu-

248 2175 296 2208 lis
323 2175 392 2208 huc
417 2175 547 2207 referri
571 2177 727 2217 possunt
750 2174 795 2206 fr.
821 2173 983 2213 1—V11;
1010 2172 1073 2205 sed
1097 2171 1182 2204 uide
1206 2171 1378 2203 Hectoris
1403 2170 1549 2205 Lustra.

319 2221 515 2253 Acmnnas
532 2219 762 2252 Ams'rAncm
779 2219 887 2251 immo
904 2219 1070 2251 Acuta-:s
1093 2217 1292 2249 Amserch
1310 2216 1328 2248 Ι
1343 2214 1499 2248 Plautus
1515 2214 1666 2247 Poenul.
1685 2215 1773 2258 prol.

250 2268 267 2298 1
295 2265 487 2299 ‘Achillem
506 2264 711 2298 Aristarchi
735 2264 824 2296 mihi
850 2264 1088 2297 commentari
1111 2262 1229 2294 lubet:
1255 2261 1344 2294 Inde
1368 2260 1457 2292 mihi
1473 2260 1692 2302 principium
1711 2271 1772 2293 car

249 2313 346 2354 piam
372 2321 416 2343 ex
436 2321 480 2343 ea
495 2310 699 2353 tragoedia.
726 2309 911 2352 sileteque
936 2333 1033 2342 .....
1058 2308 1256 2350 imperator
1279 2306 1480 2339 histricus.’
1508 2306 1549 2337 11
1569 2305 1772 2348 ‘Exsurge’

251 2369 283 2391 e.
302 2367 333 2398 q.
354 2366 382 2388 s.
475 2356 512 2389 II
535 2356 668 2389 Festus
692 2365 728 2398 p.
746 2355 811 2387 242
829 2356 878 2387 M.
906 2353 1108 2396 ‘prolato
1135 2361 1238 2384 aere
1262 2350 1417 2384 astitit
1439 2350 1582 2383 Ennius
1606 2350 1772 2382 Achillae

363 2463 386 2501 6
423 2464 559 2499 interea
597 2464 883 2500 Klussmannus
922 2460 1049 2511 (Jahn.
1088 2465 1123 2497 et
1160 2460 1289 2497 Klotz.
1319 2458 1457 2495 Annal.
1490 2456 1596 2495 1845
1636 2457 1771 2504 Suppl.

248 2533 287 2568 p.
321 2519 435 2567 328),
474 2520 746 2556 Lachmannus
783 2521 836 2556 ad
862 2519 980 2555 Lacr.
1011 2517 1058 2554 ΙΙ
1089 2517 1166 2554 118
1204 2517 1278 2552 inte
1307 2516 1397 2551 libri
1423 2515 1459 2550 in
1491 2519 1584 2550 terra
1615 2513 1772 2561 Maehly

336 2577 358 2613 7
391 2575 561 2612 consilius
593 2576 640 2612 W
711 2575 735 2612 8
767 2575 932 2612 concedit
952 2569 1104 2623 Hector]
1138 2578 1209 2609 tam
1241 2570 1404 2609 concedit
1435 2571 1490 2607 hic
1520 2569 1608 2606 ordo
1627 2571 1718 2606 libri

252 2634 305 2671 10
325 2644 379 2681 sq.
414 2632 604 2669 Seruatus
629 2633 814 2669 librorum
843 2634 1060 2679 scripturas
1089 2633 1144 2667 sic
1171 2631 1297 2666 metiri
1306 2644 1316 2663 .·
1353 2627 1525 2663 summam
1553 2630 1590 2662 lu
1622 2625 1684 2662 tihi
1705 2625 1770 2674 prb

250 2690 338 2726 mala
370 2689 446 2725 Vita
476 2689 603 2725 samam
634 2688 786 2725 extolles
817 2694 854 2725 et
882 2695 948 2737 pro
979 2687 1072 2723 bona
1101 2691 1259 2736 paratam
1289 2683 1441 2733 gloriam
1465 2683 1656 2729 Gepperto
1679 2683 1770 2730 pla-

251 2749 329 2783 cuit
366 2747 412 2783 de
443 2748 760 2793 pronuntiatione
797 2747 866 2782 lat.
906 2755 1017 2781 serm.
1049 2755 1093 2790 p.
1127 2742 1206 2779 112
1243 2743 1368 2778 deleta
1405 2741 1552 2787 quidem
1581 2742 1770 2776 concinna

251 2805 421 2839 colorum
453 2803 724 2850 aequabilitate
840 2806 875 2836 et
912 2812 979 2849 pro
1018 2799 1110 2836 bona
1144 2804 1301 2848 paratam
1330 2796 1505 2833 Isidorus
1621 2795 1671 2832 15
1702 2806 1769 2832 uos

255 2858 355 2895 iubet
388 2864 616 2895 transuerso
647 2860 778 2894 ordine
809 2859 982 2894 scrihere
1012 2867 1107 2903 opus
1136 2868 1210 2893 non
1242 2858 1328 2891 erat
