1942 3204
232 223 315 266 228
768 223 932 257 IVLIVS
1029 222 1218 256 SANTRA

838 325 1153 389 TEVTHRAS

351 406 614 448 Flsimmeam
646 421 721 460 per
754 405 946 447 aethram
977 405 1064 446 late
1095 403 1307 446 feruidam
1339 402 1455 446 ferri·
1472 404 1612 446 facem

860 498 1132 542 TEGMESA
1539 532 1541 534 .
1687 551 1689 553 q

351 578 513 621 Marius
546 578 795 621 Victorinus
826 576 848 619 I
879 593 921 633 p.
940 577 1056 620 2456
1076 576 1122 619 Ρ.
1154 574 1200 633 (8
1221 575 1289 634 G.)
1323 577 1465 618 ‘iuxta
1496 578 1640 618 autem
1670 590 1760 618 11011

232 656 454 711 ponebant
485 671 575 698 cm:
619 656 718 697 inde
750 669 829 697 nec
860 653 1114 696 Alcmenam
1152 653 1352 696 dicebant
1389 668 1468 696 nec
1501 652 1760 708 Teme-sam,
1800 638 1806 646 ²

234 733 307 774 sed
339 732 623 789 Alcumenam
657 731 715 789 [et
741 729 1056 788 Tecumesam];
1087 731 1186 773 inde
1212 730 1420 773 Alcumeo
1453 732 1496 772 et
1522 730 1762 772 Alcumena

235 808 293 866 [et
329 808 577 866 Tecumesa]
617 810 882 866 tragoediae3
926 809 1061 852 donec
1098 807 1233 850 Iulius
1271 806 1447 863 Caesar,
1483 808 1557 863 qui
1594 809 1638 849 et
1674 806 1762 850 Vo-

232 887 375 942 piscus
407 889 450 928 et
482 886 636 929 Strabo
669 889 712 928 eb
743 885 1016 942 Sesquiculus
1054 886 1192 928 dictus
1231 888 1313 941 est,
1349 886 1512 941 primus
1551 884 1602 926 de
1641 884 1761 926 Tec-

232 979 367 1006 mesa
411 964 582 1019 scripsit
626 963 895 1020 tragoediam
939 978 1061 1006 suam
1111 966 1158 1005 eh
1196 963 1243 1004 in
1292 977 1456 1025 scaena⁵
1489 961 1761 1018 pronuntiari

233 1041 383 1083 iussit?

679 1277 682 1282 ,
739 1214 1001 1258 NVPTIAE
1033 1212 1251 1257 BAGOHI

985 1291 1006 1334 I

1017 1363 1079 1405 ita
1110 1363 1331 1418 oppletum
1363 1376 1469 1404 sono

349 1439 561 1483 Furenter
593 1441 710 1483 omni
742 1455 767 1482 a
798 1441 919 1496 pzirte
951 1440 1187 1483 bacchatur
1217 1455 1381 1482 nemus,

494 1629 502 1638 .
565 1609 615 1637 ex
646 1595 807 1650 templo
841 1595 979 1637 excita
1011 1593 1158 1637 euadit
1187 1594 1259 1649 pia

352 1670 557 1714 Genetrix
590 1674 633 1714 et
664 1672 803 1714 omnis
835 1672 953 1714 uocis
985 1670 1182 1727 expergst
1212 1685 1332 1713 sono.

343 1767 550 1799 anrflRAs
575 1767 787 1800 Macrobius
819 1767 896 1802 Sat.
928 1766 978 1799 VI
1009 1767 1050 1808 4,
1085 1767 1127 1798 19
1159 1768 1219 1798 ‘et
1250 1765 1345 1808 quod
1377 1764 1486 1797 dixit:
1519 1774 1588 1796 1166
1619 1761 1761 1796 11161(1113

231 1812 392 1845 aethra
425 1812 578 1845 Siderea
611 1812 732 1854 polus,
765 1812 907 1844 Ennius
937 1812 1036 1854 prior
1067 1811 1211 1843 dixerat
1250 1835 1258 1843 .
1279 1835 1287 1843 .
1309 1835 1316 1842 .
1339 1835 1348 1844 .
1382 1813 1420 1842 et
1451 1809 1568 1842 Iulius
1598 1809 1636 1841 in
1666 1809 1761 1841 Teu-

233 1858 380 1890 thrante
405 1861 479 1890 ...'
581 1856 746 1898 (Iulius
772 1857 853 1890 edd.
882 1857 1012 1890 illius
1037 1856 1169 1889 salisb.
1196 1855 1306 1888 ilius
1332 1856 1446 1888 ceteri
1472 1855 1554 1887 libri
1654 1857 1761 1886 ·teu—

232 1906 383 1935 trante
410 1904 490 1935 Par.
1560 1898 1568 1903 ⁴

344 1901 523 1981 ‘ri-:cumin
547 1947 789 1980 Emendatum
817 1959 838 1980 a
863 1947 1066 1980 Ritschelio
1091 1946 1247 1979 maxime
1273 1943 1414 1988 (opusc.
1445 1945 1481 1978 II
1505 1944 1586 1987 475)
1611 1943 1762 1976 exhibui

233 1993 369 2034 locum,
408 2004 430 2026 a
461 2003 531 2036 quo
567 1993 671 2026 inde
707 2003 771 2035 pro
802 1993 984 2033 deinde,
1023 1992 1318 2035 supplementum
1354 1995 1398 2024 et
1433 1991 1760 2023 Teeumessam.

234 2040 344 2071 Porro
380 2038 656 2071 Alcumaeon
694 2041 737 2070 et
773 2038 1018 2070 Alcumena
1050 2036 1289 2079 exemplaria,
1327 2037 1399 2068 nisi
1431 2035 1528 2078 quod
1567 2034 1760 2067 alcume-

231 2094 311 2116 neo
342 2083 715 2124 Par.;A1eumaeo
749 2082 824 2126 (uel
862 2083 913 2116 de
943 2079 1268 2122 Alcumaeone)
1302 2084 1345 2113 et
1375 2081 1652 2113 Tecumessa
1683 2079 1762 2111 Rit-

233 2129 405 2161 schelius.
456 2126 658 2171 Sequentia
689 2123 817 2161 eode'm
851 2129 928 2162 fere
960 2128 1064 2160 modo
1100 2130 1142 2159 ut
1176 2126 1237 2158 hic
1268 2126 1355 2159 oiim
1385 2126 1524 2158 tacitus
1555 2124 1761 2157 edideram:

234 2174 380 2207 Iulius
412 2173 582 2206 Caesar
614 2174 688 2215 qui
718 2173 960 2216 Vopiscus,
998 2176 1042 2211 et
1074 2171 1254 2214 Strabo,
1287 2171 1360 2213 qui
1391 2174 1434 2203 et
1464 2168 1762 2212 Sesquiculus

235 2219 387 2252 dictus
417 2223 486 2252 est
509 2218 620 2262 uulgo
645 2218 791 2261 legitur.

325 2264 693 2299 SANTRAE,NVPT1A1‹:
719 2265 863 2296 BAccm
889 2264 1013 2299 INon.
1032 2264 1087 2305 78,
1103 2265 1147 2296 28
1172 2265 1278 2294 ‘nam
1303 2264 1340 2294 et
1364 2260 1539 2304 quidquid
1565 2260 1763 2293 uehemen-

234 2309 306 2341 tius
334 2312 590 2349 ammonetur,
623 2309 841 2342 bacchari
865 2308 1070 2342 uoluerunt.
1120 2310 1254 2340 santra
1277 2307 1463 2349 Nuptiis
1486 2305 1656 2339 Bacchi
1685 2306 1760 2337 ...’

235 2352 435 2397 (nuptiis
466 2354 592 2388 Vrbin.
623 2356 689 2388 307
719 2355 895 2388 nuntiis
933 2355 1048 2387 ceteri
1083 2353 1167 2386 libri
1198 2352 1394 2391 Bacchis
1431 2351 1535 2384 libri:
1571 2361 1619 2383 an
1649 2351 1762 2382 Bac-

235 2399 362 2432 cheis
391 2399 451 2432 uel
482 2398 769 2441 Bacehicis?)
907 2400 943 2432 ΙΙ
974 2399 1067 2432 Non.
1103 2399 1185 2437 104,
1220 2399 1268 2436 17,
1293 2400 1512 2439 ‘expergo
1543 2395 1762 2438 (expargo

349 2519 373 2556 3
396 2518 473 2555 'late
505 2519 728 2556 Scriuerius
757 2518 829 2556 alte
857 2519 948 2555 libri
1041 2528 1105 2566 per·
1135 2517 1279 2554 aethera
1311 2516 1381 2552 alte
1412 2515 1655 2552 Seritam-ius.-
1683 2514 1760 2550 sal-

235 2581 307 2612 tem
338 2576 518 2612 aetheram
549 2578 770 2623 scripsisset

350 2631 527 2668 SANTRA
560 2632 580 2667 1
615 2632 800 2680 oppletum
823 2631 1030 2668 Gulielmus
1058 2632 1097 2667 in
1122 2629 1260 2666 Cistell.
1284 2639 1372 2676 cap.
1395 2627 1421 2664 4
1452 2627 1656 2664 obsoletum
1674 2627 1765 2664 libri

349 2688 372 2724 2
404 2688 566 2724 serenter
584 2689 689 2725 Leid2
779 2689 874 2724 omni
905 2684 944 2738 a]
967 2686 1009 2723 ab
1031 2687 1126 2723 omni
1138 2686 1236 2723 libri
1311 2684 1454 2721 furente
1475 2683 1518 2720 ab
1539 2684 1636 2720 omni
1659 2683 1760 2719 Bue-

237 2746 415 2782 ehelerus
530 2755 654 2781 nemus
676 2745 813 2782 Aldina
844 2755 965 2780 nemes
1001 2744 1092 2780 libri
1127 2741 1241 2790 (mens
1279 2742 1314 2777 a}
1351 2751 1473 2777 nemes
1507 2739 1650 2786 Vrbin.)
1769 2738 1770 2743 ’

237 2802 260 2838 3
293 2801 455 2850 exemplo
487 2801 537 2837 W
626 2802 719 2837 excit
747 2802 838 2838 libri
866 2802 938 2837 exit
958 2799 1099 2837 Aldina
1168 2799 1250 2847 ,pia
1281 2797 1506 2841 Gulielmus,
1538 2797 1641 2844 quod
1666 2798 1759 2833 inle-

237 2861 306 2894 rim
338 2860 491 2904 recepi,
523 2860 611 2905 quia
642 2859 776 2894 melius
806 2869 880 2894 non
911 2858 1092 2904 suppetit.
1122 2866 1190 2904 qua
1219 2855 1309 2891 libri
1339 2860 1396 2890 [ua
1427 2854 1631 2890 Mereerus
1660 2852 1762 2900 quies

238 2916 321 2950 olim
355 2916 616 2950 eonieceram:
647 2926 696 2951 an
728 2914 833 2962 quia?
948 2912 974 2948 4
1005 2913 1167 2961 expargit
1200 2912 1327 2948 Vrbin.
