1942 3204
214 176 299 217 220
859 180 899 211 L.
927 176 1102 211 ATT1vs

633 307 714 348 Ex
757 306 1030 349 moneris
1073 305 1322 349 FABVLIS

841 384 862 425 1
895 382 1007 439 (Aa.
1043 382 1116 440 16)

333 465 458 507 Multi
490 466 626 521 iniqui
659 468 786 521 atque
818 465 1013 509 infideles
1044 468 1201 522 regno,
1233 466 1358 521 pauci
1388 466 1578 507 beniuoli

893 543 938 585 ΙΙ
970 541 1067 600 (15)

942 621 1104 676 fulguri
1135 620 1405 676 praeferuido

335 697 490 740 ‘Ardor
522 698 704 740 iniectus
736 698 915 739 Iunonis
947 698 1121 740 dextera
1151 697 1319 752 ingenti
1353 695 1515 762 incidit.

948 774 1015 816 III

217 851 326 893 653¹
346 851 462 893 Iouis
494 851 745 894 Dardanum
777 852 1026 908 progenuit,
1058 852 1218 894 Troum
1248 851 1496 906 Dardanus,

337 929 565 984 Trousque·
589 927 851 971 Assaracum
882 931 925 971 et
957 929 1082 971 'Ilum
1113 931 1156 970 et
1188 928 1447 970 Catamitum
1482 925 1649 984 [creat],

337 1005 464 1061 Capis
496 1007 547 1047 ex
578 1004 792 1048 Assaraco
855 1038 1291 1048 .......

339 1080 588 1138 [Alumento
622 1097 673 1125 ex
702 1081 784 1139 110]
820 1084 938 1125 satus
971 1083 1044 1138 qui
1076 1083 1227 1124 statuit
1257 1081 1532 1138 Pergamum,

335 1158 568 1202 Alumento
600 1159 836 1215 Priamum,
869 1159 997 1215 Capis
1030 1162 1173 1202 autem
1204 1158 1408 1201 Ancisem
1439 1159 1582 1201 edidit.

306 1276 363 1309 Ex
385 1277 463 1310 Inc-
488 1278 577 1311 Fan.
594 1278 612 1310 I
631 1277 761 1311 Cicero
788 1278 832 1311 de
857 1278 919 1311 off.
935 1277 991 1311 111
1007 1279 1062 1319 21,
1080 1278 1125 1310 84
1150 1280 1319 1320 ‘possunt
1343 1278 1439 1310 enim
1466 1278 1637 1320 cuiquam
1661 1288 1743 1311 esse

215 1321 329 1355 utiles
353 1333 532 1365 angores,
559 1323 848 1364 sollicitudines,
875 1323 995 1355 diurni
1020 1326 1057 1356 et
1073 1323 1243 1356 nocturni
1267 1325 1403 1363 metus,
1427 1323 1505 1355 uita
1528 1323 1743 1356 insidiarum

213 1367 531 1409 periculorumque
561 1368 796 1411 plenissima?
847 1369 1000 1401 Multi’
1034 1378 1065 1401 e.
1098 1378 1131 1411 q.
1158 1378 1187 1400 s.
1237 1368 1380 1410 ‘inquit
1408 1367 1555 1403 Accius.
1600 1371 1640 1401 at
1672 1369 1744 1401 cui

217 1414 380 1454 regno?
412 1413 527 1455 quod
559 1424 582 1446 a
614 1414 808 1446 Tantalo
840 1417 883 1447 et
913 1413 1086 1456 Pelope
1117 1413 1342 1456 proditum
1371 1413 1470 1446 iure
1507 1414 1743 1447 obtineba-

217 1460 316 1493 tur.’
365 1457 468 1490 Atrei
496 1461 560 1491 aut
584 1458 841 1501 Pelopidarum
867 1462 931 1492 aut
963 1458 1121 1492 conlatis
1154 1469 1199 1491 ex
1223 1458 1399 1500 Aeschyli
1421 1458 1547 1501 Agam.
1572 1460 1638 1492 807
1663 1469 1741 1502 sqq.

215 1502 483 1536 Clutemestrae
517 1503 682 1546 reliquiis
715 1503 887 1537 addenda
921 1509 1016 1537 sunt.
1146 1504 1183 1536 ΙΙ
1209 1503 1359 1537 Seruius
1390 1504 1429 1535 111
1452 1502 1541 1536 Aen.
1566 1505 1585 1537 Ι
1607 1505 1651 1536 42
1677 1503 1743 1537 ‘de

214 1548 365 1581 Iunonis
390 1548 542 1582 fulmine
570 1549 704 1582 Accius
728 1550 781 1582 ait
803 1574 810 1582 .
826 1574 833 1582 .
849 1552 878 1583 .’
905 1549 999 1582 Attii
1025 1548 1292 1582 Clutemestrae
1317 1549 1448 1582 tribuit
1470 1548 1664 1591 Bergkius.

215 1593 271 1626 111
297 1593 416 1626 Schol.
445 1594 650 1627 Bernensia
676 1593 722 1626 ad
738 1596 847 1637 Verg.
867 1605 923 1636 ge.
941 1594 959 1626 I
976 1595 1043 1627 502
1071 1595 1222 1627 ‘Accius
1248 1593 1373 1627 docet:
1397 1594 1608 1636 Iuppiter
1631 1594 1743 1627 Dar-

213 1637 370 1670 danum
395 1640 576 1681 genuit,
608 1639 845 1672 Dardanus
869 1640 1046 1682 Troum,
1080 1639 1221 1672 Trous
1244 1638 1509 1672 Assaracum
1541 1642 1584 1672 et
1613 1639 1744 1672 Ilium

215 1683 634 1728 Ganymedemqusg
661 1684 799 1727 Capis
825 1695 876 1717 ex
900 1685 1122 1717 Assaraco
1149 1686 1275 1718 satus
1299 1685 1374 1726 qui
1398 1685 1566 1717 statuit
1582 1684 1744 1727 Perga—

214 1739 342 1769 mum,
370 1729 627 1762 Laomedon
652 1730 871 1763 Priamum
897 1733 940 1762 et
964 1729 1206 1762 Anchisem
1230 1729 1406 1762 edidit.’
1438 1729 1575 1762 Eadem
1594 1729 1642 1762 ad
1665 1739 1745 1762 uer-

213 1774 298 1806 bum
325 1774 404 1806 fere
429 1774 544 1808 schol.
571 1775 674 1809 Leid.
703 1775 750 1808 ad
777 1775 801 1808 1.
826 1774 850 1807 l.
882 1776 922 1807 in
947 1774 1139 1817 Suringari
1168 1774 1253 1807 hist.
1288 1775 1369 1808 crit.
1403 1774 1514 1808 schol.
1539 1775 1576 1808 11
1605 1785 1639 1817 p.
1665 1776 1743 1813 347,

213 1819 286 1851 nisi
303 1820 398 1861 quod
422 1819 483 1852 hic
507 1820 621 1852 Ilum
647 1823 684 1853 et
710 1820 784 1863 qui
808 1821 1070 1863 Pergamum
1096 1820 1348 1852 construxit
1375 1822 1412 1852 et
1435 1819 1670 1852 Anchisen
1693 1820 1744 1852 le-

219 1864 330 1906 gitur.
363 1865 548 1898 Incertum
574 1868 631 1898 est
654 1865 692 1897 in
709 1866 812 1898 cuius
830 1876 875 1898 ex
899 1865 1023 1897 multis
1047 1865 1184 1897 fabulis
1208 1865 1347 1898 Troicis
1371 1865 1522 1907 prologo
1546 1864 1638 1897 haec
1661 1875 1743 1897 nar-

214 1913 296 1941 rata
323 1910 469 1944 fuerint.
503 1910 743 1943 Didascalica
767 1910 862 1943 Attii
887 1910 1124 1943 intellexerat
1138 1909 1328 1953 Philippus
1344 1911 1549 1952 Wagnerus
1576 1909 1621 1942 de
1638 1910 1742 1942 Iunio

215 1954 431 1998 Philargyro
457 1959 552 1998 part.
579 1956 616 1989 II
639 1967 674 1999 p.
699 1957 720 1989 9

213 2084 384 2111 sererent
415 2080 454 2111 tu
485 2080 521 2112 et
550 2086 687 2123 occupo
719 2075 836 2112 uerbo
863 2076 1016 2122 finirem
1044 2075 1283 2111 trochaicum
1309 2074 1585 2121 septenarium.

215 2130 293 2168 651
326 2130 494 2168 beneuoli
525 2132 852 2180 Stuerenburyius
889 2130 1048 2167 beniuoli
1078 2135 1165 2167 sunt
1194 2130 1315 2167 Bern.
1346 2141 1367 2167 c
1397 2129 1481 2167 boni
1512 2135 1596 2166 sunt
1625 2132 1746 2167 ceteri

212 2188 302 2224 libri
330 2193 416 2224 sunt
445 2188 529 2225 honi
560 2189 764 2225 Lambinus
877 2187 957 2223 Pro
987 2189 1229 2234 interpolatis
1257 2187 1372 2224 habet
1405 2187 1508 2235 pauci
1535 2185 1620 2223 boni
1656 2192 1743 2223 sunt

225 2244 348 2292 Vnyer
454 2245 534 2282 652
566 2245 702 2293 fulguri
731 2243 961 2292 praeseruido
994 2246 1137 2291 scripsi
1165 2243 1393 2292 praeferuido
1414 2243 1559 2291 fulgore
1581 2243 1742 2280 Seruius

216 2300 442 2348 praeferuido
465 2300 623 2351 Fulgore
645 2302 839 2350 Berylcius
859 2300 972 2338 Seru.
997 2300 1104 2337 Cass.
1123 2305 1231 2347 part.
1251 2300 1323 2337 ΙΙΙ
1337 2312 1377 2347 p.
1400 2299 1466 2337 19.
1497 2299 1654 2348 fulguris
1674 2311 1740 2336 no-

216 2359 351 2393 tionem
378 2359 554 2406 flayitari
573 2359 839 2395 Buechelerus
867 2367 1017 2405 quoque
1037 2358 1148 2402 uidit,
1180 2359 1248 2404 qui
1272 2356 1573 2404 praeferuidoque
1595 2355 1741 2404 fulgure

214 2415 374 2450 coniecit
475 2414 554 2451 653
586 2414 731 2451 dextera
762 2415 1027 2451 Buechelerus
1057 2413 1181 2450 dextra
1209 2414 1299 2450 libri
1326 2424 1346 2449 e
1376 2412 1500 2449 dextra
1529 2413 1741 2450 scribebam

298 2469 404 2506 ardor
434 2470 579 2507 lunonis
601 2470 724 2507 dextra
751 2471 902 2507 iniectus
932 2470 1072 2518 ingenti
1093 2470 1288 2518 Berqlcius
1387 2468 1466 2506 653
1480 2463 1493 2489 ¹
1515 2480 1597 2517 sqq.
1619 2468 1739 2506 Sena-

215 2528 360 2563 riorum
388 2527 553 2573 speciem
581 2538 680 2575 quae
707 2528 837 2564 uerbis
864 2526 965 2575 Capis
1002 2555 1011 2564 .
1039 2555 1046 2564 .
1073 2554 1081 2563 .
1120 2526 1333 2574 Pergamum
1365 2526 1569 2562 exhibetur
1591 2528 1741 2572 primus

215 2585 370 2631 uynouit
401 2584 451 2619 H.
475 2584 634 2632 Hayen,
670 2586 736 2631 qui
764 2586 802 2620 in
823 2584 1055 2620 scholiorum
1085 2584 1205 2619 Bern.
1230 2583 1390 2619 editione
1410 2580 1570 2629 (annall.
1589 2582 1737 2628 philoll.

215 2641 342 2685 suppl.
364 2638 428 2676 IV
442 2651 483 2686 p.
508 2639 603 2686 721)
625 2652 648 2676 α
669 2651 727 2677 me
748 2642 904 2688 refictos
925 2649 1064 2676 uersus
1089 2640 1303 2686 proposuit.
1335 2638 1422 2675 Non
1443 2637 1681 2685 Ganymedem
1704 2642 1740 2674 et

214 2695 441 2743 Laomedon,
470 2698 540 2733 sed
566 2695 778 2733 Catamitum
810 2701 846 2733 et
874 2695 1066 2733 Alumento
1089 2695 1229 2732 Attium
1256 2695 1402 2731 dixisse
1432 2698 1633 2731 monuerat
1656 2693 1739 2730 Rit-

215 2753 382 2789 schelius
409 2763 541 2799 opusc.
562 2753 607 2790 II
627 2752 722 2790 495.
756 2753 813 2789 De
843 2754 1003 2800 sinyulis
1017 2756 1181 2799 praeter
1209 2761 1274 2796 ea,
1306 2761 1406 2799 quae
1435 2761 1556 2797 supra
1581 2752 1737 2797 protuli,

218 2810 394 2845 testanda
415 2810 514 2845 haec
533 2814 634 2846 sunt.
667 2810 872 2847 E'oecidisse
887 2809 1152 2846 Laomedontis
1172 2818 1224 2845 ex
1243 2807 1303 2845 Ilo
1323 2811 1446 2844 ortum
1470 2811 1506 2843 et
1525 2808 1642 2853 illum,
1663 2801 1739 2844 hon

219 2864 353 2912 Capyn
385 2866 616 2903 conditorem
647 2866 828 2914 Peryumi
855 2867 1056 2902 dicendum
1088 2863 1214 2913 fuisse
1239 2865 1443 2911 perspexit
1471 2863 1678 2911 Hagyenus,
1701 2875 1738 2915 ‚a
