1942 3204
220 134 276 175 40
867 133 909 172 Q.
936 130 1115 164 ENvas

226 239 308 280 185
339 237 453 279 Na'tm
485 238 552 279 cui
589 237 703 291 quod
741 238 843 292 agat
881 234 1188 290 snsisstuizums’n,
1227 236 1346 277 millo
1381 233 1533 292 [quasi]
1570 235 1746 291 negotio

340 310 402 356 'Id
439 314 548 370 agit,
585 314 627 355 id
667 313 826 368 studet,
863 313 923 354 ibi
955 314 1142 354 mentem
1175 314 1302 366 atque
1342 311 1549 361 animum,
1566 312 1750 354 delectat

1074 379 1208 430 suumv.

390 454 562 510 ''Otioso
594 468 639 509 in
671 468 759 509 otio
793 467 960 509 animus
992 466 1128 508 nescit
1160 466 1261 520 quid.
1292 466 1407 507 uelit.

281 563 284 568 ¹
342 545 437 587 Hoc
468 545 579 586 idem
603 543 702 601 [hie]
737 546 818 586 est:
851 543 965 585 enim
995 544 1133 598 neque
1162 543 1276 585 domi
1308 557 1422 584 nune
1453 544 1532 585 nos
1564 557 1642 584 neo
1673 543 1747 584 mi-

1074 620 1192 661 litiae
1226 635 1388 662 sumus:

343 699 473 740 'Imus
503 699 606 753 huc,
644 698 746 739 hine
778 696 898 739 illuc:
937 712 1033 739 oum
1063 697 1164 738 illuc
1202 698 1378 738 uentum
1417 698 1498 751 est,
1534 696 1595 738 ire
1631 694 1751 738 illinc

1076 769 1212 815 lubet:

230 853 313 894 190
345 852 524 894 'Incertae
556 853 670 893 errat
701 851 888 907 {inimus7
917 853 1087 905 praeter
1117 852 1293 906 propter
1317 851 1459 892 'uitam
1490 849 1664 893 uiuitur.

229 998 297 1035 est,
324 994 361 1026 id
378 995 496 1036 ipsum
516 993 560 1026 de
579 1003 649 1035 quo
668 993 933 1035 quaerebatur’
960 991 1197 1032 (uocabulum
1222 993 1614 1036 praeterpropter)
1641 997 1652 1013 ‘
1666 993 1755 1026 scri-

227 1044 326 1083 ptum
354 1050 434 1072 esse
461 1042 498 1071 et
523 1050 545 1070 a
570 1038 819 1081 grammaticis
846 1038 1090 1070 contaminari
1120 1038 1237 1079 magis
1268 1037 1413 1070 solitum
1446 1049 1554 1081 quam
1579 1039 1756 1073 enarrari.

228 1085 400 1127 quocirca
426 1085 550 1116 statim
569 1083 726 1126 proferri
743 1083 1028 1126 Iphigeniam
1056 1084 1098 1123 Q.
1118 1083 1232 1114 Enni
1257 1083 1372 1115 iubet.
1399 1084 1442 1116 in
1459 1084 1552 1116 eius
1577 1087 1758 1126 tragoe-

230 1130 329 1162 diae
356 1130 492 1163 ehoro
517 1129 738 1170 inscriptos'
766 1127 977 1170 (seriptos7)
1004 1131 1106 1161 ‘esse
1132 1128 1199 1160 hos
1222 1137 1348 1161 uersus
1372 1128 1544 1171 legimus:
1571 1129 1662 1161 otio
1686 1154 1694 1162 .
1714 1153 1722 1161 .
1742 1154 1751 1162 .

228 1176 367 1207 uitam
393 1174 578 1206 uiuitur.
628 1174 694 1206 hoe
720 1174 773 1205 ibi
797 1173 931 1206 lectum
958 1180 1026 1205 est.
1074 1176 1150 1204 tum
1175 1172 1305 1206 deinde
1332 1174 1471 1206 Fronto
1502 1174 1548 1206 ad
1580 1184 1757 1216 gramma-

230 1221 342 1252 ticum
370 1221 442 1251 iam
469 1219 669 1252 labentem:
697 1219 900 1259 audistine,
928 1218 1067 1259 inquit,
1093 1218 1271 1260 magister
1295 1219 1448 1260 optime,
1475 1219 1631 1251 Ennium
1657 1222 1758 1252 tuum

231 1265 368 1297 dixisse
394 1267 771 1307 praeterpropter
796 1267 833 1296 et
859 1273 940 1296 cum
966 1263 1151 1296 sententia
1178 1263 1323 1305 quidem
1356 1264 1440 1306 tali,
1474 1264 1574 1306 quali
1602 1264 1759 1301 seueris-

229 1310 342 1342 simae
381 1309 676 1352 philosophorum
702 1319 782 1341 esse
815 1308 1093 1350 obiurgationes
1124 1308 1269 1341 solent?
1309 1309 1465 1350 petimus
1497 1310 1611 1352 igitur
1642 1308 1758 1350 dicas,

231 1355 402 1398 quoniam
429 1354 473 1386 de
492 1355 661 1387 Enniano
687 1354 758 1386 iam
775 1354 887 1386 uerbo
906 1353 1103 1396 quaeritur,
1130 1353 1215 1395 quid
1241 1353 1288 1386 sit
1313 1357 1431 1386 motus
1456 1354 1608 1387 huiusce
1631 1364 1760 1387 uersus

230 1410 362 1434 sensus
389 1397 505 1443 [190]’
532 1410 564 1433 e.
591 1410 624 1442 q.
650 1409 680 1432 s.
730 1399 895 1431 Contulit
920 1398 1102 1441 Bergkius
1126 1398 1169 1430 de
1204 1398 1333 1441 fragm.
1361 1399 1468 1442 Soph.
1495 1411 1528 1442 p.
1555 1400 1596 1431 15
1622 1409 1667 1431 ex
1693 1399 1757 1432 So-

234 1445 376 1489 phoclits
402 1445 596 1487 Iphigenia
621 1444 664 1479 fr.
691 1445 756 1477 5287
782 1445 823 1477 N.
852 1442 970 1477 τίκτει
994 1438 1067 1486 ’γὰρ
1092 1437 1210 1476 οὐδὲν
1235 1438 1375 1478 ἐσθλὸν)
1401 1442 1531 1478 senata
1556 1440 1684 1488 σχολή.

232 1636 288 1672 cui
319 1640 376 1671 est
410 1646 444 1670 n.
479 1635 512 1670 in
544 1634 644 1670 nullo
677 1635 825 1683 negotio
858 1635 1052 1683 Berylcius
1081 1637 1106 1672 l.
1128 1637 1154 1671 l.
1179 1647 1219 1682 p.
1242 1636 1302 1671 XI
1316 1637 1345 1671 V
1374 1635 1523 1683 quamde
1553 1635 1609 1671 eui
1641 1641 1695 1672 est
1725 1647 1761 1675 n.

230 1693 266 1728 in
298 1692 447 1739 negotio
479 1692 576 1727 idem
607 1703 696 1727 (ιηη.
725 1692 872 1737 philoll.
908 1691 1009 1728 1861
1043 1703 1081 1738 p.
1106 1692 1188 1729 630
1218 1691 1283 1727 otii
1314 1693 1430 1727 minus
1461 1703 1565 1739 quam
1595 1703 1674 1728 cum
1705 1698 1762 1727 est

231 1760 266 1784 n.
298 1748 333 1783 in
365 1752 399 1783 n.
431 1749 515 1786 uel.-
546 1758 651 1795 quam
683 1758 764 1783 eum
795 1749 875 1796 quis
907 1748 1100 1795 negotioso
1133 1747 1240 1784 suerit
1270 1748 1306 1783 in
1337 1747 1486 1796 negotio
1530 1749 1684 1784 Vossius

235 1803 312 1841 185
343 1804 392 1840 In
423 1814 516 1849 ras„
551 1805 621 1840 sed
649 1816 671 1839 α
698 1815 839 1851 pr.m.‚
886 1805 988 1841 Voss.
1076 1804 1176 1840 nullo
1207 1805 1356 1852 negotio
1387 1806 1502 1852 uulyo
1533 1804 1568 1840 in
1601 1803 1661 1840 illo
1693 1815 1758 1840 ne-

232 1861 333 1909 gotio
377 1861 479 1897 Voss.
519 1862 654 1906 minor,
694 1862 796 1907 quod
831 1865 873 1897 ut
909 1862 1095 1908 ylossema
1127 1862 1236 1897 uocis
1272 1859 1320 1895 ihi
1351 1872 1388 1896 u.
1424 1860 1502 1898 186
1534 1861 1608 1896 eici
1635 1863 1758 1897 suasit

245 1917 437 1954 Vulzlenus
473 1927 568 1952 mus.
599 1917 724 1953 Rken.
755 1917 861 1953 XIV
888 1916 968 1953 565
1007 1916 1044 1952 in
1082 1916 1144 1952 illo
1183 1917 1367 1964 negotium
1406 1917 1578 1964 Franeq.
1617 1917 1654 1953 in
1689 1916 1759 1952 illis

233 1970 382 2021 negotiii
412 1973 508 2020 Req.
540 1973 645 2008 Voss.
677 1975 813 2018 maior,
843 1975 883 2009 in
913 1973 1051 2020 quibus
1081 1972 1128 2008 nil
1160 1973 1229 2008 nisi
1249 1973 1435 2020 negotium
1456 1974 1580 2009 latere
1601 1974 1761 2010 Herlzio

232 2030 387 2065 uidetur
416 2029 445 2064 is
467 2028 567 2064 nullo
598 2029 747 2077 negotio
781 2029 934 2066 Vossius
962 2040 1036 2065 non
1066 2028 1141 2064 ullo
1172 2040 1206 2064 n.
1231 2029 1483 2066 Hermunnus
1513 2029 1542 2064 is
1573 2029 1759 2077 negotium

233 2086 428 2134 Berylcius
464 2085 499 2120 in
537 2084 629 2121 diem
669 2085 856 2132 negotium
898 2086 1091 2122 Vahlenus
1128 2087 1167 2120 in
1206 2086 1379 2122 editionis
1415 2085 1546 2132 praef.
1583 2097 1622 2132 p.
1654 2085 1764 2121 XIII

232 2141 383 2190 ningulo
409 2141 572 2188 ‚negotio
596 2141 790 2189 Berylcius
820 2154 909 2178 ann.
933 2142 1081 2188 philon.
1107 2141 1211 2178 1861
1241 2153 1282 2188 p.
1306 2141 1405 2187 630,
1436 2142 1611 2189 fortasse
1641 2145 1760 2177 reete.

351 2198 429 2235 186
460 2198 574 2245 agitat
616 2198 720 2234 Voss.
760 2198 834 2246 agit
871 2200 992 2234 celeri
1019 2198 1110 2234 libri
1254 2197 1332 2235 187
1363 2199 1478 2234 nescit
1508 2198 1593 2246 quid
1623 2197 1758 2233 sactum

236 2253 312 2303 (uel
343 2251 503 2302 quidem)
536 2253 625 2290 uelit
666 2253 830 2290 Vossius*
850 2254 1004 2290 hominis
1035 2254 1149 2290 nescit
1180 2253 1263 2302 quid
1295 2253 1385 2290 uelit
1406 2253 1658 2291 Hermannus

238 2309 318 2347 188
358 2310 427 2347 hoc
465 2309 580 2357 idem,
620 2322 691 2347 om.
731 2311 810 2356 hic,
854 2311 944 2347 libri
985 2311 1042 2346 hic
1079 2309 1200 2346 itidem
1240 2312 1325 2347 olim
1361 2311 1541 2347 dederam
1588 2310 1657 2346 hoc
1696 2309 1762 2345 hac

235 2366 379 2413 itidem,
418 2377 488 2402 om.
529 2371 604 2409 est,
645 2367 806 2403 Botlzius
919 2367 1012 2402 enim
1049 2377 1167 2414 neque
1207 2366 1315 2403 Grai.
1356 2379 1402 2403 m.
1443 2368 1510 2403 alt.
1551 2377 1607 2402 em
1644 2376 1761 2413 neque

238 2423 345 2459 Grac.
385 2434 432 2458 m.
473 2433 535 2467 pr.
579 2423 679 2459 Voss.
710 2425 831 2459 minor
860 2424 1031 2470 Franeq.
1062 2422 1180 2470 Mayt.
1218 2433 1334 2470 neque
1377 2423 1480 2459 Voss.
1520 2424 1642 2458 maior
1681 2433 1759 2457 nam

240 2489 359 2527 neque
394 2478 646 2516 Her-mannus
675 2479 778 2525 hem,
817 2490 935 2527 neque
960 2479 1156 2527 Berylcius
1313 2479 1391 2516 189
1422 2480 1514 2514 imus
1545 2491 1613 2515 om.
1657 2478 1759 2514 Voss.

236 2537 360 2572 maior
439 2535 535 2570 hunc
554 2535 650 2583 Rey.
683 2537 787 2572 Voss.
809 2538 932 2572 maior
1006 2536 1089 2572 hinc
1119 2535 1204 2571 illuc
1229 2537 1406 2583 plerique
1435 2536 1526 2571 libri
1553 2534 1636 2571 hinc
1664 2533 1763 2570 illinc

248 2592 352 2628 Voss.
385 2593 509 2628 maior
538 2590 624 2628 illuc
654 2592 736 2628 hinc
766 2592 874 2639 Rey„
898 2593 1043 2638 probat
1073 2603 1157 2628 eum
1186 2592 1220 2628 I.
1253 2592 1445 2628 Gronouio
1475 2591 1661 2628 Herlzius

237 2649 291 2683 ire
322 2659 393 2684 om.
435 2648 539 2685 Voss.
570 2649 693 2685 maior
797 2647 882 2684 illuc
910 2647 1035 2696 Re9.‚>
1057 2649 1241 2685 Hertzius
1344 2647 1443 2683 iubet
1472 2648 1562 2684 libri
1585 2648 1762 2694 plerique

239 2713 367 2741 omnes
397 2708 438 2740 ut
468 2704 567 2751 uid,
606 2706 692 2741 olim
729 2707 767 2740 in
807 2706 889 2740 edd.
924 2709 1140 2741 correctum
1257 2703 1337 2741 190
1366 2704 1438 2739 uita
1471 2703 1683 2740 Salmasius
1712 2704 1765 2739 ad

239 2760 355 2797 Solin.
384 2772 424 2807 p.
448 2759 528 2797 879
608 2759 751 2804 Quibus
780 2763 946 2808 quinque
968 2763 1127 2807 priores
1155 2771 1295 2797 uersus
1320 2759 1537 2798 183-—187
1569 2760 1761 2795 dimensus

241 2821 295 2852 est
316 2815 512 2864 Berylcius
541 2828 720 2854 numeros
749 2818 895 2854 duobus
923 2819 1065 2854 retinui
1095 2817 1174 2853 183
1198 2821 1233 2852 el
1257 2816 1347 2853 187.
1395 2859 1398 2862 Α
