1942 3204
345 167 428 205 XVI
470 192 479 198 „
881 200 883 203 .
931 167 1283 207 COROLLARIVM

347 280 489 335 opust'
522 277 592 335 (ef.
612 276 792 334 Turpilii
818 293 855 322 v.
882 278 939 321 34
965 291 1094 335 supra
1112 259 1384 336 ‘laudatumk
1415 293 1494 323 nee
1528 280 1729 326 abhorret
1754 280 1874 339 quod-

351 352 396 393 in
426 349 549 392 Nelei
577 350 763 392 carmine
795 350 953 406 legitur
985 349 1035 391 fr.
1066 348 1087 391 I
1120 353 1190 392 ‘en
1221 363 1424 406 umquam
1449 363 1616 396 numero
1646 355 1775 397 matri
1805 345 1866 397 fa-

349 423 507 464 ciemus
527 421 708 476 volup?
747 420 807 462 At
826 422 983 463 falsum
1011 421 1126 476 quod
1150 420 1451 463 Fleckeisenus
1471 422 1517 464 in
1541 422 1870 479 Amphitruonis

350 508 386 534 v.
422 492 505 534 180
543 491 715 547 repetiit
756 495 866 534 esum
898 506 998 534 vero
1031 507 1128 534 vere
1160 492 1354 535 verbero:
1391 507 1493 534 nam
1529 507 1696 538 numero
1726 497 1785 538 mi
1821 482 1868 539 in

348 565 535 604 mentem
566 562 666 617 fuit,
704 562 781 604 Dis
814 562 1112 605 advenientem
1144 563 1305 619 gratias
1343 579 1421 619 pro
1453 565 1615 607 meritis
1648 580 1774 622 agere
1805 570 1866 609 at-

349 649 429 688 que
462 633 660 687 adloqui?
724 633 955 689 Vituperat
986 649 1030 676 se
1067 635 1158 689 ipse
1191 632 1314 676 Sosia
1352 635 1466 689 quod
1496 637 1678 678 woradum
1710 637 1792 679 sibi
1821 638 1868 680 in

347 707 534 746 mentem
572 704 690 745 venit
727 705 888 759 gratias
922 705 986 747 dis
1023 705 1193 747 referre.
1245 704 1297 746 In
1334 705 1542 755 Palatinis
1581 709 1724 749 autem
1759 722 1868 751 wmw

347 789 460 826 uero,
507 789 597 817 non
638 789 738 817 nam
780 789 948 818 numero
993 776 1199 830 scriptum
1249 778 1381 818 extat:
1406 777 1742 820 -restituendum
1783 779 1867 822 fuit

348 851 462 887 ‘mma
492 845 606 887 verbo
637 836 706 887 mi
726 846 772 888 in
802 849 990 888 mentem
1020 846 1104 906 fuit
1136 846 1199 888 dis
1234 880 1241 887 .
1270 880 1279 888 .
1311 848 1471 902 gratias
1505 882 1512 889 .
1540 882 1548 889 .
1581 863 1707 905 agere
1740 852 1867 905 atque

348 916 572 971 adloqui?'

465 986 533 1028 Ad
565 1002 602 1029 v.
635 987 691 1028 62
728 986 936 1042 Iosephus
978 981 1174 1042 Kleinius
1212 990 1395 1030 testatur
1434 990 1612 1031 trionum
1650 993 1793 1033 extare
1825 995 1868 1034 et

346 1058 392 1099 in
424 1056 785 1112 Sangermanensi
823 1059 965 1100 codiee
1005 1074 1046 1100 n
1079 1059 1183 1115 805,
1220 1060 1294 1114 qui
1324 1074 1440 1101 nune
1470 1059 1690 1103 Parisinus
1726 1063 1865 1105 13027

348 1169 561 1224 signatur,
593 1169 666 1210 et
653 1184 699 1210 111
718 1168 1139 1226 Wolfenbuttelano,
1171 1170 1378 1223 trionsslm
1408 1171 1453 1211 in
1472 1170 1739 1227 Monacensi‚
1770 1163 1879 1214 two-¹

346 1254 437 1281 nem
469 1239 514 1281 in
544 1239 740 1281 Parisino
777 1240 929 1282 10291.
980 1239 1234 1283 Oomoediae
1265 1240 1380 1283 huno
1406 1242 1661 1284 versiculum
1692 1245 1868 1298 propter

347 1311 551 1366 ambages
582 1310 809 1353 verborum
840 1311 960 1354 nolui
992 1310 1190 1353 tribuere.

465 1522 594 1578 Apud
630 1522 868 1565 ENNIVM
912 1523 1104 1565 nondum
1148 1526 1264 1566 certo
1302 1524 1547 1565 restitutum
1585 1527 1650 1566 est
1685 1524 1866 1568 Achillis
1925 1569 1930 1572 ,

347 1596 397 1636 fr.
428 1594 468 1636 V
508 1593 565 1650 (v.
598 1595 622 1635 7
657 1592 749 1650 sq.).
810 1594 875 1636 Ae
912 1595 1096 1649 primum
1135 1594 1305 1650 quidem
1343 1595 1455 1649 quod
1493 1596 1606 1637 inter
1640 1596 1786 1650 quibus
1824 1599 1868 1639 et

347 1666 523 1707 comedit
565 1665 769 1719 seriptum
808 1667 924 1706 extat
968 1668 1052 1706 tam
1095 1665 1234 1720 possis
1278 1666 1550 1720 interpretari
1595 1669 1746 1718 tamen,
1787 1681 1867 1709 nee

348 1752 455 1791 opus
493 1738 585 1777 erat
622 1735 682 1776 sie
719 1724 894 1790 mutari,
937 1738 986 1777 ut
1023 1736 1159 1777 voluit
1195 1735 1389 1778 Vossius.
1451 1735 1533 1778 Sed
1571 1739 1741 1792 recepta
1785 1737 1866 1779 hae

347 1808 500 1850 vocula
536 1807 581 1847 in
612 1821 759 1848 versus
797 1807 920 1848 initio
952 1806 1157 1848 trochaici
1188 1806 1300 1848 fiunt
1330 1807 1513 1861 numeri,
1552 1808 1623 1861 qui
1655 1807 1708 1848 ad
1747 1809 1864 1849 ante-

347 1878 567 1920 cedentem
603 1877 744 1919 minus
783 1877 1091 1919 accommodati
1129 1879 1247 1931 sunt3
1291 1891 1427 1931 neque
1466 1878 1580 1919 enim
1619 1880 1686 1918 sat
1725 1878 1867 1932 placet

348 1964 539 1990 caesura:

607 2017 627 2060 .'
642 2053 651 2060 .
677 2053 686 2060 .
713 2053 720 2060 .
748 2018 768 2060 .‘
784 2052 793 2060 .
817 2033 919 2060 nam
941 2017 946 2075 Ι
968 2018 1159 2060 consiliis
1191 2018 1421 2074 obuarzint,
1453 2018 1607 2073 quibus

345 2103 501 2145 Melius
533 2102 726 2157 profecto
750 2102 890 2143 'iambi
922 2103 1095 2143 current
1124 2101 1187 2142 hi:

595 2185 692 2227 iam
723 2185 820 2226 iam
853 2184 1048 2227 coneedit

347 2267 428 2309 Sed
466 2268 669 2322 quoniam
706 2269 899 2309 extrema
931 2268 989 2308 sie
1026 2267 1185 2308 tradita
1216 2269 1333 2308 sunt:
1370 2265 1435 2307 hate
1465 2267 1588 2320 ordo‚.
1611 2265 1771 2307 exitum
1802 2281 1863 2308 se-

345 2339 454 2380 narii
485 2339 601 2380 hune
632 2338 720 2379 fere
752 2341 856 2393 puto
888 2338 1036 2379 fuisse:
1068 2337 1248 2379 Hector
1277 2338 1415 2378 corde
1442 2337 1572 2389 ferreo
1604 2337 1670 2378 vel
1707 2337 1865 2388 callido,

346 2410 372 2450 i.
403 2424 436 2450 e.
469 2409 679 2463 prudenti.
742 2397 932 2452 Consilia
970 2410 1114 2450 autem
1145 2408 1321 2450 deorum
1354 2408 1389 2449 si
1421 2407 1711 2462 intellegenda
1748 2409 1862 2462 sunt,

344 2480 527 2521 fortasse
563 2480 682 2521 deum
718 2478 805 2535 (vel
835 2494 935 2522 nam
972 2480 1090 2520 deum
1120 2479 1186 2521 vel
1220 2478 1395 2520 Troiani
1417 2479 1573 2532 patris,
1609 2477 1723 2520 Iovis
1755 2476 1865 2533 scil.)

345 2551 525 2593 consiliis
557 2535 785 2605 scripserat
815 2550 995 2592 Ennius.
1055 2549 1174 2605 Ergo
1205 2550 1328 2604 haee,
1367 2550 1402 2591 si
1432 2548 1712 2604 probabiliter
1742 2548 1862 2589 resti-

344 2624 439 2663 tuta
471 2623 588 2675 sunt,

575 2692 784 2734 Troiani
816 2693 978 2747 patris
1011 2690 1200 2733 consiliis
1233 2691 1462 2746 obuarant7
1493 2690 1646 2744 quibus

575 2763 671 2804 iam
703 2763 801 2804 iam
832 2763 1027 2804 coneedit
1057 2762 1218 2804 He‘ctor
1250 2761 1399 2804 eorde
1431 2758 1620 2802 callido

345 2835 462 2876 velut
493 2850 517 2875 a
548 2833 741 2875 Minerva
768 2834 824 2875 >de
856 2833 1052 2875 Troianis
1090 2834 1173 2875 diei
1203 2834 1420 2888 poterant,
1458 2831 1530 2886 qui
1559 2830 1700 2885 fugati
1733 2831 1863 2872 semel
