1942 3204
221 167 277 209 64
861 171 906 212 Q.
930 171 1110 206 ENNIVS

876 266 962 317 VH
994 273 1091 332 (36)

340 383 515 392 .....
547 350 596 393 ul'
624 351 924 406 patefecerunt
954 351 1132 408 Bruges.

863 440 972 483 VIII
1005 439 1102 498 (10)

1128 517 1282 560 hehae!
1315 543 1370 548 ——

339 593 449 650 'Ipse
482 594 642 649 clipeus
674 594 836 636 cecidit.

774 669 838 713 IX
870 668 987 727 (Pac.
1006 671 1117 714 Med.
1137 670 1184 728 8)

221 748 307 790 335
339 782 347 790 .
381 782 389 789 .
423 782 430 789 .
462 750 586 791 tueor
617 749 660 790 te
693 747 850 791 senex?
887 763 965 804 pro
997 748 1206 804 Iuppiter!

870 825 911 867 X
943 824 1030 882 (Ai.
1051 824 1098 883 2)

930 902 1041 944 Aiax

220 946 306 1047 ἐξῇ
341 978 466 1037 [Hoc]
500 981 645 1022 himen
676 979 898 1022 iubarnest
929 980 1042 1035 quod
1075 979 1121 1022 1'11
1154 981 1270 1023 caelo
1303 981 1460 1024 cerno?

883 1062 946 1105 XI
979 1061 1076 1119 (11)

339 1139 578 1183 Salmacida
611 1141 748 1196 spolia
780 1139 872 1182 sine
904 1141 1057 1183 sudore
1089 1143 1131 1182 et
1163 1142 1372 1198 sanguine

325 1271 396 1305 VII
422 1270 551 1304 Cicero
577 1274 667 1304 orat.
692 1271 753 1309 48,
781 1272 845 1305 160
870 1272 1044 1304 ‘Burrum
1070 1282 1213 1314 semper
1236 1272 1393 1313 Ennius,
1418 1282 1611 1315 numquam
1637 1274 1745 1316 Pyrr-

221 1317 323 1356 hum3
340 1317 436 1359 uip
453 1316 494 1347 B.
500 1326 598 1358 ,non
615 1295 798 1359 Phryges.
825 1317 972 1360 ipsius
998 1317 1176 1359 antiqui
1202 1316 1444 1350 declaiant
1468 1318 1601 1353 libri?
1633 1319 1744 1361 Quin-

222 1361 378 1394 tilianus
408 1363 425 1395 I
448 1363 555 1403 4,15
587 1361 669 1394 ‘sed
700 1362 729 1394 B
761 1371 906 1404 quoque
937 1363 975 1394 111
1003 1361 1124 1395 10611111
1157 1361 1310 1394 aliarum
1340 1362 1502 1396 dedimus
1533 1363 1743 1407 aliquando,

223 1407 318 1439 unde
343 1406 482 1439 Burrus
508 1410 545 1439 et
568 1407 743 1449 Bruges
770 1410 806 1439 et
830 1407 997 1442 Belenass
1093 1406 1182 1440 VIII
1209 1408 1324 1440 Varro
1349 1407 1391 1440 de
1415 1407 1438 1441 l.
1465 1408 1508 1443 L.
1533 1408 1603 1442 VII
1627 1410 1670 1442 93
1693 1409 1742 1443 Μ.

219 1455 359 1485 ‘euax
384 1453 536 1485 uerbum
561 1451 654 1484 nihil
678 1451 881 1494 significat,
914 1453 978 1485 sed
1005 1452 1199 1485 effutitium
1225 1452 1446 1486 naturaliter
1470 1457 1544 1495 est,
1573 1459 1615 1486 ut
1646 1454 1743 1497 apud

217 1497 373 1529 Ennium
398 1521 406 1529 .
421 1522 430 1531 .
462 1498 707 1540 ’Anonymue
732 1497 775 1530 de
801 1498 922 1530 dubiis
946 1497 1152 1530 nominibus
1176 1498 1215 1530 in
1235 1497 1350 1530 Keilii
1374 1508 1524 1540 gramm
1546 1499 1742 1532 Latt.u01.

220 1543 247 1575 V
273 1543 392 1586 p.574
423 1542 973 1585 ε01196118,11,ν1>,11.111686.,111;
995 1543 1154 1575 Ε11111118·
1182 1542 1317 1576 cecidit
1340 1542 1508 1585 clipeus)
1544 1544 1742 1578 Patricolis

218 1587 368 1621 caedem
400 1588 438 1620 in
469 1588 644 1620 Hectoris
675 1586 783 1620 lutris
811 1588 955 1621 narrari
978 1587 1115 1620 Achilli
1145 1588 1260 1620 statui
1289 1588 1383 1621 conl.
1405 1589 1558 1622 Homeri
1588 1589 1630 1624 11.
1655 1589 1742 1623 XVI

216 1633 293 1666 803.
394 1633 445 1666 IX
470 1632 588 1665 varro
614 1633 658 1665 116
683 1632 707 1667 l.
732 1633 775 1665 L.
798 1633 867 1666 VII
901 1634 941 1666 12
966 1633 1012 1667 M.
1045 1634 1188 1666 ‘tueri
1219 1633 1289 1666 duo
1322 1633 1524 1676 significat,
1554 1644 1664 1667 unum
1694 1635 1740 1668 ab

215 1681 368 1721 aspectu
392 1682 433 1710 ut
457 1678 543 1719 dixi,
571 1677 666 1710 unde
685 1681 742 1710 est
766 1678 881 1711 Enni
905 1678 1013 1711 illud:
1038 1681 1166 1711 tueor’
1193 1689 1222 1713 6.
1242 1689 1275 1721 q.
1292 1689 1320 1715 8.
1347 1677 1493 1719 (6111111
1517 1678 1631 1712 illud
1655 1680 1740 1714 Par.

216 1734 238 1756 a
263 1724 377 1756 enim
400 1723 516 1755 illud
536 1722 643 1756 Goth.
659 1722 780 1756 Haun.
802 1723 875 1756 eni
901 1723 1015 1756 illud
1032 1723 1133 1758 Flor.
1158 1723 1278 1756 illud
1295 1723 1378 1758 Par.
1398 1724 1435 1763 b)
1453 1724 1600 1757 Priamo
1616 1724 1740 1757 Achil-

215 1769 285 1801 lem
311 1769 349 1800 in
374 1768 504 1801 eadem
536 1767 664 1801 fabula
695 1768 816 1802 dicere
840 1769 993 1804 conieci.
1101 1769 1134 1801 X
1158 1768 1274 1802 Varro
1299 1768 1343 1802 de
1367 1768 1390 1801 1.
1415 1770 1458 1802 L.
1483 1770 1534 1803 VI
1559 1770 1579 1802 6
1603 1770 1652 1801 M.
1679 1773 1741 1802 ‘ut

213 1818 299 1846 ante
333 1811 446 1846 solem
478 1816 614 1855 ortum,
655 1813 751 1855 quod
790 1813 918 1847 eadem
955 1813 1067 1846 stella
1103 1817 1259 1846 uocatur
1293 1813 1439 1852 iubar,
1474 1814 1570 1856 quod
1609 1814 1739 1847 iubata

220 1884 228 1892 .
251 1884 258 1892 .
278 1883 286 1892 .
317 1859 507 1891 Ennius:
532 1859 666 1891 Aiax'
693 1859 849 1899 (Ennii
879 1859 990 1891 Aiax
1015 1858 1199 1892 Vahlenus
1230 1860 1268 1891 in
1293 1858 1470 1897 editione,
1502 1860 1738 1892 Ennianus

213 1905 322 1936 Aiax
354 1904 451 1936 idem
479 1914 568 1936 mus.
593 1903 708 1936 Rhen.
732 1903 818 1937 XVI
842 1905 926 1944 578,
958 1904 1068 1936 ualde
1100 1904 1246 1947 quidem
1273 1903 1538 1946 probabiliter.)
1569 1904 1737 1938 ‘lumen’

214 1960 247 1983 e.
271 1959 306 1991 q.
332 1958 360 1981 8.
387 1948 438 1990 (a)
470 1948 611 1982 Ibidem
635 1949 685 1981 VI
709 1949 751 1982 81
777 1950 825 1984 Μ.
859 1952 1014 1982 ‘cerno
1038 1949 1134 1982 idem
1158 1949 1275 1982 ualetz
1303 1949 1430 1991 itaque
1455 1959 1520 1992 pro
1544 1949 1655 1982 uideo
1681 1950 1738 1983 ait

213 1995 371 2027 Ennius:
398 1994 537 2026 lumen'
565 2005 596 2026 e.
624 2004 656 2036 q.
684 2004 713 2029 8.
739 1993 792 2036 (b)
818 1993 958 2027 Ibidem
984 1994 1053 2027 VII
1077 1995 1120 2027 76
1144 1995 1192 2028 M.
1227 1993 1396 2037 ‘aliquod
1427 1993 1570 2027 lumen’
1595 2005 1626 2030 e.
1652 2005 1685 2038 q.
1711 2005 1738 2030 s.

215 2040 368 2072 ‘iubar
399 2039 536 2071 dicitur
566 2038 674 2072 stella
704 2039 867 2082 Lucifer,
900 2049 1012 2082 quase
1050 2039 1088 2071 in
1125 2042 1282 2072 summo’
1315 2039 1377 2080 (cf.
1410 2039 1668 2073 Lachmannus
1699 2040 1737 2072 in

212 2085 322 2117 Lucr.
346 2085 384 2117 ΙΙ
409 2084 489 2127 291)
522 2084 634 2126 ‘quod
663 2084 777 2117 habet
806 2084 926 2117 lumen
951 2084 1120 2117 diffusum
1145 2087 1186 2116 ut
1209 2084 1266 2117 leo
1292 2085 1329 2116 in
1360 2085 1482 2126 capite
1505 2085 1656 2118 iubam.'
1683 2084 1735 2126 (0)

212 2131 260 2162 Et
284 2130 354 2163 boc
379 2133 416 2163 et
439 2139 597 2172 sequens
622 2129 867 2172 fragmentum
892 2129 938 2162 ad
962 2129 1112 2163 Aiacem
1136 2129 1276 2163 rettuli.
1374 2129 1426 2162 XI
1449 2130 1585 2163 Festus
1609 2141 1643 2173 p.
1669 2131 1735 2163 329

213 2176 262 2211 M.
288 2174 533 2208 ‘Salmacis
557 2175 701 2208 nomine
727 2174 885 2217 nympha
903 2174 1008 2207 Caeli
1034 2178 1071 2207 et
1087 2175 1220 2207 Terrae
1245 2173 1322 2207 filia
1347 2174 1464 2207 fertur
1488 2185 1599 2208 causa
1622 2175 1737 2208 fontis

212 2220 449 2253 Halicarnasi
480 2230 598 2263 aquae
630 2219 876 2263 appellandae
912 2220 1027 2253 fuisse
1057 2219 1296 2261 Salmacidis,
1333 2230 1440 2262 quam
1471 2221 1533 2262 qui
1562 2220 1733 2263 bibisset,

325 2357 406 2395 332
437 2357 575 2407 Fruges
617 2358 732 2395 Viteb.
763 2358 904 2395 Dresd.
926 2358 1035 2394 Eius.
1058 2357 1133 2394 Cic.
1222 2361 1304 2406 pate
1334 2356 1498 2394 fecerunt
1527 2359 1735 2405 dispescuit

221 2414 436 2452 Vahlenus:
466 2414 521 2462 cf.
550 2414 824 2451 Lachmannus
854 2415 907 2450 ccd
934 2414 1051 2454 Luer.
1083 2413 1154 2451 III
1180 2413 1260 2452 906
1348 2412 1429 2450 335
1459 2414 1594 2462 iupiter
1622 2413 1731 2451 Flor.

325 2470 405 2508 336
437 2483 493 2519 sq.
535 2470 628 2508 Olim
658 2472 942 2508 antecedentem
972 2480 1129 2508 uersum
1159 2471 1244 2507 Aiax
1274 2472 1453 2507 uocatiuo
1483 2472 1628 2516 clausi,
1666 2471 1735 2506 sed

211 2541 249 2565 u.
281 2539 405 2575 supra
492 2528 561 2564 hoc
591 2529 721 2564 addidi
804 2527 924 2563 lumen
954 2526 1101 2563 iubarne
1135 2527 1170 2563 in
1210 2526 1307 2575 06610
1338 2536 1447 2563 cerno
1479 2527 1500 2563 b
1521 2531 1622 2572 eta,
1660 2528 1735 2562 nisi

211 2586 313 2632 quod
339 2585 392 2621 ibi
418 2587 457 2621 in
489 2585 659 2621 omnibus
677 2589 839 2630 praeter
859 2584 992 2620 Haun.
1024 2582 1171 2620 iubarue
1190 2585 1341 2631 leyitur.
1407 2581 1551 2630 aliquod
1584 2581 1734 2630 (aliquot

212 2637 331 2688 Goth.)
354 2641 475 2677 lumen
496 2640 644 2677 iubarne
665 2641 700 2676 in
721 2640 818 2677 caelo
839 2651 948 2676 cerno
971 2650 992 2676 c
1022 2638 1166 2687 aliquod
1187 2639 1308 2675 lumen
1335 2638 1341 2686 Ι
1372 2658 1417 2664 -
1450 2637 1552 2674 1111161·
1581 2637 1733 2674 6111168ιῖ

213 2718 262 2724 ——·
295 2698 329 2733 in
361 2697 459 2734 caelo
491 2708 599 2733 cerno
631 2701 868 2744 anapaestos
891 2698 1096 2743 proposuit
1139 2696 1329 2733 Vahlenus
1357 2705 1453 2731 mus.
1485 2694 1608 2731 Rhen.
1630 2694 1735 2731 XVI

211 2754 291 2790 579
409 2753 489 2791 338
521 2753 714 2789 Salmacida
748 2753 862 2801 spolia
893 2752 1070 2801 Scaliqer
1098 2752 1204 2789 Leet.
1234 2752 1375 2788 Auson.
1407 2749 1431 2786 Ι
1459 2749 1511 2787 28
1542 2750 1597 2798 cf.
1632 2751 1731 2787 Tur-

210 2811 329 2846 nebus
348 2811 444 2847 Adu.
467 2810 547 2846 XX
559 2809 657 2847 VIII
675 2809 726 2846 39
758 2808 929 2845 86111160111
961 2808 1097 2857 aspona
1129 2810 1210 2845 cod.
1232 2808 1339 2844 Festi
1366 2806 1514 2854 Salmaci
1545 2806 1587 2842 116
1617 2807 1729 2855 spolia

211 2869 322 2914 uulyo
411 2866 543 2902 sudore
575 2859 816 2914 et'sanguine
847 2865 980 2902 Cicero
1010 2866 1183 2913 sanguine
1213 2869 1249 2901 et
1279 2863 1411 2900 sudore
1442 2864 1582 2899 Festus

1925 3072 1942 3204 ’'ziwfsstm
1932 3019 1939 3054 *δ’
1936 2994 1942 3007 i,
