1942 3204
786 246 827 279 L.
851 246 1030 281 A'rrxvs
1060 223 1064 227 ’
1608 247 1684 290 211

853 352 893 396 V
926 350 995 410 (3)

273 427 365 471 Aut
396 429 523 485 sae'pe
556 444 606 472 ex
638 430 789 472 humili
823 430 923 473 sede
955 429 1140 473 sublima
1171 431 1328 474 euolat.

628 553 636 558 ,
841 507 904 551 VI
936 506 1005 566 (4)

274 582 427 640 Neque
465 585 554 627 tilla
584 585 749 628 interea
780 583 886 628 finis
918 588 1118 629 curarum
1149 586 1286 629 datur.

829 662 917 706 VH
948 661 1016 722 (6)

272 738 407 782 Salsis
439 754 634 783 cruorem
666 741 802 797 guttis
834 741 1109 784 lacrimanim
1140 742 1261 785 lauit.

817 818 926 862 VIII
958 817 1027 877 (9)

273 894 327 938 Se
365 895 544 938 uenenis
577 896 766 939 sterilem
804 911 897 938 esse
934 897 1051 939 illius
1083 898 1215 953 opera
1247 900 1291 940 et
1321 898 1534 942 medicina
1565 902 1688 942 alitu-

1228 990 1353 1018 mans

838 1033 903 1077 IX
935 1031 1004 1092 (8)

998 1126 1163 1168 quaeue
1196 1113 1403 1170 adgnatio

151 1189 240 1232 580
271 1187 374 1232 Tibi
402 1194 666 1246 congenerat
696 1190 876 1246 gentum
908 1192 985 1232 aut
1015 1203 1223 1247 generum
1255 1189 1492 1234 adfinitas?

733 1295 1102 1340 PHOENJSSAE

859 1373 882 1418 Ι
914 1372 985 1433 (8)

269 1451 343 1496 Sol
374 1450 454 1509 qul'
480 1453 714 1495 micantem
745 1452 929 1495 candido
960 1467 1088 1495 curru
1119 1440 1249 1509 atque
1281 1454 1402 1510 equis

240 1560 273 1593 V
296 1559 390 1592 Non.
412 1561 498 1601 489,
524 1561 545 1593 5
577 1559 795 1593 ‘sublima
819 1570 884 1603 pro
909 1559 1088 1594 sublimis.
1129 1561 1262 1594 Accius
1288 1561 1434 1595 Finidis
1459 1587 1467 1595 .
1483 1565 1535 1595 ..’
1638 1563 1687 1595 VI

149 1605 244 1638 Non.
273 1606 359 1647 205,
386 1606 429 1639 10
454 1605 615 1638 ‘finem
640 1630 648 1638 .
663 1630 671 1638 .
686 1630 695 1639 .
718 1606 898 1638 feminino
921 1629 930 1638 .
945 1630 953 1638 .
968 1630 977 1640 .
1000 1606 1134 1640 Accius
1158 1606 1305 1640 Finidis
1329 1632 1358 1640 ..
1374 1611 1403 1640 .'
1499 1608 1568 1641 VII
1593 1607 1686 1640 Non.

149 1652 235 1690 503,
259 1651 303 1684 27
330 1650 471 1683 ‘lauit
495 1661 560 1694 pro
586 1650 692 1684 lauat
717 1676 724 1683 .
743 1676 752 1685 .
775 1676 785 1685 .
806 1651 939 1685 Accius
963 1651 1109 1684 Finidis
1133 1677 1141 1685 .
1163 1676 1172 1686 .
1192 1655 1222 1684 .’
1324 1652 1410 1687 VIII
1434 1653 1527 1686 Non.
1553 1654 1615 1695 20,
1642 1655 1686 1686 29

150 1696 441 1730 ‘medicinam
471 1695 627 1729 dicimus
657 1700 695 1729 et
723 1706 926 1737 uenenum;
958 1699 1115 1730 tractum
1149 1708 1172 1730 a
1198 1699 1369 1738 Graecis,
1404 1699 1466 1741 qui
1499 1709 1685 1732 uenenum

150 1742 340 1774 farmacon
366 1740 572 1785 appellant.
612 1742 746 1775 Accius
771 1741 915 1774 Finidis
939 1766 946 1774 .
968 1766 975 1774 .
996 1744 1024 1776 .‘
1067 1742 1302 1784 (Finisdis
1327 1743 1434 1776 Leid.
1462 1743 1687 1777 Phoenis-

148 1787 211 1820 sis
236 1786 385 1826 Aldina)
500 1787 554 1820 IX
578 1787 669 1821 Non.
696 1789 756 1826 84,
781 1788 826 1821 28
857 1790 1163 1830 ‘congenerat
1193 1785 1250 1822 est
1281 1788 1468 1833 adiungit,
1505 1788 1684 1823 adsociat.

148 1832 285 1866 Accius
309 1831 456 1866 Fidinis
479 1857 487 1865 .
502 1857 510 1865 .
525 1836 555 1866 .’

237 1877 479 1911 Pnonmssan
503 1876 746 1920 (Ponmssaa)
770 1878 789 1911 1
813 1878 1026 1912 Priscianus
1051 1878 1098 1912 de
1123 1880 1251 1912 metris
1275 1879 1357 1915 Ter.
1376 1891 1411 1923 p.
1432 1880 1519 1914 1325
1535 1879 1576 1912 Ρ.
1601 1882 1685 1913 ‘nec

147 1923 264 1956 solum
294 1923 426 1956 comici
457 1923 704 1958 huiuscemodi
729 1927 814 1957 sunt
844 1924 902 1957 usi
926 1924 1074 1966 iambis,
1105 1925 1173 1958 sed
1198 1924 1310 1958 etiam
1340 1925 1475 1968 tragici
1499 1926 1680 1959 uetustis-

147 2045 418 2088 Passeratius.
449 2043 724 2082 Lachmannus
753 2046 792 2080 in
823 2043 939 2082 Lacr.
962 2043 1034 2081 ΙΙΙ
1053 2043 1130 2082 172
1162 2043 1339 2094 abtorque
1369 2045 1460 2082 libri
1546 2046 1683 2094 pror-im

156 2102 205 2139 W
230 2112 399 2151 prorem,
428 2111 633 2149 suprascr.
665 2112 706 2147 a,
738 2101 841 2138 Leid.
874 2111 1017 2150 proram
1049 2104 1173 2139 celeri
1197 2102 1289 2139 libri
1318 2101 1372 2150 cf.
1405 2102 1684 2139 Lachmannus

146 2161 186 2196 in
216 2159 333 2204 Lucr.
353 2158 402 2195 II
418 2157 499 2195 553
601 2169 709 2207 supra
741 2157 845 2195 Leia.
940 2157 1022 2196 576
1053 2158 1219 2195 sublimia
1249 2158 1372 2196 euolat
1401 2158 1539 2196 Bamb.
1571 2158 1685 2195 subli-

146 2225 223 2252 mae
254 2214 426 2252 aduolant
447 2214 624 2263 Scaziqer
652 2213 826 2251 sublimae
855 2214 1003 2252 euolant
1024 2215 1189 2253 Bolhius
1275 2215 1356 2253 577
1389 2227 1556 2253 curarum
1580 2215 1683 2251 Buc-

144 2272 327 2310 caeteras
355 2283 458 2309 curas
487 2271 578 2308 libri
587 2272 702 2312 ,curai
725 2271 889 2309 Botbius
1004 2272 1086 2311 578
1118 2273 1231 2322 guttit
1270 2272 1318 2309 W
1436 2272 1517 2310 579
1550 2283 1589 2309 se
1621 2283 1684 2308 ue-

146 2329 249 2366 nenis
281 2328 547 2366 Buecheler-us
577 2329 721 2365 seuenis
750 2328 840 2366 libri
867 2329 898 2364 si
928 2330 1061 2366 ueneni
1083 2330 1239 2367 Grotius
1260 2329 1359 2367 Bibl.
1392 2331 1479 2366 crit.
1511 2340 1600 2366 nou.
1623 2328 1688 2366 IV

146 2385 335 2423 sementim
356 2385 563 2423 Men-erus
581 2385 720 2422 seueris
744 2386 906 2423 Bothius
926 2387 1003 2423 eius
1023 2387 1174 2423 uenenis
1196 2388 1282 2424 olim
1301 2387 1445 2434 scripsi
1520 2391 1557 2423 et
1578 2386 1683 2423 Mer-

146 2452 262 2480 cerus
290 2446 325 2478 st
352 2441 447 2480 libri
468 2443 647 2491 plerique
675 2440 764 2479 sunt
794 2442 923 2480 Vrbin.
945 2442 1026 2481 307
1058 2448 1114 2480 est
1143 2443 1246 2481 Leia.
1350 2449 1515 2480 autumas
1550 2443 1680 2480 Vrbin.

146 2498 226 2537 307
257 2503 444 2536 autumant
465 2499 627 2537 Bolbius
732 2498 816 2537 580
846 2499 906 2536 An
937 2500 1101 2549 quaene?
1194 2500 1366 2549 adgnatio
1398 2500 1678 2545 Machaerus,

144 2557 213 2604 qui
239 2558 417 2593 senarios
436 2558 606 2606 aqnouie.
635 2555 781 2604 aurare,
808 2556 982 2604 priores
998 2557 1125 2594 deleta
1148 2561 1184 2594 et
1202 2567 1406 2605 suprascr.
1430 2569 1468 2606 g,
1500 2567 1565 2594 ms.
1599 2556 1683 2593 Vic-

145 2617 218 2650 lor.
249 2613 298 2650 W
324 2612 465 2662 atgrafo
494 2614 617 2651 celeri
642 2612 732 2651 libri
768 2611 922 2651 Adrasto
951 2614 1110 2662 Iunius,
1147 2616 1214 2662 qui
1249 2614 1408 2651 debebat
1444 2615 1579 2650 sallem
1611 2612 1683 2648 Ad-

145 2674 281 2706 rastum
301 2671 364 2707 uel
384 2668 536 2707 Adraste
566 2671 753 2707 scribere.
786 2669 984 2718 adgrauato
1007 2670 1170 2708 Bolhius
1194 2670 1229 2707 1.
1265 2669 1431 2718 Operam
1449 2670 1588 2716 perdet
1616 2672 1684 2716 qui

146 2733 280 2763 nonaen
306 2728 510 2774 proprium
542 2725 586 2775 (e.
610 2737 643 2763 c.
665 2727 832 2764 Acastum
863 2726 1101 2777 Ascalaphum
1132 2726 1350 2776 Aphareum)
1380 2730 1560 2774 quaerat.
1602 2725 1682 2763 Nec

146 2784 268 2830 maqis
300 2782 501 2831 probabile
545 2784 643 2821 duco
687 2785 789 2833 quod
827 2783 908 2831 fuit
947 2785 1014 2833 qui
1046 2788 1285 2832 proponeret
1326 2793 1500 2831 quaenam
1540 2780 1679 2820 Graios.

147 2837 285 2887 Inepte
314 2850 404 2888 quae
434 2850 562 2887 aueas,
592 2845 699 2890 grato
732 2840 893 2878 Bothius
921 2839 945 2877 2
1068 2841 1298 2890 congeminet
1333 2839 1492 2875 Botliius
1522 2837 1546 2874 2

150 2899 303 2944 gentum
331 2896 439 2934 haud
465 2898 560 2934 nolit
592 2897 795 2935 Bolbiusl
831 2898 993 2946 gentium
1023 2898 1115 2935 libri
1228 2894 1322 2931 haud
1353 2894 1575 2943 degenerum
1606 2896 1682 2934 Bo·

148 2952 249 2991 thius
277 2950 302 2988 2
419 2951 498 2991 581
532 2953 601 2991 soli
632 2954 695 3003 qui
725 2952 851 2991 Prisc.
883 2954 988 2991 Leid.
1022 2954 1053 2991 V
1164 2953 1352 2989 micantem
1389 2950 1540 2989 candido
1570 2962 1681 2990 curru

1325 3028 1394 3065 14?
