1942 3204
230 125 291 159 XL
818 120 1167 174 coRoLLARWM

229 234 336 287 eius,
375 233 446 288 qui
478 234 526 273 ut
567 233 766 286 parerent
796 230 950 273 Achivi
981 229 1108 272 iussis
1140 243 1285 271 curare
1317 230 1516 285 debebat,
1548 232 1607 274 sic
1638 233 1750 275 locu-

230 306 299 345 tus
331 305 415 345 est:
448 302 661 358 agendum
694 302 799 344 mihi
830 303 960 357 prout
990 300 1246 355 imperatum
1278 302 1354 343 est.
1392 300 1455 344 Cf.
1475 301 1617 345 Plauti
1636 302 1751 346 Trin.

228 374 313 416 303
348 377 441 428 ‘pro
472 373 650 428 imperio
689 375 764 414 tuo
796 372 939 414 Meum
972 372 1163 414 animum
1198 371 1278 413 tibi
1318 363 1564 415 servitutem
1596 374 1751 416 servire

231 459 412 500 aequom
439 444 613 486 censui?
652 442 867 499 Amphitr.
888 444 941 485 21
977 443 1070 498 ‘pro
1096 442 1275 497 imperio
1301 442 1422 484 vobis
1449 444 1561 499 quod
1592 444 1751 487 dictum

228 516 338 557 foret
369 514 514 557 Scibat
550 516 765 558 facturos?
824 514 946 564 Quod
985 513 1020 556 'si
1051 513 1112 555 ita
1149 527 1193 555 se
1230 513 1378 568 habet,
1418 515 1638 570 sequentia
1668 519 1752 570 aut,

228 588 276 627 ut
312 586 478 628 custodi
517 586 707 641 corporis
746 585 838 627 dari
881 585 1066 639 possint,
1103 599 1200 626 cum
1231 583 1487 639 *Hermanno
1531 586 1752 630 scribenda

229 659 329 698 sunt
358 658 430 711 qui
459 660 586 708 uetat,
619 658 694 698 aut
725 656 797 697 alii
828 655 1073 711 tribuenda,
1105 655 1178 711 qui
1203 670 1299 697 cum
1324 656 1514 698 nondum
1546 659 1613 699 sat
1643 658 1752 700 clare

228 741 376 783 regum
414 728 465 769 de
503 723 591 769 non
629 727 870 782 sepeliendo
909 725 1053 769 Aiacis
1092 726 1294 768 cadavere
1334 727 1519 782 edictum
1550 728 1620 770 ille
1657 743 1753 783 pro-

230 798 510 852 nuntiaverit,
548 813 644 840 cum
682 797 978 854 indignatione
1017 800 1211 853 quaerat,
1256 797 1351 853 quis
1389 799 1563 841 tandem
1601 800 1754 842 audeat

228 872 382 912 vetare.
444 869 557 911 Nam
588 869 658 911 ille
690 868 958 924 pronominis
988 869 1081 923 quis
1112 883 1232 923 usus,
1264 883 1390 924 quem
1421 869 1467 911 in
1498 870 1637 925 prisco
1669 885 1753 913 ser-

229 955 354 983 mone
386 940 553 983 notavit
583 940 633 983 R.
663 940 899 982 Schoellius
930 938 1056 995 (legis
1087 939 1172 981 XII
1203 940 1445 982 tabularum
1478 941 1564 983 rell.
1595 957 1635 996 p.
1669 942 1755 998 75),

229 1014 356 1068 plane
388 1028 413 1054 a
452 1000 600 1054 nostro
636 1012 730 1053 loco
769 1011 932 1053 alienus
969 1013 1052 1065 est,
1091 1010 1293 1066 quoniam
1330 1011 1375 1052 in
1406 1011 1520 1054 illius
1551 1013 1754 1068 exemplis

231 1084 429 1126 omnibus
467 1098 554 1125 non
585 1085 675 1125 tam
712 1082 890 1124 relativa
935 1097 1062 1138 quam
1107 1082 1436 1138 interrogativae
1480 1083 1668 1126 notionis
1705 1099 1755 1126 ea

231 1155 391 1209 species
429 1156 599 1209 regnat,
643 1153 710 1195 cui
749 1153 974 1209 ‘quisquis’
1013 1154 1079 1196 vel
1116 1153 1169 1195 ‘si
1213 1153 1322 1208 quis’
1363 1153 1563 1196 substitui
1609 1155 1755 1208 possit.

231 1227 323 1268 Iam
375 1225 659 1280 interroganti
715 1224 777 1266 illi
828 1224 914 1267 sive
966 1224 1128 1266 Teucro
1178 1224 1266 1266 sive
1316 1224 1564 1268 Tecmessae
1616 1227 1757 1281 potuit

231 1299 374 1339 custos
408 1311 509 1338 sane
550 1296 742 1338 acerbius
774 1310 978 1350 reponere
1009 1296 1153 1350 quisue
1182 1296 1356 1339 attolat?
1394 1295 1647 1351 dedignatus
1679 1297 1754 1339 sci-

232 1369 330 1410 licet
361 1367 628 1422 respondere.
690 1366 825 1417 Quem
862 1367 1008 1408 tamen
1039 1381 1127 1408 non
1159 1367 1447 1422 coniunctivo,
1485 1367 1558 1409 sed
1590 1370 1664 1410 aut
1693 1368 1754 1410 in-

233 1440 415 1482 dicativo
436 1441 510 1480 aut
534 1439 678 1480 futuro
698 1438 760 1480 uti
785 1452 864 1493 par
882 1439 985 1479 erat.
1022 1437 1173 1493 Itaque
1193 1437 1461 1480 Tecmessam
1487 1439 1553 1480 vel
1573 1439 1756 1481 amicum

233 1511 383 1553 Teucri
427 1511 691 1565 interrogare
735 1508 915 1551 conieci:
960 1508 1076 1564 ‘quis
1119 1510 1236 1551 vetat
1274 1509 1377 1564 quin
1414 1524 1568 1564 corpus
1611 1508 1756 1552 Aiacis

234 1583 404 1626 attollat
440 1582 571 1624 frater
602 1580 742 1622 eius‘?'
807 1579 1076 1636 Quamquam
1106 1595 1195 1622 non
1226 1581 1316 1622 tam
1353 1580 1592 1636 attollendi,
1629 1596 1758 1637 quam

234 1654 409 1697 curandi
454 1651 663 1695 condendi
707 1651 938 1706 sepeliendi
982 1652 1158 1693 verbum
1201 1653 1415 1706 expectes:
1460 1652 1532 1693 sed
1576 1652 1756 1695 fortasse

234 1726 462 1781 repetitum
494 1723 598 1766 illud
624 1737 674 1764 ex
701 1722 886 1764 ministri
918 1722 1111 1765 oratione
1143 1737 1321 1765 acumen
1353 1722 1565 1778 quoddam
1596 1723 1756 1766 habuit.

235 1798 433 1840 Ceterum
452 1795 599 1839 attolat
629 1793 741 1850 quod
767 1793 1072 1836 Buechelerum
1099 1796 1267 1836 secutus
1287 1793 1437 1849 scripsi
1462 1809 1593 1848 prope
1612 1794 1757 1849 paeni-

236 1871 308 1910 tet.
371 1866 576 1910 Confudit
612 1865 727 1906 enim
764 1863 931 1907 Nonius
970 1865 1052 1907 duo
1084 1865 1230 1920 verba,
1267 1864 1418 1907 attala&
1448 1865 1654 1907 aoristum
1685 1866 1755 1908 ad-

235 1938 399 1981 serendi
429 1937 605 1979 notione
637 1937 888 1990 usurpatum
920 1951 946 1977 a
976 1935 1160 1978 Pacuvio
1191 1950 1228 1977 v.
1263 1935 1347 1978 228
1380 1938 1423 1977 et
1453 1934 1592 1977 Novio
1624 1950 1661 1977 v.
1687 1937 1755 1991 87,

236 2012 280 2052 et
310 2010 489 2051 alterum
528 2007 641 2062 quod
672 2008 738 2048 est
768 2006 929 2062 erigere
955 2007 1120 2069 ,levaret
1157 2007 1239 2048 hoc
1277 2008 1419 2048 autem
1455 2006 1616 2049 attollat
1657 2006 1756 2048 dici-

237 2085 316 2123 tur.
377 2079 494 2134 Ergo
539 2080 613 2119 aut
654 2077 699 2119 in
744 2077 959 2134 sequentis
1002 2092 1148 2120 versus
1185 2077 1355 2119 initium
1396 2079 1470 2132 qui
1507 2092 1558 2119 ne
1598 2078 1759 2120 attollat

237 2150 579 2195 transferendum
618 2151 692 2191 aut
734 2149 914 2191 abstulat
949 2149 1208 2204 audendum,
1251 2149 1365 2205 quod
1407 2149 1547 2204 ipsum
1591 2163 1757 2204 quoque

239 2224 291 2266 ad
322 2222 459 2266 nostri
489 2221 572 2263 loci
605 2220 862 2263 sententiam
894 2219 1085 2277 quadrat.

357 2317 540 2360 Versum
572 2315 629 2358 53
661 2316 714 2357 ad
746 2314 896 2358 Naevii
927 2331 964 2357 v.
996 2315 1053 2357 43
1085 2330 1125 2370 p.
1143 2314 1263 2374 >XIII
1294 2314 1429 2370 tetigi.

356 2411 408 2454 V.
441 2411 508 2453 54.
569 2409 751 2453 Conlato
789 2425 840 2451 ex
871 2409 1060 2451 Terentii
1092 2409 1145 2451 ad
1176 2409 1375 2463 hecyram
1407 2410 1586 2465 prologo
1617 2397 1756 2465 priore

238 2500 274 2526 v.
301 2485 329 2525 4
361 2483 438 2524 ‘ita
469 2481 652 2536 populus
679 2481 818 2523 studio
851 2480 1061 2535 stupidus'
1093 2479 1310 2522 Usenerus
1335 2479 1405 2522 hic
1431 2495 1598 2536 quoque
1622 2481 1757 2522 studio

239 2554 405 2607 stupida
435 2552 716 2594 commendat.

358 2635 409 2677 V.
442 2636 498 2677 93
529 2636 660 2677 talem
691 2649 805 2677 nunc
835 2634 1020 2676 ederem:

431 2719 568 2761 mater
598 2704 789 2760 terrast
815 2733 824 2758 :
849 2717 988 2772 parit
1017 2717 1138 2759 haec
1169 2731 1340 2771 corpus,
1372 2716 1559 2758 animam

1150 2789 1334 2840 [autem
1366 2789 1481 2829 aeter
1511 2786 1696 2842 adiugat.
