1942 3204
295 216 377 259 256
611 216 679 249 EX
701 215 929 249 INCERTIS
947 196 1272 248 ‘INOERTORVM
1297 213 1500 248 FABVLIS

898 319 1085 363 LXXVI
1117 317 1214 376 (67)

412 399 563 442 Habeo
596 399 735 441 istanc
766 412 846 454 ego
878 397 1232 453 perterricrepam
1282 427 1588 438 ......
1614 413 1647 436 ’.

956 491 1166 535 LXXVII

862 571 1041 612 auarum
1072 571 1138 611 est
1166 568 1394 611 mulierum
1425 581 1572 623 genus.

934 647 957 672 δὲ
1162 646 1185 671 ³1<

1048 676 1071 701 ‘it

862 739 965 767 auro
998 723 1191 766 uendidit
1221 723 1358 767 uitam
1389 723 1482 765 uiri.

946 800 1176 845 LXXVIII

299 881 382 923 145
950 878 1139 934 prudens
1171 879 1214 920 et
1246 877 1382 920 sciens

412 957 481 999 Ad
513 958 679 1012 pestem
711 959 811 999 ante
844 956 990 999 oculos
1022 956 1209 1011 positam
1259 987 1505 997 .....

966 1032 1152 1075 LXXIX

297 1112 379 1154 146
395 1114 406 1138 ¹
913 1109 1168 1167 Aegialeiim
1199 1110 1313 1165 parit

294 1218 510 1261 magnitudo
535 1218 595 1251 uel
620 1219 784 1261 dignitas
809 1218 1000 1258 minuitur,
1028 1220 1083 1250 ut:
1116 1218 1279 1249 saxea’
1307 1225 1336 1248 e.
1362 1225 1395 1258 q.
1422 1225 1450 1250 s.
1484 1215 1582 1248 Idem
1609 1215 1697 1248 VIII
1719 1216 1752 1257 6,
1779 1215 1820 1248 15

297 1267 405 1296 ‘sunt
432 1265 544 1297 etiam
569 1264 748 1305 quaedam
774 1267 811 1296 et
835 1263 989 1302 humiles
1008 1262 1290 1300 translationes,
1316 1264 1358 1293 ut
1383 1260 1419 1292 id
1445 1261 1490 1293 de
1516 1271 1585 1303 quo
1603 1261 1708 1294 modo
1726 1260 1819 1293 dixi:

294 1320 432 1342 saxea
464 1312 533 1341 est
562 1319 770 1346 uerruca‚
806 1311 843 1340 et
874 1307 1071 1341 sordidam
1112 1306 1250 1340 Anecd.
1277 1307 1392 1339 Paris.
1419 1305 1625 1339 Ecksteinii
1655 1316 1689 1348 p.
1714 1307 1774 1344 20,
1799 1305 1820 1338 5

295 1354 478 1397 ‘dignitas
510 1354 684 1386 minuitur
713 1357 753 1386 nt
783 1355 942 1385 saxea’
977 1362 1005 1385 e.
1033 1363 1066 1395 q.
1092 1362 1119 1384 s.
1169 1352 1226 1384 Cf.
1262 1351 1354 1384 Cato
1385 1351 1482 1394 apud
1513 1349 1673 1383 Gellium
1699 1350 1754 1383 111
1780 1352 1819 1384 7:

295 1399 388 1432 haec
414 1401 496 1441 ipsa
524 1400 657 1432 Catoni
681 1399 811 1431 tribuit
836 1399 896 1431 Fr.
913 1397 1119 1430 Gronouius
1145 1402 1181 1430 et
1199 1396 1409 1438 ambiguum
1434 1406 1514 1429 esse
1540 1396 1714 1428 iudicium
1739 1405 1820 1428 sen-

292 1445 344 1477 tio
370 1448 410 1476 ut
436 1445 482 1476 H.
508 1444 688 1476 Iordanus
715 1444 796 1478 Cat.
822 1443 901 1477 rell.
930 1454 962 1485 p.
989 1443 1041 1475 18.
1092 1442 1149 1475 Cf.
1176 1441 1331 1473 Pacuuii
1357 1440 1484 1483 Chrys.
1512 1441 1555 1473 fr.
1582 1442 1665 1474 XII.

294 1489 447 1522 LXXVI
479 1489 608 1522 Cicero
639 1492 729 1522 orat.
760 1491 822 1530 49,
849 1490 913 1522 164
945 1489 1073 1520 ‘immo
1104 1498 1193 1520 uero
1225 1487 1316 1518 ista’
1350 1484 1481 1529 (uerba
1511 1487 1604 1519 bene
1635 1485 1819 1527 sonantia)

294 1538 513 1577 ‘sequamur
540 1535 848 1576 asperitatemque
876 1534 1074 1576 fugiamus:
1105 1533 1264 1565 habeo'
1292 1542 1321 1565 e.
1341 1541 1374 1573 q.
1393 1541 1420 1564 S.
1490 1531 1664 1564 LXXVII
1689 1531 1820 1563 Cicero

294 1580 338 1613 de
363 1581 436 1615 inu.
462 1580 478 1612 1
504 1580 564 1618 50,
589 1580 633 1612 94
659 1580 730 1620 (εἰ,
757 1589 837 1612 cum
863 1582 978 1611 totum
1004 1578 1152 1611 debebit
1177 1576 1391 1617 ostendere,
1417 1576 1460 1610 de
1488 1581 1592 1619 parte
1617 1576 1742 1619 aliqua
1767 1576 1818 1608 lo-

292 1629 440 1667 quatur,
469 1625 537 1657 hoe
564 1623 689 1657 modo:
721 1624 952 1657 mulierum
977 1632 1322 1665 genus-auarum
1359 1624 1444 1662 est,
1477 1632 1572 1654 nam
1598 1620 1819 1664 Eriphyla

293 1681 397 1703 auro
416 1680 450 1709 u.
469 1680 501 1701 ιι.
520 1673 570 1702 u.'
590 1668 645 1707 Cf.
661 1671 801 1702 Verrin.
819 1670 870 1703 IV
888 1670 942 1710 18,
961 1670 1014 1703 39.
1036 1668 1162 1701 Latini
1180 1667 1314 1709 tragici
1331 1667 1446 1700 uerba
1462 1667 1500 1699 in
1517 1667 1573 1700 his
1590 1666 1706 1699 latere
1724 1666 1819 1698 uidit

290 1715 556 1748 Valckenarius
575 1715 694 1748 Diatr.
711 1715 748 1747 in
766 1715 851 1748 Eur.
869 1725 903 1757 p.
925 1714 999 1755 157,
1027 1713 1090 1756 qui
1105 1716 1296 1755 utrumque
1315 1722 1459 1744 uersum
1485 1712 1673 1745 coniunxit
1700 1711 1818 1744 altero

291 1761 343 1793 sic
368 1760 612 1793 conformato:
638 1760 741 1793 Nam
769 1758 986 1802 Eriphyle
1111 1768 1218 1791 auro
1243 1768 1277 1791 n.
1303 1768 1338 1792 u.
1364 1767 1399 1790 n.
1433 1756 1600 1799 Quadrat
1626 1761 1663 1789 et
1686 1756 1756 1789 hoo
1781 1760 1819 1789 et

291 1815 448 1848 sequens
466 1805 509 1838 fr.
534 1805 579 1838 ad
598 1806 784 1848 Epigonos
801 1804 905 1837 Attii.
979 1804 1169 1837 LXXVIII
1188 1803 1312 1836 Cicero
1338 1801 1384 1834 ad
1403 1802 1490 1836 fam.
1507 1803 1558 1835 VI
1575 1803 1607 1840 6,
1625 1803 1646 1834 6
1671 1803 1818 1844 ‘itaque

290 1851 349 1883 uel
373 1850 493 1884 officio
518 1850 578 1883 uel
602 1850 701 1883 fama
723 1851 899 1884 bonorum
923 1849 983 1882 uel
1007 1849 1144 1892 pudore
1167 1849 1301 1889 uictus,
1325 1851 1366 1879 ut
1389 1849 1428 1880 in
1451 1847 1587 1881 fabulis
1612 1847 1817 1890 Amphia-

290 1906 413 1937 raus,
440 1896 494 1928 εἷο
519 1905 585 1939 ego
610 1895 804 1938 prudens
904 1896 1096 1939 positam
1123 1904 1201 1926 sum
1227 1893 1444 1936 profectus.’
1522 1892 1678 1925 LXXIX
1702 1891 1818 1932 Quin-

291 1941 441 1974 tilianus
459 1941 546 1973 VIII
563 1942 597 1982 6,
617 1942 659 1974 35
684 1940 1017 1979 <catachresim
1044 1950 1152 1982 quam
1178 1941 1277 1971 recte
1295 1937 1450 1971 dicimus
1467 1938 1697 1977 abusionem,
1723 1946 1816 1980 quae

291 1997 362 2019 non
387 1986 608 2019 habentibus
639 1996 770 2019 nomen
801 1995 906 2018 suum
931 1984 1185 2018 adcommodat
1209 2008 1216 2015 .
1238 2008 1246 2017 .
1266 2009 1273 2016 .
1306 1986 1343 2016 et
1367 1983 1487 2026 apud
1512 1983 1718 2024 tragicos
1744 1992 1818 2014 ae-

291 2031 444 2073 gialeo
470 2034 617 2074 paret,
646 2034 684 2064 at
708 2034 840 2075 pater.’
882 2029 1098 2073 (trigicos
1123 2029 1287 2063 Ambros.
1313 2038 1358 2060 m.
1387 2030 1404 2060 1
1431 2028 1555 2060 Bamb.
1582 2026 1699 2070 suppl.
1770 2029 1817 2059 at

291 2081 422 2119 pater
447 2080 550 2110 sunt
574 2078 766 2119 Argentor.
792 2080 835 2109 at
860 2079 990 2119 pater
1016 2078 1083 2108 est
1107 2074 1207 2116 uulg.
1302 2073 1424 2106 Verba
1456 2075 1498 2105 et
1530 2072 1646 2115 apud
1672 2074 1817 2114 tragi-

293 2131 370 2154 cos
396 2122 610 2164 aegialeo
636 2122 746 2154 etiam
770 2123 804 2164 6,
822 2123 865 2154 26
890 2123 972 2164 post
994 2120 1088 2153 haec
1113 2120 1182 2152 ‘ab
1207 2118 1416 2151 Hannibale
1444 2119 1570 2150 caesa’
1597 2118 1635 2150 in
1653 2117 1815 2150 Ambros.

295 2167 423 2200 Bamb.
449 2166 565 2210 suppl.
590 2168 734 2201 Monac.
758 2166 946 2209 Argentor.
971 2165 1112 2198 intrusa
1137 2164 1246 2206 sunt.)

292 2288 519 2332 Quintiliani
553 2288 643 2324 libri
671 2288 852 2334 plerique
887 2287 972 2323 loco
1009 2287 1248 2332 posteriore,
1286 2283 1406 2321 Aldus
1441 2294 1524 2319 saxa
1561 2287 1617 2319 est
1657 2282 1814 2320 Monac.

292 2344 429 2381 Bamb.
449 2356 497 2380 m.
521 2343 544 2379 2
572 2344 663 2380 Tur.
685 2345 769 2380 loco
787 2345 1003 2390 posteriore
1033 2352 1157 2378 saxum
1188 2345 1243 2377 est
1264 2341 1437 2377 Ambros.
1467 2341 1552 2376 loco
1570 2343 1670 2386 post.
1702 2349 1744 2376 ex
1775 2350 1816 2375 ea

291 2405 346 2437 est
377 2401 600 2445 Quintiliani
627 2402 710 2437 loco
739 2402 871 2447 priore
896 2399 1031 2435 Bamb.
1054 2399 1178 2444 suppl.
1201 2396 1405 2445 Arqenlor.
1432 2396 1523 2433 Tur.
1546 2396 1653 2433 Flor.
1676 2407 1722 2432 m.
1747 2407 1812 2442 pr.

295 2457 422 2505 Guelf.
455 2461 556 2493 exeat
577 2457 685 2494 Flor.
718 2468 763 2492 m.
797 2458 863 2492 alt.
886 2456 1041 2492 Monac.
1063 2455 1233 2491 Ambros.
1265 2465 1312 2489 m.
1336 2452 1360 2489 2
1391 2464 1434 2488 ex
1464 2463 1504 2488 ea
1523 2453 1696 2489 Ambros.
1719 2463 1767 2489 m.
1793 2452 1811 2487 1

290 2525 331 2550 ea
361 2519 416 2550 est
449 2514 556 2550 Goth.
590 2513 694 2550 Voss.
718 2514 738 2549 b
767 2514 901 2559 priore
930 2514 1014 2548 loco
1107 2521 1236 2547 aeruca
1268 2509 1493 2554 Quintiliani
1521 2508 1655 2552 Bamb.
1687 2509 1813 2555 suppl.

292 2571 447 2607 Monac.
470 2569 674 2618 Aryenlor.
705 2580 861 2617 uerruga
893 2569 1026 2605 anecd.
1058 2568 1153 2604 Par.
1250 2566 1407 2602 uertiCae
1437 2566 1574 2602 anecd.
1606 2565 1700 2601 Par.

292 2626 370 2662 142
402 2627 507 2662 istam
528 2627 618 2663 libri
709 2625 767 2662 De
798 2625 1023 2673 anapaestis
1053 2623 1165 2660 habeo
1195 2622 1299 2659 istam
1329 2621 1418 2658 echo
1448 2633 1484 2670 p.
1509 2623 1690 2669 coyitauit
1710 2621 1812 2656 Bue-

291 2684 487 2720 chelerus:
522 2694 596 2730 pro
627 2683 691 2719 illo
722 2680 832 2717 habeo
862 2686 1018 2728 poterat
1048 2690 1163 2729 paueo
1191 2689 1351 2726 ponere.
1471 2676 1549 2714 143
1580 2687 1724 2713 auarum
1757 2681 1812 2712 est

291 2739 479 2776 mulierum
510 2749 626 2787 genus
660 2738 939 2775 Valckenarius
960 2737 1148 2774 mulierum
1180 2746 1295 2784 genus
1326 2745 1471 2771 auarum
1501 2738 1556 2770 est
1589 2731 1721 2770 Cicero

292 2795 371 2831 144
403 2797 510 2832 uitam
533 2794 697 2831 uendidit
718 2795 784 2830 uiri
807 2795 996 2842 Anyelom.
1028 2794 1138 2829 uitam
1171 2792 1237 2828 uiri
1258 2790 1420 2828 uendidit
1444 2790 1477 2827 T
1475 2800 1572 2827 ross.
1604 2790 1673 2826 uiri
1702 2789 1812 2826 uitam

291 2852 452 2888 uendidit
483 2854 603 2889 ceteri
628 2852 719 2888 libri
810 2849 887 2887 145
909 2850 1042 2886 Malim
1071 2849 1230 2898 prudens
1251 2849 1367 2885 sciens
1389 2850 1430 2884 ut
1455 2847 1540 2884 Ter.
1571 2846 1735 2883 eunuch.
1760 2844 1811 2882 72

377 2905 476 2945 146¹
507 2907 665 2956 aeglalco
689 2906 813 2955 (aialeo
837 2904 1005 2953 Monac.)
1036 2910 1138 2953 paret
1160 2906 1331 2942 Ambros.
1355 2904 1505 2941 Monac.
1531 2903 1663 2940 Bamb.
1687 2903 1812 2949 suppl.
