1942 3204
755 226 1103 263 COIwLLARWM
1651 228 1695 263 IX

166 337 406 394 iterumque
443 352 599 380 curans
631 337 808 380 vulnera
842 337 1052 393 quaedam
1084 338 1172 380 fere
1203 338 1287 380 iam
1327 338 1552 393 desperata
1583 337 1700 380 haud

167 410 417 466 inprospere
456 409 560 451 mihi
606 408 752 452 videor
790 408 1020 451 sanavisse.
1089 407 1134 451 Si
1178 424 1287 465 quae
1326 412 1469 452 autem
1512 410 1701 464 suerunt,

167 495 277 538 quae
309 481 376 524 vel
408 481 622 536 uberiore,
659 495 787 536 quam
820 480 1038 523 succincta
1069 481 1366 523 commentarii
1397 481 1532 523 critici
1563 481 1701 523 brevi-

167 555 236 596 tas
261 552 535 608 admittebat,
565 551 858 608 disputatione
884 552 1171 595 examinanda
1195 552 1406 595 firmanda
1432 552 1701 595 defendenda

167 639 260 667 esse
293 624 540 668 viderentur
565 624 632 666 vel
659 637 773 679 sero,
804 626 854 666 ut
872 638 950 666 suo
982 623 1077 667 loco
1109 623 1240 668 inseri
1272 624 1358 667 iam
1389 638 1479 667 non
1512 626 1701 680 possent,

167 696 214 739 in
245 698 434 739 mentem
466 698 542 739 aut
572 696 618 738 in
648 694 849 738 notitiam
880 694 1118 751 venissent,
1152 695 1212 737 eis

559 799 937 832 ADNOTATIONUM
969 798 1303 831 COROLLARIUM

167 885 282 942 quod
314 885 428 928 infra
460 884 654 941 sequitur
685 884 897 927 contexui.
970 910 976 917 ·

288 1027 434 1071 LIVII
478 1025 807 1070 ANDRONICI
851 1030 894 1069 et
942 1027 1105 1083 primus
1155 1042 1309 1079 versus·
1352 1026 1465 1083 apud
1508 1025 1702 1069 Nonium

169 1115 208 1156 p.
229 1100 336 1154 473,
366 1100 425 1142 22
455 1101 499 1141 et
525 1098 732 1155 septimus
765 1098 878 1153 apud
910 1099 1093 1141 eundem
1125 1114 1164 1155 p.
1194 1098 1294 1154 132,
1325 1099 1383 1141 32
1415 1113 1516 1141 vero
1548 1100 1701 1154 poetae

168 1171 343 1214 nomine
380 1170 427 1213 in
464 1170 556 1213 eod.
595 1169 794 1213 Leidensi
825 1184 867 1212 n.
904 1171 986 1212 116
1019 1170 1229 1225 adfertur,
1266 1184 1355 1212 non
1393 1170 1503 1212 falso
1535 1169 1701 1221 mailli,

169 1244 218 1285 ut
253 1242 299 1284 in
337 1241 668 1299 Bambergensi,
706 1241 826 1284 cuius
858 1241 929 1284 ille
961 1242 1007 1284 in
1037 1242 1167 1297 longe
1197 1241 1411 1297 plerisque
1443 1241 1577 1283 frater
1608 1254 1699 1297 ger-

168 1328 322 1357 manus
352 1315 481 1356 extat.

286 1383 339 1427 In
371 1399 495 1427 versu
529 1385 556 1427 6
581 1383 870 1427 Buechelerus
901 1384 1084 1426 conlatis
1111 1399 1161 1426 ex
1182 1383 1368 1427 Senecae
1400 1384 1444 1426 in
1471 1383 1700 1441 Agamem-

167 1470 282 1498 none
325 1471 454 1511 quam
498 1456 589 1512 ipse
638 1455 823 1498 indicavi
866 1456 1114 1499 narratione
1157 1456 1226 1498 his
1268 1456 1357 1498 2175
1388 1457 1520 1498 ‘nune
1563 1455 1698 1511 prima

168 1529 354 1584 tangens
397 1530 538 1570 rostra
581 1526 750 1569 lascivit
793 1526 967 1582 chorus,
1010 1527 1285 1570 Millesimam
1328 1542 1442 1569 nuuc
1485 1527 1621 1570 ambit
1658 1529 1699 1570 et

168 1599 326 1641 lustrat
356 1601 514 1642 ratem’
548 1598 676 1641 scribi
707 1598 826 1640 iubet

436 1681 589 1724 ludens
621 1681 675 1723 ad
707 1683 882 1723 cantum
913 1681 1109 1724 classium
1140 1681 1291 1724 lustret&
1320 1685 1428 1725 rates·

169 1766 214 1808 in
246 1765 401 1821 quibus
433 1751 701 1808 abundantia
732 1764 941 1820 quaedam
973 1765 1184 1806 sermonis
1215 1765 1423 1820 displicet.
1480 1763 1699 1806 Passivam

169 1838 352 1880 formam
395 1835 538 1879 Plauti
582 1850 633 1878 ex
675 1835 890 1878 Pseudulo
935 1836 1176 1891 exemplum
1219 1851 1256 1877 v.
1298 1836 1408 1878 1107
1454 1835 1508 1877 ab
1552 1834 1700 1877 eodem

168 1908 313 1952 Nonio
344 1908 567 1951 laudatum
599 1907 704 1950 satis
735 1909 892 1949 tuetur.

288 1991 339 2033 In
372 2006 410 2032 v.
435 1991 463 2033 9
495 2004 545 2032 ex
566 1989 787 2033 Leidensis
818 1989 916 2032 libri
947 1989 1103 2032 litteris
1128 1990 1380 2032 adconddnli
1411 1991 1549 2033 laudet
1579 1988 1701 2046 (nam

168 2062 271 2104 hine
308 2062 477 2105 videtur
514 2061 871 2118 proficiscendum
910 2059 1022 2118 esse)
1044 2071 1188 2103 'nemo
1228 2061 1366 2103 adhue
1405 2062 1550 2104 elicuit
1587 2063 1699 2118 quod

169 2133 343 2189 probari
388 2133 536 2189 possit.
597 2131 688 2175 Nee
726 2147 822 2175 mea
858 2132 964 2175 mihi
1003 2132 1109 2175 satis
1146 2132 1324 2174 faciunt.
1392 2133 1590 2190 Vestigia
1627 2134 1698 2175 illa

170 2204 392 2259 aliquanto
434 2204 621 2260 pressius
659 2206 863 2259 sequatur
899 2204 972 2260 qui
1009 2204 1290 2246 adcantdtat
1325 2205 1494 2247 laudes
1531 2205 1703 2258 scribat,

171 2275 327 2318 chorus
373 2277 422 2317 ut
463 2275 596 2318 saeris
639 2275 870 2318 adcantare
913 2275 1203 2331 intellegatur.
1278 2275 1472 2332 Longius
1517 2277 1570 2317 ab
1618 2276 1700 2318 illis

170 2345 421 2389 Buecheleri
453 2346 613 2389 recedit
644 2347 890 2389 coniectura
916 2347 1060 2389 adoret
1089 2360 1138 2389 ac
1168 2347 1316 2389 laudet.

290 2428 342 2470 V.
374 2429 427 2470 13
459 2429 588 2484 paulo
614 2431 658 2472 et
687 2429 827 2472 lenius
853 2432 910 2471 et⁴
927 2431 1104 2485 propter
1137 2430 1499 2474 adlitterationem
1532 2432 1701 2485 elegan-

174 2499 260 2542 tius
293 2499 353 2542 sie
386 2499 584 2542 ordinare
616 2503 828 2556 poteram:

345 2582 450 2638 quin
481 2583 595 2638 qu6d
627 2598 776 2639 parere
808 2585 887 2626 uos
919 2585 983 2627 mi
1015 2585 1218 2628 maiestas
1251 2600 1345 2627 mea
1377 2600 1406 2625 ι’.
1437 2600 1473 2638 q.
1505 2600 1536 2626 s.

171 2665 334 2708 Contra
364 2664 652 2709 Buechelerus
691 2680 779 2710 non
818 2669 984 2710 mutato
1023 2668 1164 2723 priore
1204 2682 1327 2709 versu
1372 2667 1417 2708 in
1455 2668 1590 2708 altero
1628 2668 1701 2708 ali-

172 2736 273 2791 quid
305 2736 450 2779 deesse
483 2738 724 2793 suspieatus
755 2738 861 2780 haee
892 2739 1184 2795 praeoptavit:

385 2819 489 2875 quin
521 2821 635 2876 quod
667 2835 815 2876 parere
847 2822 925 2864 116-
957 2822 1161 2864 maiestas
1193 2823 1287 2863 mea
1319 2823 1488 2876 procat,

387 2888 533 2947 [ultro]
565 2892 759 2934 toleratis
791 2893 1037 2948 temploque
1068 2893 1179 2935 hanc
1213 2891 1452 2934 deducitis?
