1942 3204
295 210 374 251 176
927 212 978 244 L.‡
996 211 1170 246 ATTIVS

946 314 1054 356 XIII
1107 316 1132 357 9

412 389 525 448 [Sed]
554 392 655 447 quid
682 407 800 434 cesso
820 393 881 434 ire
914 392 968 434 a‘d
994 313 1116 434 caing?
1136 314 1215 434 >em
1235 396 1406 448 praesto
1427 395 1508 436 esi:
1540 393 1661 436 ca'u'no
1684 391 1813 451 [uide]

1355 471 1511 513 colllim
1545 472 1738 527 grauem!

947 546 1053 589 XIV
1086 545 1152 603 (7)

409 621 552 664 Viden
584 625 634 664 fit
663 625 706 664 te
738 623 923 678 inpietas
956 622 1152 666 stimulat
1181 639 1260 666 nec
1291 624 1486 667 moderat
1516 625 1686 687 messus?

883 718 965 760 XV
999 717 1138 775 (Erig.
1172 718 1216 776 7)

408 793 503 849 Age
538 808 617 850 age
650 794 845 851 amolire,
878 796 1046 852 amitte,
1078 811 1181 838 caue
1213 799 1377 839 uestem
1409 797 1585 852 attigas!

934 890 1041 933 XVI
1097 892 1150 933 12

290 930 377 1031 {gg
409 965 588 1008 Mzincas
621 967 674 1008 ad
706 966 961 1023 Gliszintem,
993 889 1118 1010 exilio
1150 890 1288 1010 inacte
1321 983 1371 1010 ex
1401 969 1526 1011 terris
1558 968 1762 1024 Pelopiis!

897 1091 1201 1135 ERIPHYLA

406 1179 550 1222 Pallas
582 1180 782 1236 bicorpor
814 1181 1021 1237 {inguium
1053 1181 1189 1237 spirits
1220 1181 1366 1224 izrahib.

751 1334 755 1339 .
806 1299 1294 1343 EPINAVSIMACHE

986 1378 1007 1420 1
1041 1376 1108 1435 (3)

407 1453 469 1496 Vt
499 1457 632 1511 minc,
665 1469 760 1496 cum
794 1455 1008 1497 animabus
1040 1454 1149 1511 iero,
1180 1455 1284 1497 satis
1315 1456 1505 1498 armatus
1537 1471 1643 1499 sum.

289 1584 425 1616 Accius
450 1585 644 1618 Foenissis
668 1610 676 1618 .
692 1610 722 1617 ..
746 1585 842 1618 idem
865 1586 1071 1628 Epigono
1095 1588 1169 1619 ...⁹
1195 1584 1437 1628 (Epigonis
1455 1586 1650 1629 Meroerus)
1726 1587 1817 1622 xm

287 1630 384 1662 Non.
416 1631 501 1672 200,
537 1631 579 1663 15
611 1631 782 1663 ‘collus
817 1631 1021 1664 masculino
1051 1632 1185 1664 Accius
1219 1631 1421 1673 Epigono
1451 1655 1488 1665 ..
1509 1635 1537 1665 .’
1575 1630 1817 1675 (Epigonis

288 1674 491 1717 Mercerus)
606 1675 692 1711 XIV
716 1676 808 1709 Non.
833 1678 916 1717 472,
944 1678 984 1708 21
1019 1676 1278 1709 ‘moderant
1306 1687 1371 1719 pro
1401 1676 1644 1712 moderantur.
1681 1678 1816 1711 Accius

288 1720 544 1762 Ephigonis
567 1745 575 1754 .
597 1746 605 1755 .
627 1724 656 1754 .’
765 1721 831 1755 XV
855 1722 947 1755 Non.
973 1722 1032 1762 75,
1057 1723 1101 1755 32
1133 1721 1350 1763 ‘attig-at‚
1376 1723 1566 1765 continget
1587 1747 1597 1757 .
1617 1748 1626 1757 .
1645 1747 1654 1756 .
1683 1722 1818 1756 Accius

288 1766 506 1808 Erigonis
529 1790 566 1799 ..
587 1769 615 1798 .’
653 1766 900 1810 (Epigonis
931 1766 1152 1807 Scriuerius)
1259 1766 1346 1800 XVI
1375 1766 1468 1802 Non.
1493 1769 1576 1811 342,
1606 1770 1647 1801 13
1679 1771 1817 1801 ‘mac-

287 1814 386 1843 tare
418 1811 514 1844 malo
547 1811 704 1845 adficere
737 1811 923 1855 significat
952 1837 959 1844 .
982 1837 990 1846 .
1013 1837 1021 1845 .
1058 1813 1194 1845 Accius
1222 1812 1425 1855 Epigono
1458 1837 1493 1847 ..
1513 1816 1543 1847 .’
1576 1812 1817 1857 (Epigonis

289 1855 494 1899 Mei-cerus)
586 1857 747 1890 Adiunxi
770 1857 828 1891 his
851 1858 924 1891 inc.
950 1859 1022 1890 inc.
1050 1857 1125 1890 fab.
1151 1857 1324 1890 LXXVII
1348 1867 1402 1900 sq.

377 1901 578 1934 Empmma
602 1903 804 1943 (Empvm)
831 1903 988 1936 fortasse
1013 1913 1085 1935 non
1102 1902 1251 1935 diuersa
1272 1903 1343 1934 fuit
1368 1903 1414 1935 ab
1436 1903 1627 1946 Epigonis.
1655 1904 1818 1937 Priscia-

287 1957 354 1979 nus
372 1947 423 1978 VI
447 1958 480 1988 p.
499 1949 566 1980 699
583 1947 623 1979 Ρ.
651 1949 888 1991 ‘bicorpor
912 1948 1136 1990 bicorporis,
1162 1948 1344 1990 tricorpor
1367 1948 1591 1991 tricorporis,
1617 1951 1658 1981 ut
1681 1949 1818 1983 Accius

288 1992 327 2023 in
350 1991 531 2040 Eriphyla
561 2018 569 2026 .
589 2017 597 2025 .
619 1996 648 2026 ,²
681 1994 854 2035 (actius
885 1993 977 2036 Reg.
1003 1993 1113 2028 Halb.
1217 1992 1418 2035 heripila
1449 1992 1552 2026 Grut.
1583 1993 1817 2037 heriphile,

286 2058 411 2145 ξΙειῐΙιξ.)
434 2043 617 2102 αεΠΡΙιίΙε,
647 2061 738 2104 Reg.
778 2060 987 2103 ariphyla
1017 2060 1175 2094 Karolir.
1215 2060 1395 2103 riphyla
1425 2060 1550 2094 Bamb.
1595 2062 1816 2105 eryphyla

324 2115 346 2137 a
388 2133 395 2140 .

378 2151 693 2184 EPmAvs1MAcnn
721 2151 1042 2193 (Emmvsmscm
1066 2151 1109 2183 fr.
1135 2151 1203 2187 ΙΙΙ.
1227 2151 1291 2184 ΙΧ.
1309 2150 1409 2185 ΧΙΙΙ.
1427 2150 1507 2193 XV)
1532 2151 1549 2183 I
1566 2152 1658 2185 Non.
1674 2153 1754 2194 233,
1774 2153 1816 2185 16

289 2195 460 2228 ‘anima
495 2196 627 2230 iterum
666 2196 849 2239 significat
877 2197 1091 2230 iracundum
1120 2197 1181 2229 ucl
1220 2196 1417 2238 furiosum,
1453 2196 1550 2255 unde
1587 2199 1624 2230 et
1661 2198 1816 2231 animosi

286 2351 456 2388 pauorem
483 2341 635 2379 Vossius
654 2351 825 2388 pauorem
848 2341 942 2378 hunc
966 2352 1082 2377 meum
1104 2342 1195 2378 libri
1212 2341 1258 2377 mi
1280 2340 1376 2377 hunc
1397 2351 1568 2389 pauorem
1589 2335 1752 2379 Bo'thius

288 2395 438 2444 loquere
466 2409 621 2446 propere
650 2397 691 2433 sic
720 2408 892 2445 pauorem
923 2397 1019 2434 luinc
1039 2408 1157 2434 meum
1178 2409 1209 2434 e.
1232 2399 1395 2434 creticos
1416 2398 1541 2434 uideri
1555 2407 1671 2445 posse
1691 2403 1815 2436 monet

287 2453 556 2491 Buechelerus
633 2452 714 2491 302
735 2453 799 2490 sed
821 2466 890 2491 om.
911 2455 1004 2491 libri
1065 2465 1120 2490 em
1142 2460 1286 2503 praesto
1309 2459 1364 2491 est
1385 2464 1496 2496 camo,
1521 2465 1591 2491 om.
1611 2454 1708 2502 uide,
1728 2454 1818 2492 libri

287 2509 368 2546 hcm
396 2516 541 2558 praesto
571 2516 644 2547 est:
676 2521 775 2546 camo
805 2522 849 2546 cn
881 2512 1034 2549 Vossius
1069 2511 1149 2546 hem
1178 2517 1322 2559 praesto
1351 2515 1427 2547 est:
1456 2521 1500 2547 en
1531 2521 1630 2547 camo
1661 2511 1815 2548 Grotius

288 2567 388 2603 Bibl.
417 2570 502 2604 crit.
532 2579 619 2604 nou.
649 2567 723 2603 IV.
780 2568 838 2604 De
867 2579 922 2604 em
960 2568 1143 2605 aduerbio
1172 2568 1257 2604 dixi
1291 2569 1329 2603 in
1356 2567 1473 2615 symb.
1504 2568 1557 2603 ad
1579 2571 1685 2614 part.
1713 2567 1814 2604 Lali.

284 2635 323 2669 p.
338 2622 389 2660 29
408 2633 489 2671 sqq.
571 2623 651 2661 303
676 2623 798 2659 uident
818 2630 858 2660 ut
878 2624 1015 2661 Bamb.
1089 2623 1171 2661 304
1192 2623 1309 2660 abbitc
1329 2622 1450 2670 (immo
1471 2621 1578 2670 abite)
1594 2622 1637 2660 Z.
1648 2621 1815 2660 Mueller

287 2681 434 2717 annali..
459 2681 608 2727 plziloll.
641 2679 747 2717 1867
775 2692 814 2726 p.
837 2679 921 2719 490
1045 2679 1125 2718 305
1156 2690 1296 2716 maneas
1325 2679 1367 2715 ad
1397 2679 1592 2716 Glisantem
1619 2678 1815 2728 Berylcius

286 2736 387 2773 Mus.
409 2737 534 2774 Rhen.
559 2735 667 2773 1835
687 2748 726 2783 p.
749 2736 802 2773 84
824 2748 965 2774 maneas
996 2736 1181 2773 adhisante
1208 2736 1299 2773 libri
1325 2746 1407 2772 men
1438 2746 1498 2772 eas
1527 2734 1700 2772 Adnisum
1732 2742 1814 2773 ante

299 2793 452 2829 Vossius
481 2804 640 2829 maneas:
680 2793 768 2829 alios
797 2799 914 2830 autem
943 2794 1108 2831 Bothius
1133 2793 1297 2840 mancis,
1334 2792 1389 2828 his
1415 2797 1496 2828 ante
1534 2796 1814 2839 temptauerunt

287 2848 405 2885 Manes
428 2850 528 2897 pians
550 2855 585 2886 te
607 2850 873 2886 Buechelerus
950 2855 1103 2887 mactare
1127 2850 1282 2887 Vossius
1302 2853 1418 2885 macto
1439 2848 1612 2894 Bollzius,
1636 2848 1812 2886 Bueche-

285 2906 391 2941 lerus
464 2906 605 2954 Pelopis
627 2907 785 2943 externis
804 2907 896 2943 libri
914 2906 1072 2956 Pelopiis
1098 2907 1104 2956 Ι
1131 2917 1172 2942 ex
1194 2905 1301 2942 terris
1333 2906 1486 2944 Vossius
1570 2904 1650 2942 308
1674 2907 1731 2941 An
1751 2906 1813 2942 at?
