1942 3204
477 238 543 275 EX
567 237 799 275 INGERTIS
826 237 1147 274 INCERTORVM
1173 238 1381 275 FABVLIS
1614 235 1699 279 259

791 342 1066 387 LXXXVIII

277 419 463 465 Pel-eant
495 422 639 478 amici,
671 421 773 465 dum
806 420 970 465 inimici
1001 436 1090 465 una
1121 421 1399 465 intercidanss!

812 498 1042 544 LXXXIX

164 577 249 621 160
278 576 418 628 Quam
449 578 588 635 magis
620 592 828 621 aerumna
851 580 996 635 urget,
1026 579 1116 621 iam
1144 578 1282 635 magis
1316 578 1369 620 sid
1396 578 1507 620 male
1539 577 1699 620 facien-

1235 655 1338 699 dum
1369 656 1492 712 uiget

894 733 972 777 XC

279 811 362 863 Qui
382 812 474 855 esse
494 812 589 855 uolt
607 812 722 868 quod
742 812 853 868 u6li,
873 812 912 854 ei
930 812 993 855 ita
1013 811 1088 855 dai:
1106 813 1152 855 se
1177 826 1265 868 res,
1296 814 1345 854 ut
1372 812 1548 868 operam
1568 811 1699 857 dabit.

886 887 986 933 XCI

278 966 428 1011 Miseri
459 970 562 1011 sunt
588 968 660 1024 qui
686 969 841 1011 ux6res
873 967 1048 1011 ducunt.
1070 992 1124 998 —-
1146 965 1219 1010 'At
1243 970 1291 1010 tu
1318 967 1477 1011 duxisti
1504 968 1697 1011 alteram.

236 1099 478 1133 -Lxxxvm
502 1098 632 1132 Cicero
663 1109 728 1143 pro
760 1110 843 1143 rege
869 1099 1048 1141 Deiotaro
1074 1094 1113 1142 9,'
1141 1100 1184 1133 25
1210 1099 1275 1132 ‘de
1300 1100 1463 1133 Domitio
1494 1099 1588 1132 dixit
1612 1110 1691 1133 uer-

159 1154 238 1178 num
262 1146 443 1179 Graecum
469 1145 598 1178 eadem
622 1145 828 1186 sententia,
853 1155 927 1188 qua
951 1146 1064 1178 etiam
1088 1155 1154 1179 nos
1178 1145 1354 1179 habemns
1375 1145 1568 1178 Latinum:
1594 1156 1671 1188 per
1689 1163 1701 1168 -

162 1194 289 1224 eant’
315 1203 346 1226 e.
374 1201 409 1234 q.
434 1201 463 1225 s.
493 1215 502 1224 .
523 1215 532 1224 .
553 1215 561 1224 .
592 1194 744 1224 ‘uorsus
775 1191 975 1224 immanis)
1021 1191 1252 1233 Augustinus
1285 1194 1415 1224 contra
1449 1192 1628 1223 Faustum
1659 1193 1702 1223 16

161 1234 282 1270 ‘sic'nt
305 1238 364 1270 ent
388 1235 454 1269 ina
477 1236 671 1270 notissima
696 1239 734 1269 et
757 1235 985 1279 quarundam
1002 1235 1210 1270 litterarum
1228 1237 1425 1270 memoriae
1443 1236 1702 1270 commendata

161 1281 302 1316 furiosa
327 1281 532 1316 sententia:
558 1284 730 1325 pereant'
757 1293 790 1315 e.
816 1292 850 1325 q.
876 1292 906 1315 s.
940 1281 1095 1315 Medeae
1122 1283 1232 1316 Ennii
1259 1282 1455 1316 conuenire
1481 1282 1600 1316 sensit
1624 1283 1702 1316 La-

161 1326 317 1361 <leniens
349 1327 448 1361 anal.
479 1337 580 1361 seen.
611 1338 646 1371 p.
673 1328 733 1360 17:
764 1327 814 1361 of.
840 1327 969 1370 Eurip.
1001 1328 1067 1361 816
1099 1338 1178 1371 sqq.
1218 1327 1352 1361 Verum
1384 1329 1535 1371 propius
1568 1327 1699 1361 abesse

160 1371 238 1406 alia
270 1373 394 1406 monui
426 1373 463 1406 in
494 1377 638 1425 quaest.
664 1382 762 1406 seen.
786 1383 821 1416 p.
846 1374 925 1414 251,
949 1373 1106 1406 maxime
1132 1373 1259 1417 adesp.
1286 1376 1382 1417 trag.
1406 1374 1474 1407 294
1496 1373 1540 1408 N.
1565 1367 1702 1416 ἐρρέτω

160 1417 275 1462 φίλος
298 1413 370 1452 οὖν
394 1413 522 1465 ἔχθρᾳ)
547 1418 612 1461 (cf.
636 1419 704 1452 244
727 1417 788 1461 Ν.)
895 1418 1086 1452 LXXXIX
1111 1418 1365 1460 Quintilianus
1389 1418 1443 1453 IX
1466 1421 1505 1456 3.
1532 1419 1575 1451 15
1601 1418 1702 1451 ‘alia

160 1463 430 1497 commendatio
454 1464 678 1507 uetustatis,
704 1464 808 1497 cuius
834 1466 976 1497 amator
1000 1464 1108 1497 unice
1131 1463 1318 1507 Vergilius
1343 1464 1432 1497 fnit:
1464 1463 1526 1497 uel
1552 1473 1634 1497 eum
1660 1474 1699 1497 se

160 1509 336 1553 pauidum
362 1512 493 1543 eontra
510 1519 592 1542 mea
609 1509 730 1552 iurgia
754 1510 890 1542 iactat:
916 1509 1132 1553 Progeniem
1159 1509 1236 1543 sed
1262 1510 1376 1542 enim
1392 1509 1550 1543 Troiano
1575 1520 1598 1542 a
1615 1520 1702 1543 san-

162 1555 274 1599 gnine
299 1555 382 1588 duci
406 1554 597 1588 Audierat.
638 1555 799 1595 Quorum
823 1554 960 1588 similia
984 1554 1102 1598 apud
1125 1558 1310 1588 ueteres
1335 1555 1539 1599 tragicos
1565 1555 1702 1589 comi-

162 1610 333 1644 cosque
358 1603 445 1634 sunt
467 1600 634 1644 plurima.
683 1600 780 1633 Illud
807 1603 846 1634 et
868 1601 907 1633 in
931 1600 1200 1634 consuetudine
1230 1601 1427 1634 remansit:
1460 1601 1702 1635 enimuero.

162 1646 234 1680 His
258 1646 415 1690 amplius
440 1645 539 1689 apud
565 1644 737 1680 eundem:
769 1656 867 1678 nam
897 1647 977 1688 quis
1007 1650 1044 1679 te
1069 1646 1243 1680 iuuenum
1266 1645 1598 1688 confidentissime3
1631 1657 1701 1690 quo

163 1692 345 1725 sermonis
377 1691 523 1724 initium
555 1690 595 1724 fit
627 1694 681 1724 et:
712 1695 798 1724 tam
832 1691 971 1735 magis
1003 1691 1071 1724 illa
1102 1695 1265 1725 tremens
1302 1695 1340 1725 et
1374 1692 1546 1725 tristibus
1584 1692 1701 1725 effera

162 1737 335 1778 flammis,
367 1737 506 1778 Quam
539 1737 679 1779 magis
709 1736 825 1771 effuso
856 1736 1077 1770 crudescunt
1107 1738 1287 1781 sanguine
1319 1748 1478 1780 pugnae.
1527 1737 1622 1780 quod
1647 1742 1703 1771 est

111 1814 116 1820 ,
163 1792 309 1816 uersum
340 1793 384 1815 ex
415 1782 500 1815 illo:
534 1792 668 1826 quam.
691 1782 854 1825 magis’
889 1793 921 1817 e.
954 1793 986 1826 q.
1018 1794 1045 1816 s.
1095 1782 1220 1826 ‘pleni
1250 1782 1389 1816 talibus
1424 1783 1568 1825 antiqui
1606 1786 1701 1816 sunt,

163 1828 271 1862 initio
297 1827 466 1861 Eunuchi
492 1828 688 1861 Terentius
712 1853 720 1861 .
735 1853 742 1860 .
758 1853 765 1860 .
791 1838 835 1860 ex
860 1827 1005 1861 Graeco
1029 1837 1120 1861 uero
1145 1828 1331 1861 translata
1356 1828 1416 1861 uel
1443 1827 1601 1861 Sallusti
1626 1828 1702 1872 plu-

164 1875 284 1907 rima.’
333 1873 387 1906 Ex
412 1877 538 1907 uetere
563 1873 760 1916 tragoedia
790 1877 937 1917 sumpta
969 1883 1052 1907 ease
1076 1877 1206 1907 nostra
1237 1874 1478 1907 coniecerunt
1502 1874 1640 1917 Regius
1666 1877 1704 1906 et

163 1918 332 1952 Muretus
355 1918 444 1952 Var.
460 1919 566 1952 Leet.
585 1919 670 1952 ΧΗ(
689 1920 728 1961 2,
754 1919 886 1962 quibus
912 1919 1051 1953 frustra
1076 1919 1296 1952 aduersatur
1314 1918 1567 1963 Spaldingius:
1593 1928 1701 1963 posse

165 1963 211 1997 ad
236 1964 350 1997 Ennii
375 1963 541 1998 Medeam
572 1964 706 1998 referri
737 1964 830 1998 conl.
855 1965 985 2008 Eurip.
1010 1965 1078 1999 364
1102 1964 1189 1999 dixi.
1307 1965 1371 1998 XC
1397 1964 1528 1998 Cicero
1554 1964 1599 1998 de
1624 1968 1701 1997 nat.

163 2010 263 2043 deor.
289 2009 346 2043 111
369 2010 432 2051 26,
457 2010 501 2044 66
526 2007 661 2054 *[Ειιη.
686 2010 781 2043 Med.
807 2007 915 2054 vm]
942 2020 1118 2054 parumne
1143 2010 1361 2044 ratiocinari
1392 2010 1542 2043 uidetur
1566 2014 1603 2044 et
1628 2010 1702 2043 sibi

162 2056 244 2099 ipsa
266 2055 450 2089 nefariam
475 2058 615 2099 pestem
640 2055 870 2088 machinari?
894 2055 988 2089 illud
1012 2066 1102 2089 uero
1127 2065 1235 2099 quam
1260 2055 1398 2089 callida
1423 2055 1587 2089 ratione!
1616 2056 1704 2098 Qui

165 2101 284 2134 uolt’
310 2111 342 2135 e.
369 2111 403 2144 q.
429 2111 457 2134 s.
491 2101 575 2144 ‘qui
606 2105 664 2135 est
688 2110 817 2134 uersus
842 2101 1001 2134 omnium
1027 2101 1230 2135 seminator
1254 2101 1440 2135 malorum.
1468 2100 1577 2145 [Enn.
1605 2101 1700 2137 Med,

163 2143 233 2191 IX]
266 2171 274 2180 .
300 2171 309 2180 .
335 2171 342 2179 .
378 2149 490 2189 atque
525 2146 679 2180 eadem
711 2146 871 2180 Medea
904 2150 1047 2190 patrem
1081 2147 1314 2190 patriamque
1347 2147 1496 2191 fugiens
1531 2145 1700 2190 [XCIIIJ.

164 2191 266 2231 huic.
290 2195 333 2225 ut
356 2191 496 2231 scelus,
524 2192 577 2225 sic
602 2202 648 2226 ne
675 2192 770 2225 ratio
795 2192 943 2234 quidem
969 2192 1116 2227 defuit.’
1156 2193 1212 2226 Ab
1236 2193 1357 2226 Ennio
1382 2193 1420 2225 in
1445 2192 1579 2226 Medea
1606 2193 1702 2224 inter

166 2236 210 2271 fr.
234 2237 324 2271 VIII
348 2241 386 2270 et
416 2237 469 2270 lx
499 2237 595 2270 hune
624 2248 660 2273 u.
693 2238 871 2271 insertum
902 2248 983 2271 esse
1017 2239 1172 2271 conieci.
1301 2237 1385 2271 XCI
1417 2237 1524 2272 Rhet.
1557 2237 1604 2270 ad
1634 2237 1703 2270 He-

167 2291 268 2317 renn.
285 2282 397 2322 1125,
413 2284 457 2316 39
482 2283 591 2315 ‘item
618 2283 794 2316 uitiosum
818 2286 894 2324 est,
919 2293 998 2316 cum
1023 2283 1083 2316 nel
1107 2284 1146 2316 in
1172 2283 1285 2317 alium
1310 2283 1371 2316 uel
1395 2284 1433 2316 in
1458 2293 1540 2316 eum
1567 2283 1702 2325 ipsum,

166 2328 229 2370 qui
253 2327 346 2360 dicit
369 2327 465 2370 quod
490 2327 527 2360 in
553 2327 806 2361 aduersarium
825 2328 973 2369 dieitur,
1001 2332 1124 2372 potest
1149 2329 1358 2370 conuenire,
1382 2329 1451 2362 hoc
1475 2327 1597 2362 modot
1624 2328 1701 2360 mi·

165 2373 283 2406 seri’
310 2383 340 2406 e.
369 2382 403 2416 q.
429 2382 460 2406 s.
500 2373 614 2411 Posse
639 2373 734 2407 haec
759 2373 797 2406 in
823 2373 1070 2408 altercatione
1095 2374 1240 2408 Iasonis
1265 2378 1302 2407 et
1327 2373 1479 2408 Medeae
1506 2374 1543 2406 in
1570 2372 1700 2407 fabula

284 2492 363 2531 159
395 2504 463 2531 una
495 2493 626 2531 inimici
656 2494 746 2532 libri
763 2495 976 2532 deteriores
1061 2495 1240 2532 intereant
1271 2494 1389 2532 eidem
1479 2493 1559 2532 160
1582 2489 1700 2543 uiget]

167 2551 269 2600 iuget
293 2549 384 2587 Tur.
417 2555 527 2600 urget
546 2550 654 2589 Flor.
742 2551 881 2588 animus
902 2552 1157 2600 supplendum
1180 2552 1334 2589 uidetur
1423 2550 1500 2589 161
1524 2561 1604 2587 esse
1626 2549 1703 2587 uolt

167 2605 265 2656 quod
296 2606 398 2655 uolt,
428 2607 461 2644 ei
491 2609 636 2656 scripsi
664 2607 743 2645 uolt
773 2618 854 2646 esse
885 2607 982 2657 quod
1014 2608 1094 2646 uolt
1124 2607 1254 2646 Pazat.
1288 2609 1453 2651 Vindob.,
1486 2608 1589 2656 quod
1618 2617 1702 2643 cum

179 2663 348 2701 Vahleno
378 2663 495 2712 (Enn.
533 2668 630 2713 traq.
663 2676 699 2702 u.
731 2663 828 2712 306)
860 2670 1018 2703 tuentur
1049 2665 1268 2713 Gepperlus
1295 2666 1319 2702 l.
1349 2666 1374 2701 l.
1406 2663 1485 2701 114
1516 2668 1552 2700 et
1583 2662 1705 2699 CFW

169 2718 334 2759 Mueller
359 2722 384 2758 1.
405 2722 431 2761 l.
454 2720 536 2760 303
568 2720 646 2758 uolt
676 2720 774 2771 quod
806 2720 885 2759 uolt
915 2721 1045 2760 Leidd.
1068 2721 1188 2759 ABG
1214 2722 1298 2759 Erl.
1402 2721 1464 2769 qui
1495 2719 1573 2756 uolt
1604 2718 1702 2768 quod

168 2777 248 2814 uolt
280 2778 328 2815 ita
359 2776 454 2815 dabit
483 2788 565 2815 sese
595 2788 652 2815 res
683 2777 863 2816 Halmius
899 2778 961 2828 qui
992 2779 1070 2816 uolt
1101 2789 1181 2816 esse
1212 2777 1308 2827 quod
1341 2776 1438 2824 υόΙι,
1469 2778 1517 2813 ita
1547 2776 1633 2813 dant
1663 2787 1702 2812 se

169 2832 227 2870 res
257 2835 290 2871 ei
321 2835 405 2872 olim
436 2835 651 2883 edideram,
683 2845 768 2873 eum
799 2840 836 2872 et
866 2838 1020 2873 uariari
1047 2839 1251 2873 accentum
1280 2834 1392 2871 uerbi
1419 2832 1498 2870 uolt
1518 2842 1702 2881 cuperem

171 2894 205 2927 et
226 2891 357 2929 daliuo
385 2892 418 2928 ei
447 2902 566 2941 aeyre
594 2902 783 2930 carerem.
830 2891 890 2940 Cf.
918 2892 1005 2930 Ter.
1027 2893 1113 2930 hec.
1135 2891 1218 2929 380
1322 2888 1400 2928 162
1433 2885 1514 2940 qui]
1546 2890 1576 2926 si
1599 2889 1701 2931 Par.

169 2959 217 2984 m.
244 2958 309 2995 pr.
343 2947 431 2996 Erf.
523 2947 718 2986 Personas
746 2949 923 2986 distinxit
954 2950 1160 2986 Lumbirms

1345 3024 1413 3058 17‘
