1942 3204
239 187 292 228 82
841 191 888 224 Μ.
914 190 1153 226 PAOVVIVS
1181 220 1183 223 .

357 290 444 342 Qus
473 293 545 334 sed
576 293 667 348 icit,
700 308 827 348 quam
859 292 984 336 sslum
1017 309 1189 350 eumpse
1215 295 1419 350 lapidem,
1450 296 1523 350 qui
1553 296 1648 351 ipsa
1678 297 1764 338 ieta
1805 348 1807 350 Ι

808 374 816 382 ’
1214 373 1296 428 e'st,
1326 372 1446 427 petit.

895 453 979 496 XV
1035 455 1086 496 17

268 529 326 570 40
359 562 366 570 .
400 563 407 570 .
442 563 449 571 .
484 563 491 571 .
523 531 622 572 men
656 545 866 586 seruasse,
899 533 947 572 ut
978 452 1121 573 e's(se11)t
1153 532 1224 587 qui
1256 547 1324 574 me
1355 532 1598 587 perderent!

902 625 1009 669 XVI
1041 624 1108 683 (2)

268 683 440 783 ΞὲῬΥο
473 713 651 768 imperio
684 714 899 769 agendum
931 717 1007 757 est.
1037 740 1091 745 —-
1125 713 1230 765 Quis
1256 717 1375 757 uetat
1401 716 1472 771 qui
1498 731 1552 758 ne
1579 716 1762 766 attolat?

842 844 1165 888 ATALANTA

928 940 950 982 I
983 939 1079 998 (10)

355 1004 591 1070 Parentum
622 1028 835 1070 incertum
865 1029 1217 1086 inuestigandum
1249 1030 1389 1086 graitia

912 1124 956 1166 II
989 1123 1085 1182 (14)

265 1182 322 1224 44

264 1242 323 1283 45
354 1212 485 1254 Dolet
515 1212 719 1268 pigetque
751 1213 890 1269 magis
921 1213 1144 1269 magisque
1175 1214 1243 1255 me
1269 1215 1470 1255 conatum
1501 1213 1583 1255 hoc
1614 1214 1760 1269 nequi-

1302 1306 1430 1346 quam
1464 1290 1604 1332 itiner.

238 1419 310 1451 cio
328 1418 454 1452 Vrbin.
472 1420 537 1453 307
555 1422 704 1453 uetusta
721 1419 781 1453 uel
799 1420 947 1462 plebeia
965 1418 1095 1462 forma)
1172 1419 1237 1452 XV
1256 1420 1450 1454 Suetonius
1469 1420 1576 1454 Caes.
1593 1422 1638 1454 84
1654 1421 1767 1454 ‘inter
1836 1428 1842 1434 ·

238 1464 366 1497 ludos’
386 1463 575 1506 (funebres
594 1465 781 1508 Caesaris)
808 1469 819 1486 ‘
831 1469 983 1498 cantata
1002 1470 1086 1498 sunt
1105 1466 1281 1508 quaedam
1298 1466 1344 1498 ad
1361 1466 1632 1498 miserationem
1659 1469 1696 1499 et
1712 1467 1767 1498 in-

238 1509 377 1542 uidiam
397 1510 520 1542 caedis
539 1510 617 1543 eius
636 1511 913 1544 accommodata
934 1521 979 1543 ex
995 1511 1135 1544 Pacuui
1153 1509 1340 1544 Afmorum
1358 1511 1494 1544 iudicio
1517 1535 1525 1544 .
1546 1536 1554 1544 .
1574 1513 1602 1543 .’
1632 1510 1766 1554 Appia-

236 1565 305 1587 nus
329 1555 416 1588 bell.
435 1555 504 1587 ciu.
522 1556 558 1587 II
579 1557 643 1588 146
668 1550 717 1594 ὡς
735 1549 775 1588 δ’
803 1551 865 1589 ἐπὶ
883 1559 964 1595 τοῖς
982 1551 1108 1609 λόγοις
1133 1552 1253 1599 ἕτεροι
1271 1555 1414 1599 θρῆνοι
1438 1550 1521 1599 μετ’
1535 1549 1650 1608 γᾠδῆς
1666 1552 1766 1589 κατὰ

234 1595 396 1644 πάτριον
422 1596 515 1639 ἔθος
544 1594 620 1634 ὑπὸ
654 1601 775 1645 χορῶν
800 1596 838 1639 ἒς
864 1596 985 1635 αὐτὸν
1009 1596 1169 1644 ᾔδοντο,
1203 1600 1269 1635 καὶ
1298 1599 1344 1634 τοὶ
1376 1598 1467 1644 ἔργα
1498 1601 1618 1640 aveas
1643 1595 1764 1634 αὐτοῦ

237 1643 303 1678 ’καὶ
329 1640 371 1678 τὸ
396 1639 526 1684 πάθος
551 1643 777 1689 κατέλεγον,
807 1646 877 1679 καί
897 1657 974 1680 που
998 1645 1071 1679 τῶν
1095 1643 1252 1690 θρήνων
1278 1641 1393 1685 αὐτὸς
1418 1642 1438 1679 ὁ
1463 1648 1612 1689 Καῖσαρ
1639 1641 1766 1679 ἐδόκει

241 1687 370 1734 λέγειν
395 1683 506 1730 ὅσους
532 1682 575 1724 εὖ
599 1687 771 1734 ποιήσειε
796 1690 871 1725 τῶν
895 1686 1047 1735 ἐχθρῶν
1071 1687 1111 1734 ἐξ
1136 1686 1341 1735 ὀνόματος,
1374 1690 1439 1725 καὶ
1463 1689 1550 1731 περὶ
1573 1690 1647 1724 τῶν
1670 1700 1766 1733 σφα-

240 1729 493 1779 γέωναῦτῶν
518 1731 697 1780 ἐπέλεγεν
722 1729 846 1780 ὥσπερ
872 1731 912 1770 ἐν
938 1731 1132 1780 θαύματι·
1171 1732 1245 1780 ἐμὲ
1271 1733 1320 1770 δὲ
1351 1735 1425 1770 καὶ
1451 1734 1618 1771 τούσδε
1641 1746 1765 1778 περι-

237 1780 385 1814 σῶσαι
409 1775 519 1820 τούς
543 1778 834 1821 κτενοῦντάς
858 1793 922 1825 με;
949 1775 1019 1816 οὐκ
1045 1779 1181 1826 ἔφερεν
1206 1779 1261 1816 ἔτι
1286 1777 1305 1815 ὁ
1332 1781 1453 1825 δῆμος
1476 1793 1510 1815 κ.
1535 1793 1566 1815 τ.
1593 1782 1624 1815 λ.
1671 1781 1764 1814 Con-

242 1826 332 1859 ferri
356 1826 459 1858 iubet
483 1827 647 1869 Langius
670 1827 780 1859 Vind.
812 1838 844 1870 p.
869 1829 912 1860 34
938 1827 1128 1861 Ciceronis
1152 1827 1247 1862 Phil.
1270 1828 1307 1860 11
1331 1829 1367 1865 3,
1394 1828 1431 1860 5:
1469 1826 1585 1870 ‘quod
1611 1827 1643 1859 si
1667 1830 1766 1859 esset

239 1870 474 1913 beneficium,
500 1882 694 1914 numquam
721 1873 795 1914 qui
818 1872 942 1904 illum
968 1873 1325 1914 interfecerunt,
1353 1883 1374 1904 a
1400 1882 1482 1914 quo
1508 1874 1638 1905 erant
1661 1882 1765 1904 eon-

238 1918 440 1949 seruati’
473 1916 673 1958 (seruati
706 1918 770 1949 alii
794 1921 943 1960 praeter
965 1917 1233 1959 Basilieanum)
1258 1942 1265 1949 .
1281 1942 1312 1951 ..
1342 1920 1507 1950 ‘tantam
1542 1920 1664 1950 essent
1688 1916 1764 1960 glo-

239 1962 331 1993 riam
356 1962 575 1998 eonsecuti‚’
676 1962 762 1994 XVI
786 1964 878 1997 Non.
905 1963 987 2004 246,
1013 1964 1035 1995 4
1065 1962 1302 1996 ‘attollere
1327 1962 1512 2005 signifieat
1537 1963 1680 2004 erigere

239 2006 429 2048 attollere,
455 2006 599 2039 adferre
625 2007 810 2040 Pacuuius
834 2007 941 2040 Medo
966 2032 974 2040 .
989 2033 995 2040 .
1011 2033 1020 2042 .
1042 2007 1139 2040 idem
1163 2008 1350 2040 Armorum
1373 2006 1508 2040 iudicio
1531 2032 1539 2040 .
1555 2032 1563 2041 .
1578 2010 1606 2040 .’

328 2051 541 2084 Alexander
559 2052 743 2085 Guarinus
760 2054 798 2085 in
816 2053 1082 2095 expositionum
1108 2053 1169 2086 fol.
1187 2051 1316 2086 XVIIb
1342 2052 1388 2084 ad
1406 2052 1543 2086 Catulli
1568 2054 1623 2094 17,
1641 2054 1662 2085 6
1680 2054 1764 2085 ‘Pa-

240 2097 373 2130 cuuius
397 2097 435 2128 in
465 2107 644 2130 armorum
675 2098 829 2131 iudicio:
861 2109 940 2140 pro
971 2098 1159 2142 imperio
1192 2097 1502 2131 salisubsulus
1539 2098 1577 2131 si
1607 2101 1763 2130 nostro

239 2143 470 2183 excubet,’
498 2153 591 2184 quae
618 2142 664 2175 ad
682 2142 827 2176 Perotti
852 2143 977 2186 copias
1004 2147 1041 2176 et
1066 2143 1202 2177 similia
1218 2143 1404 2176 reicienda
1422 2147 1518 2184 sunt,
1545 2153 1764 2185 quamquam

237 2187 390 2220 defensa
416 2198 437 2220 a
460 2186 601 2220 Naekio
627 2198 749 2231 opusc.
774 2189 792 2220 Ι
818 2189 893 2223 107.
943 2189 990 2223 ef.
1015 2189 1109 2222 Lud.
1135 2188 1350 2222 Schwabius
1375 2188 1422 2221 ad
1448 2188 1587 2221 Catulli
1611 2189 1635 2222 l.
1661 2188 1684 2221 l.

326 2244 530 2277 ATALANTA
560 2245 577 2277 I
606 2245 698 2278 Non.
728 2246 813 2285 495,
846 2246 889 2278 26
921 2247 1179 2279 ‘accusatiuus
1210 2246 1351 2277 numeri
1388 2245 1587 2287 singularis
1622 2245 1763 2287 positus

240 2301 304 2332 pro
329 2290 503 2332 genetiuo
527 2289 661 2332 plurali
684 2315 692 2323 .
709 2315 715 2322 .
731 2315 738 2322 .
761 2290 803 2322 P.
831 2290 1036 2324 Athalanta
1059 2317 1067 2325 .
1082 2294 1133 2326 ..’
1241 2290 1278 2323 11
1301 2291 1391 2323 Non.
1415 2292 1502 2332 490,
1529 2291 1571 2322 14
1602 2290 1764 2322 ‘itiner

242 2346 305 2377 pro
330 2336 403 2368 iter
426 2360 433 2368 .
449 2360 456 2368 .
472 2360 480 2369 .
503 2335 543 2368 P.
561 2335 764 2368 Athalanta
787 2360 795 2368 .
810 2360 817 2368 .
833 2338 862 2368 .'

355 2485 408 2522 39
439 2485 502 2521 sed
533 2485 769 2526 Ritsclzelius
800 2497 888 2522 nou.
920 2495 1079 2522 excurs.
1100 2485 1231 2522 Plaut.
1254 2484 1346 2521 151
1379 2495 1418 2521 se
1447 2485 1537 2522 libri
1563 2494 1643 2519 sese
1677 2482 1764 2520 Vos-

243 2544 324 2578 sius
429 2552 577 2590 eumpse
610 2542 764 2579 Vossius
794 2553 874 2579 eum
905 2542 1021 2590 ipsum
1051 2543 1141 2579 libri
1242 2542 1302 2589 qui
1333 2552 1372 2577 se
1402 2542 1479 2587 icit,
1519 2550 1624 2589 quam
1654 2538 1764 2575 illunc

239 2608 386 2646 eumpse
419 2597 461 2634 G.
484 2599 734 2635 Hermannus
838 2598 890 2634 41
923 2609 979 2646 sq.
1012 2599 1091 2646 quis
1122 2600 1221 2635 uetat
1251 2598 1378 2645 quisne
1408 2596 1548 2634 attollat
1575 2596 1666 2633 libri
1701 2595 1762 2643 qui

240 2659 360 2700 uetat,
390 2653 440 2690 Ne'
472 2655 550 2702 quis
582 2654 726 2691 attollat
759 2655 802 2691 G.
831 2655 1083 2692 Hermannus
1113 2665 1158 2690 ne
1197 2654 1276 2702 quis
1306 2653 1446 2690 attollat
1483 2658 1565 2690 ueta
1594 2652 1761 2698 Grotius,

235 2711 378 2757 probat
411 2711 582 2757 Vossius,
613 2714 677 2748 cui
704 2722 779 2748 non
800 2713 923 2748 minus
949 2713 1081 2758 placet
1110 2716 1209 2747 ueto.
1252 2711 1341 2747 Fuit
1370 2721 1455 2746 cum
1474 2711 1512 2746 in
1542 2710 1606 2746 illo
1636 2708 1763 2756 quisne

238 2769 364 2804 latere
401 2778 531 2815 corpus
571 2777 616 2803 ne
652 2770 888 2814 suspicarer.
928 2767 1058 2804 auolat
1086 2769 1207 2804 suasit
1236 2766 1504 2803 Buechelerus
1620 2763 1674 2800 44
1705 2775 1762 2811 sq.

238 2824 403 2872 Aqnouil
433 2826 671 2861 octonarium
708 2824 987 2872 BueclieleruS,
1025 2826 1266 2861 senariorum
1299 2823 1476 2870 frustula
1514 2850 1523 2859 .
1552 2849 1560 2859 .
1597 2821 1696 2857 dolet
1725 2832 1760 2868 p.

240 2890 284 2915 m.
310 2891 353 2915 m.
377 2891 432 2916 me
453 2879 628 2917 conatum
651 2880 685 2917 h.
709 2892 744 2916 n.
767 2881 790 2917 i.
825 2881 978 2918 Vossius
997 2882 1166 2918 dederat.
