1942 3204
255 158 443 193 XXXVIII
845 156 1194 193 OOROLLARIVM

255 266 428 319 flamma
465 266 542 308 loci
571 270 792 320 postquam
834 269 1065 308 concussast
1105 267 1264 308 turbine
1304 281 1425 309 saeuo
1461 267 1531 323 (cf.
1570 266 1775 322 Umpfen-

256 337 433 378 bachius
464 337 609 379 Herm.
642 337 686 379 ΙΙ
712 336 823 391 368)
856 330 1143 391 septenarium
1174 337 1398 392 proposuit
1427 339 1575 380 talem:

339 408 511 450 flamma
542 409 624 451 loci
654 391 883 463 postquam
915 421 1120 449 concussa
1151 410 1329 462 propere
1362 423 1488 451 saeuo
1519 410 1700 452 turbine.

256 478 477 533 Leguntur
514 479 674 521 scilicet
710 479 756 520 in
786 478 998 521 Vaticano
1036 478 1178 520 codice
1219 479 1476 521 scholiorum
1507 481 1561 522 ad
1591 481 1778 530 Terentii

256 549 372 591 haut.
404 549 447 591 II
480 551 526 604 3,
562 551 614 592 16
645 564 838 592 concussa
862 549 1099 603 meturbme
1129 540 1261 592 saeuo.

375 762 427 803 In
458 762 701 805 PAOVVH
737 778 774 805 v.
810 762 860 804 lb
898 762 1085 805 Parisini
1123 763 1277 806 inhitas
1314 764 1523 819 scriptura
1559 779 1612 805 ne
1654 779 1780 819 quem

256 833 461 887 perducat
487 835 638 877 ιἠὒέίαε
656 834 865 876 inutiliter
883 834 1091 889 conicere,
1123 833 1341 876 Diomedis
1373 835 1571 877 lemmate
1597 837 1779 877 cavetur.

375 903 427 946 V.
460 906 486 946 3
526 906 638 960 quod
676 906 721 946 in
759 905 955 947 Leidensi
993 905 1037 947 B
1074 907 1173 959 post
1209 907 1314 948 truci
1351 921 1436 948 una
1482 906 1623 948 littera
1660 921 1781 948 erasa

259 977 340 1029 est,
379 975 459 1017 erit
490 976 673 1018 fortasse
713 976 785 1031 qui
823 977 949 1018 trucis
979 976 1232 1018 nominativi
1264 977 1447 1019 formam
1479 978 1782 1032 interpretetur

257 1048 384 1101 atque
417 1043 546 1088 etiam
583 1048 696 1090 breui
733 1047 860 1089 scribi
892 1047 996 1089 uelit
1032 1047 1178 1089 brcui'.
1241 1047 1362 1097 Quod
1399 1050 1544 1090 tamen
1582 1049 1780 1103 simplici-

256 1120 344 1159 tate
377 1121 419 1159 et
450 1119 696 1174 integritate
730 1118 938 1160 sermonis
969 1118 1226 1173 repudiatur.
1276 1118 1506 1174 Ablativis,
1537 1121 1586 1161 ut
1613 1121 1712 1161 sunt
1736 1119 1782 1160 in

258 1204 466 1244 personae
516 1190 800 1244 descriptione
851 1190 1095 1244 sollemnes,
1145 1190 1361 1232 simillimo
1412 1191 1604 1245 exemplo
1648 1190 1783 1232 utitur
1867 1189 1872 1192 ⁴

257 1259 436 1302 Plautus
480 1261 631 1303 Pseud.
674 1261 785 1304 1218
830 1259 950 1302 Asin.
994 1261 1082 1303 400
1125 1259 1245 1315 Capt.
1284 1262 1369 1303 643
1413 1276 1538 1303 merc.
1582 1262 1668 1303 640
1695 1277 1704 1303 ε
1731 1262 1780 1303 cf.

258 1331 354 1374 Pac.
387 1333 485 1375 382.
639 1341 642 1344 “

375 1403 427 1445 V.
464 1405 514 1446 11
550 1403 663 1459 quod
693 1404 787 1446 saxa·
824 1403 869 1445 in
908 1403 1029 1445 libris
1059 1404 1188 1446 sacsic
1219 1404 1425 1459 scriptum
1456 1406 1522 1446 est
1551 1404 1694 1446 nescio
1727 1419 1782 1446 an

258 1489 344 1516 non
369 1476 476 1517 sacsi
506 1477 694 1529 tantum,
727 1475 800 1516 sed
826 1475 887 1516 ita
912 1474 1279 1529 interpretandum
1312 1475 1384 1530 sit,
1415 1477 1463 1517 ut
1487 1474 1610 1516 initio
1636 1489 1782 1516 versus

259 1546 602 1600 supplementum
645 1547 716 1588 sic
756 1546 854 1587 inde
899 1548 1103 1588 sumatur.
1176 1545 1222 1588 L.
1260 1545 1453 1588 Muelleri
1496 1546 1783 1588 coniecturam

260 1616 470 1672 Bergkius
503 1621 670 1672 quoque
703 1618 829 1659 anall.
861 1617 1024 1672 philoll.
1060 1619 1172 1661 1870
1203 1633 1243 1672 p.
1275 1618 1359 1660 837
1393 1617 1599 1672 repudiat.

371 1687 590 1730 ,Versuum
614 1690 666 1730 12
695 1703 786 1744 sqq.
815 1687 881 1731 vel
912 1689 994 1730 loci
1026 1687 1286 1730 Varroniani
1317 1688 1570 1730 meminerat
1600 1689 1781 1730 fortasse

258 1759 472 1811 Minucius
486 1758 615 1814 Felix,
635 1773 731 1801 cum
749 1759 855 1801 haec
875 1760 1045 1815 scripsit
1068 1761 1133 1814 17,
1153 1761 1198 1802 8:
1220 1760 1322 1802 ‘iam
1341 1759 1630 1814 providentiae
1650 1774 1781 1814 quan-

258 1832 344 1885 tae,
374 1845 428 1871 ne
448 1830 584 1872 hiems
605 1831 696 1872 sola
716 1830 850 1885 glacie
870 1833 1012 1872 ureret
1031 1833 1105 1873 aut
1137 1831 1227 1872 sola
1252 1833 1391 1872 aestas
1411 1830 1560 1873 ardore
1591 1833 1783 1885 torreret,

258 1901 453 1942 autumni
491 1903 533 1942 et
563 1901 675 1943 veris
712 1901 896 1943 inserere
940 1902 1127 1943 medium
1170 1903 1572 1957 temperamentum,
1617 1895 1685 1943 ut*
1708 1916 1783 1956 per

257 1972 439 2027 vestigia
465 1987 540 2013 sua
567 1972 670 2014 anni
700 1972 952 2014 revertentis
979 1973 1133 2015 occulti
1164 1975 1208 2015 et
1237 1973 1400 2015 innoxii
1431 1972 1639 2015 transitus
1669 1973 1781 2015 labe-

258 2045 430 2088 rentur.'
471 2042 540 2084 Ad
571 2043 676 2084 haec
701 2044 890 2085 extrema
915 2045 1058 2085 autem
1085 2044 1267 2086 conferri
1291 2045 1435 2099 potest
1452 2043 1574 2086 Varii
1605 2059 1642 2087 v.
1668 2044 1695 2085 6
1722 2058 1781 2098 sq.

257 2114 392 2156 Miror
422 2128 521 2156 vero
548 2113 845 2156 Hermannum
870 2114 1088 2169 Peterum,
1121 2115 1194 2171 qui
1224 2115 1270 2156 in
1300 2115 1601 2157 historicorum
1627 2114 1782 2156 Roma-

258 2200 412 2227 norum
449 2185 638 2240 reliquiis
675 2185 696 2227 I
734 2200 774 2239 p.
817 2186 899 2227 194
937 2185 1048 2227 inter
1087 2186 1134 2236 Q.
1166 2185 1327 2228 Lutatii
1365 2182 1506 2228 Catuli
1542 2186 1784 2240 fragmenta

260 2256 318 2312 (n.
356 2255 428 2311 10)
459 2257 666 2311 receperit
696 2256 843 2311 verba,
875 2271 983 2311 quae
1015 2257 1201 2299 dubitari
1232 2271 1320 2298 non
1349 2257 1486 2312 possit
1516 2256 1620 2312 quin
1650 2255 1782 2298 Pacu-

259 2327 316 2369 vii
349 2327 445 2369 sint.
495 2326 609 2369 Nam
641 2327 901 2386 comparatis
936 2328 1086 2370 ceteris
1124 2327 1401 2383 testimoniis,
1440 2341 1547 2383 quae
1584 2327 1784 2382 neglexit,

258 2398 420 2453 liquido
466 2401 644 2453 apparet
688 2398 801 2454 quod
843 2398 888 2440 in
933 2397 1123 2440 Mediceo
1160 2398 1368 2442 Varronis
1412 2399 1569 2454 legitur
1610 2399 1784 2441 catullus

261 2469 559 2524 corrigendum
591 2483 681 2511 esse
713 2469 904 2512 Pacuius.

378 2539 430 2582 V.
462 2541 518 2582 26
556 2555 601 2582 re
636 2554 733 2595 apso
770 2540 999 2596 separatim
1040 2540 1362 2595 exprimendum
1401 2543 1492 2582 erat
1529 2542 1577 2584 ut
1606 2555 1643 2582 v.
1676 2541 1782 2589 3742

261 2627 362 2653 nam
386 2625 504 2665 reque
533 2625 629 2665 apso
660 2611 739 2667 (sic
770 2612 884 2653 enim
921 2611 1054 2653 codex
1083 2612 1232 2668 habet)
1265 2611 1506 2667 Scipionem
1531 2610 1782 2653 Africanum

263 2683 417 2724 dixisse
455 2682 606 2724 Festus
643 2698 683 2737 p.
723 2683 809 2725 286
853 2685 1047 2725 testatur.
1114 2682 1242 2738 Apud
1279 2682 1522 2725 Lucretium
1558 2684 1704 2724 tamen
1739 2682 1783 2724 II

265 2754 349 2796 658
382 2756 497 2795 ‘vera
527 2767 572 2795 re
602 2755 748 2796 tamen
785 2754 890 2808 ipse'
930 2754 1103 2809 legitur,
1139 2769 1229 2796 non
1261 2756 1406 2809 ‘apse'.
1469 2752 1550 2796 Sed
1585 2753 1676 2807 ipse
1708 2767 1783 2795 no-

263 2824 495 2867 minativus
534 2838 631 2878 (lpse
661 2824 804 2866 nescio
837 2839 892 2866 an
923 2823 1077 2867 Plauto
1114 2825 1351 2867 reddendus
1390 2825 1462 2879 sit,
1501 2823 1708 2879 siquidem
1737 2823 1784 2866 in
