1942 3204
826 234 868 270 L.
892 233 1068 268 A'm'lvs
1628 230 1714 272 209

844 338 949 381 XIX
982 336 1051 396 (7)

827 434 1072 477 Philocteta

391 529 506 573 Heu!
539 529 617 587 qui
646 530 769 573 salsis
800 528 1006 573 fiuctibus
1038 528 1215 572 mandet

392 606 462 650 Me
495 623 544 650 ex
578 608 763 651 sublimo
796 605 958 650 uertice
991 605 1112 650 saxi?

392 684 485 728 Iam
511 685 597 728 iam
629 686 852 728 eibsumor:
884 683 1064 729 conficit
1095 684 1284 728 animam

180 764 268 807 565
479 763 558 807 Vis
591 764 803 821 uulneris,
834 763 989 806 ulceris
1021 763 1177 806 aestus.

857 858 941 901 XX
994 858 1022 901 5

300 935 389 980 Sub
421 937 499 979 exe
530 936 673 992 posita
704 936 758 978 ad
790 937 936 979 stellas
969 856 1152 992 ἓθέήεηι,
1183 935 1297 978 unde
1328 934 1515 978 h6rrifer

299 1013 529 1070 Aquil6nis
562 1014 719 1056 stridor
750 1014 915 1070 gelidas
946 1013 1124 1057 molitiir
1154 1013 1289 1056 niues.

830 1109 938 1153 XXI
970 1107 1068 1167 (18)

298 1187 444 1244 'Agite
475 1203 525 1231 ac
555 1189 714 1231 uulnus
745 1189 800 1230 ne‘,
820 1190 1041 1231 suecusset
1059 1188 1251 1244 gressu8‚
1282 1189 1406 1229 caute
1425 1186 1723 1244 ingredimini.

180 1319 310 1354 ultimo
346 1330 427 1353 esse
459 1319 699 1364 repetendas,
730 1323 773 1352 ut
804 1344 811 1352 .
837 1345 845 1352 .
873 1344 880 1351 .
912 1318 1141 1352 Philocteta:
1172 1319 1280 1352 Pari’
1313 1328 1344 1351 e.
1374 1328 1408 1361 q.
1435 1328 1464 1355 s.
1502 1318 1607 1352 Attio
1641 1329 1721 1351 cum

180 1367 317 1399 ceteris
349 1365 454 1398 dedit
482 1366 718 1399 Hermannus
751 1374 893 1408 quoque
1011 1364 1097 1398 XIX
1123 1364 1255 1398 Cicero
1288 1364 1400 1397 Tusa.
1425 1364 1519 1407 disp.
1548 1364 1586 1397 II
1620 1366 1652 1406 7,
1681 1366 1721 1397 19

180 1410 280 1454 (uide
305 1412 377 1452 XI)
486 1412 552 1444 XX
578 1412 708 1445 Cicero
733 1411 843 1446 Tuae.
870 1410 964 1454 disp.
990 1411 1007 1444 1
1031 1411 1094 1451 28,
1119 1411 1163 1444 69
1189 1412 1288 1443 ‘tum
1314 1410 1460 1453 globum
1490 1414 1612 1443 terrae
1645 1434 1653 1443 .
1676 1435 1684 1443 .
1707 1434 1715 1441 .

181 1456 324 1490 duabus
349 1457 423 1490 oris
439 1456 664 1491 distantibus
682 1455 924 1490 habitabilem
949 1458 988 1488 et
1013 1455 1166 1496 cultum,
1194 1465 1346 1499 quarum
1363 1455 1495 1496 altera,
1522 1465 1630 1498 quam
1655 1465 1722 1488 nos

181 1502 395 1545 incolimus,
422 1502 503 1535 sub
531 1505 634 1536 axe'
660 1513 690 1535 e.
708 1513 741 1546 q.
761 1512 790 1535 s.
829 1501 954 1535 verba
977 1501 1056 1534 sub
1082 1511 1162 1534 axe
1270 1504 1439 1544 septem
1465 1501 1600 1543 primns
1619 1500 1722 1533 Attio

181 1547 285 1581 dedit
309 1546 513 1581 Bentleius.
584 1547 707 1581 Sohol.
732 1549 863 1580 Veron.
889 1547 929 1579 in
952 1544 1044 1581 Aen.
1061 1547 1149 1580 VIlI
1174 1547 1219 1579 28
1245 1557 1278 1589 p.
1297 1548 1340 1579 99
1360 1546 1454 1582 Keil.
1480 1547 1568 1579 ‘sub
1593 1546 1722 1579 aethe·

181 1594 232 1626 ris
255 1604 344 1635 axe,
370 1593 437 1626 sub
463 1593 533 1629 dio.
574 1594 710 1626 Accius
734 1593 772 1626 in
796 1592 1008 1626 Philocteta
1031 1617 1038 1625 .
1055 1594 1107 1625 ..’
1133 1592 1225 1625 Non.
1249 1592 1334 1632 346,
1364 1593 1406 1625 18
1432 1591 1623 1632 ‘mclii-i,
1659 1602 1721 1625 ex-

181 1642 324 1680 truere;
343 1638 480 1671 dietum
497 1649 519 1672 a
536 1638 695 1672 molibus
715 1663 723 1672 .
738 1663 747 1672 .
761 1663 770 1672 .
792 1638 929 1671 Accius
945 1637 1150 1671 Filoctete:
1167 1637 1243 1671 ubi
1260 1637 1462 1670 horrifer
1485 1662 1494 1671 .
1508 1662 1516 1669 .
1532 1662 1539 1669 .
1563 1636 1726 1670 niuesff‘

182 1683 269 1717 Solo
293 1694 403 1717 uersu
429 1685 494 1718 567
519 1684 635 1717 utitur
660 1683 884 1716 Censorinus
909 1684 1040 1726 fragm.
1069 1694 1100 1716 e.
1127 1683 1170 1716 14
1194 1693 1229 1726 p.
1257 1683 1301 1716 94
1325 1682 1432 1718 Iahn.
1458 1682 1562 1724 (2726
1585 1682 1628 1718 P.
1654 1684 1721 1716 406

182 1730 226 1763 G.
251 1729 295 1762 69
312 1728 376 1771 H.)
402 1739 468 1772 pro
493 1729 651 1763 trimetri
675 1729 811 1772 tragici
828 1729 1015 1772 exemplo,
1041 1728 1108 1763 sed
1134 1731 1171 1761 et
1195 1731 1329 1771 poetae
1355 1731 1393 1760 et
1411 1727 1565 1762 fabulae
1590 1738 1722 1762 nomen

182 1775 355 1808 reticens.
449 1774 537 1808 XXI
562 1775 654 1808 Non.
679 1775 733 1816 16,
758 1775 802 1808 28
828 1776 1145 1807 ‘succussare’
1173 1771 1443 1815 (suecusare
1469 1774 1615 1816 Bamb.)
1642 1777 1723 1806 ‘est

182 1830 308 1854 susum
332 1820 548 1863 frequenter
573 1823 758 1854 excutere.

181 1988 278 2027 quos
309 1979 501 2015 consuluit
520 1977 683 2014 Latinus
702 1977 879 2014 Latinius
899 1975 975 2025 pari
997 1975 1120 2025 dispar
1140 1986 1239 2013 esses
1259 1975 1391 2015 Paris.
1422 1988 1446 2013 a
1471 1975 1580 2013 Goth.
1614 1976 1721 2013 Voss.

183 2036 224 2082 b,
262 2036 409 2084 aliquot
440 2035 583 2071 Latinii
617 2032 733 2070 Paridi
770 2034 800 2070 si
838 2044 903 2083 par
939 2043 1039 2070 esses
1075 2032 1211 2071 Bamb.
1249 2033 1378 2070 Ambr.
1417 2034 1438 2070 b
1484 2033 1587 2070 lens.
1626 2031 1722 2079 Pari,

184 2091 352 2141 Dyspari,
383 2091 504 2141 dispar
534 2101 633 2128 esses
662 2087 980 2128 Schneideminus
1007 2090 1146 2127 Plailol.
1176 2088 1242 2127 IV
1267 2090 1371 2138 656,
1410 2091 1449 2127 in
1480 2090 1618 2138 quibus
1646 2087 1752 2126 Pari·

183 2147 331 2198 Dyspari
364 2150 569 2197 praeierat
598 2147 854 2186 burmannus
882 2146 977 2184 eheu
1006 2158 1037 2185 s.
1071 2147 1130 2184 hei
1160 2147 1219 2184 hei
1257 2146 1358 2195 Pari,
1396 2146 1516 2196 dispar
1554 2147 1583 2183 si
1623 2157 1722 2183 esses

184 2206 436 2243 Her-mannus
456 2204 555 2252 Pari,
586 2205 616 2241 si
637 2206 852 2255 imperasses
874 2205 1091 2252 Zumplz'us,
1113 2215 1214 2253 quae
1235 2205 1371 2242 saltem
1390 2209 1512 2241 metro
1532 2206 1588 2240 sic
1609 2208 1722 2239 erant

184 2262 531 2300 accommodanda.-
561 2260 582 2298 ό
611 2261 712 2310 Pari,
749 2263 780 2298 si
811 2260 873 2299 tihi
905 2262 1141 2311 imperasses,
1181 2271 1252 2311 ego
1283 2271 1317 2298 e.
1349 2273 1385 2310 q.
1414 2271 1445 2298 s.
1486 2258 1654 2308 (Paridit)
1691 2260 1721 2296 si

185 2320 420 2369 imperasses‚
458 2320 607 2357 nomine
644 2318 762 2356 Paridi
803 2318 1037 2364 Quintiliano
1075 2319 1239 2365 reddito,
1280 2318 1434 2364 Delrio,
1475 2317 1723 2365 Spaldinyias

184 2375 316 2423 (Paridi
327 2374 351 2423 ι)
381 2376 412 2412 si
442 2376 546 2425 inpar
583 2386 683 2413 esses
718 2376 960 2422 Remmius,
1002 2379 1038 2412 et
1060 2375 1207 2424 probat
1237 2375 1416 2413 Halmius
1445 2374 1602 2411 creticis
1633 2385 1721 2410 con-

184 2437 293 2470 stare
324 2442 480 2470 uersum
509 2433 735 2471 decernens.
844 2431 925 2470 562
957 2432 1028 2468 heu
1059 2433 1121 2481 qui
1152 2434 1284 2480 optimi
1309 2432 1417 2478 libri,
1449 2433 1526 2468 nisi
1554 2431 1657 2479 quod
1683 2431 1722 2467 in

187 2490 284 2527 Gud.
317 2494 496 2527 extrema
525 2491 654 2528 lineae
686 2495 723 2528 et
753 2490 860 2527 uocis
880 2491 1018 2530 littera
1050 2490 1205 2527 uidetur
1235 2499 1353 2526 erasa
1391 2498 1487 2526 esse.
1526 2487 1603 2524 hei!
1642 2488 1721 2536 quis

185 2546 438 2584 Her-mannus
467 2547 571 2596 ecqui
598 2547 794 2585 Bentleius
881 2545 963 2584 563
993 2544 1150 2583 sublimo
1181 2546 1318 2582 uertice
1338 2545 1434 2594 Rey.
1455 2557 1504 2582 m.
1530 2545 1550 2580 1
1576 2544 1720 2588 Brux„

196 2603 357 2651 Wolfius
378 2602 402 2640 2
434 2602 563 2640 sublim
595 2605 780 2651 ouertice,
818 2613 935 2640 erasa
967 2607 1058 2651 post
1086 2614 1120 2639 m
1151 2614 1231 2640 una
1260 2603 1411 2648 littera,
1453 2602 1549 2638 Gud.
1580 2599 1722 2636 sublimi

188 2660 325 2697 uertice
355 2660 450 2709 Rey.
470 2672 518 2697 m.
541 2659 585 2707 2,
613 2661 868 2699 Hermannus
982 2658 1064 2698 566
1094 2660 1254 2708 positum
1285 2660 1404 2697 schol.
1438 2657 1578 2694 Veron.
1680 2655 1722 2692 ad

186 2716 311 2754 stellas
340 2722 480 2767 septem
510 2729 582 2755 om.
603 2718 723 2755 schol.
759 2717 895 2755 Veron.
983 2711 1101 2767 unde]
1133 2715 1194 2753 ubi
1225 2716 1391 2761 Nonius,
1425 2714 1676 2751 Hermannus

188 2773 269 2812 566
291 2784 348 2822 sq.
381 2773 550 2811 horridus
581 2774 769 2824 Aquilonis
797 2774 914 2811 schol.
950 2773 1089 2811 Veron.
1121 2772 1279 2810 horrifer
1308 2770 1493 2820 aequisoni
1516 2770 1632 2807 Nonii
1660 2779 1721 2806 co·

186 2830 292 2868 dices
318 2832 496 2879 plerique
526 2831 644 2868 horris
683 2836 797 2869 terras
837 2830 899 2880 qui
929 2830 1010 2867 soni
1042 2829 1166 2867 Basil.
1195 2829 1309 2866 Nonii
1423 2826 1603 2875 Aquiloni'
1635 2837 1722 2863 cam

189 2886 362 2925 Bentleio
382 2888 655 2926 lachmannus
674 2891 712 2926 in
734 2889 853 2927 Lacr.
876 2886 901 2922 I
919 2886 997 2924 186
1093 2886 1172 2924 567
1195 2880 1351 2934 gelidas]
1382 2911 1506 2922 .....
1539 2894 1576 2919 as
1598 2883 1719 2922 schol.

202 2944 340 2983 Veron.
457 2942 538 2983 568
570 2956 614 2982 ne
645 2942 784 2983 Iunius
814 2954 881 2982 nec
909 2943 1000 2981 libri

257 3013 409 3049 Bmxcx,
427 3014 534 3043 senen.
555 3015 667 3049 fragm.
1394 3019 1437 3053 14
