1942 3204
820 218 863 260 Q.
888 216 1067 252 mmlvs
1664 217 1720 260 65

288 400 334 444 Is
364 400 498 443 habet
529 414 735 444 coronam
765 398 959 444 ustulans
991 398 1189 443 uictdria.

768 490 879 534 XIII
911 487 1109 549 (Neopt.)

786 567 1102 625 Neoptolemus

172 646 261 691 340
290 644 599 704 Phssosophari
637 648 703 690 est
738 645 850 690 mihi
885 661 1080 703 necesse,
1117 647 1164 689 at
1192 646 1360 702 paucis:
1398 661 1501 689 nam
1539 646 1717 690 omnino

1149 724 1259 767 haut
1289 725 1444 781 placet.

583 802 691 848 XIV
724 802 826 862 (inc.
857 802 940 846 inc.
971 801 1059 846 fab.
1091 800 1305 860 XXXVI)

173 881 261 925 342
291 880 443 924 Ardua
474 883 594 925 tesca
625 897 779 939 aspera
810 882 915 925 saxa
944 883 1057 924 tuor.

174 1013 266 1048 uitio
290 1012 543 1057 impudicitiae
567 1012 810 1049 mollesceret.
852 1012 910 1048 Ob
935 1023 1018 1047 eam
1041 1022 1136 1054 rem,
1163 1011 1259 1055 quod
1284 1012 1364 1046 eius
1391 1011 1516 1047 aditus
1541 1017 1718 1057 angusta-

172 1062 233 1092 tus
257 1059 467 1103 parietibus
492 1060 728 1094 occasionem
745 1059 904 1103 largitur
927 1059 1124 1093 iuuenibus
1141 1057 1395 1102 petulantibus
1415 1059 1718 1093 antecedentium

173 1115 368 1149 puerorum
391 1104 670 1150 puellarumque
695 1105 972 1148 uiolandarum,
998 1105 1085 1148 quia
1110 1114 1183 1138 non
1207 1107 1311 1148 patet
1336 1104 1531 1148 refugium.
1571 1106 1715 1139 Ennius

178 1153 255 1185 ...’
281 1150 412 1184 Cicero
438 1150 483 1184 de
509 1150 569 1185 off.
592 1152 611 1185 Ι
636 1152 698 1195 18,
725 1152 767 1184 61
795 1151 946 1194 ‘itaque
970 1151 1008 1184 in
1033 1151 1178 1194 probris
1203 1150 1360 1183 maxime
1385 1150 1425 1183 in
1449 1154 1619 1195 promptu
1647 1154 1715 1191 est,

172 1195 928 1286 21³1fflffgzfflfffficss‘'i‘’ssssisssssnszfiffi
947 1196 1319 1285 ῗὲἓῖῗνέἳίῗῖᾞὲι
1331 1196 1717 1285 Ξῖᾚῖᾱωὲέἷξὲἓῖἒᾶῗί

173 1287 407 1322 Salmacida'
434 1299 464 1324 e.
492 1298 526 1332 q.
551 1298 579 1322 s.
672 1288 746 1322 XII
769 1288 880 1322 Pauli
903 1289 1041 1322 Festus
1065 1299 1100 1332 p.
1125 1288 1193 1322 369
1217 1288 1267 1321 Μ.
1295 1287 1547 1327 mitulans,
1573 1288 1721 1323 laetans

173 1333 330 1378 gaudio,
354 1337 397 1368 ut
419 1337 530 1378 pastu
553 1334 720 1368 uitulus?
767 1334 979 1368 Alexandro
1010 1334 1142 1367 tribuit
1165 1334 1382 1376 Hartungus
1408 1334 1539 1378 Eurip.
1570 1338 1657 1369 rest.
1682 1335 1719 1368 11

172 1381 253 1415 238.
344 1379 436 1413 XIII
459 1379 588 1414 Cicero
609 1382 719 1414 Tusc.
746 1379 843 1424 disp.
862 1381 901 1414 11
926 1381 944 1413 1
973 1379 1318 1423 ‘Neoptolemus
1344 1379 1491 1423 quidem
1521 1381 1619 1423 apud
1643 1382 1718 1414 En·

172 1425 273 1459 nium
298 1424 620 1470 philosophari
644 1427 735 1460 sibi
759 1427 824 1460 ait
848 1436 1039 1460 necesse
1059 1436 1176 1468 esse,
1202 1425 1282 1459 sed
1306 1425 1482 1469 paucis=
1509 1436 1608 1460 nam
1634 1437 1720 1460 om-

173 1471 278 1505 nino
310 1471 431 1505 haud
461 1471 661 1516 placere.
707 1473 787 1516 Ego
818 1475 960 1515 autem,
992 1473 1124 1514 Brute,
1155 1481 1310 1506 necesse
1342 1470 1435 1504 mihi
1466 1471 1614 1515 quidem
1639 1482 1719 1506 esse

175 1517 336 1551 arbitror
367 1516 621 1561 philosophari
644 1544 653 1553 .
667 1543 675 1552 .
689 1543 698 1552 .
722 1517 786 1552 sed
810 1528 883 1552 non
908 1517 1055 1562 paucis,
1078 1520 1121 1550 ut
1141 1517 1220 1553 ille.
1236 1535 1282 1541 —-
1305 1515 1379 1551 Sed
1405 1519 1530 1570 tamen
1554 1518 1599 1551 in
1622 1519 1720 1551 uita

172 1564 698 1653 ffissflfflsass‘toefimssssnfff
707 1574 759 1653 {³2¹3
769 1563 925 1642 ‘⁰123
940 1566 1187 1643 (1ῗῖῗωῖΤὲ
1195 1574 1279 1648 ἐἷ’
1288 1563 1456 1643 ὶέΐῗὶἴ,
1476 1574 1720 1644 ἓῗέῗθέἑῗέ

173 1653 496 1698 philosophari
524 1656 664 1698 potius,
701 1659 744 1689 ut
772 1654 1037 1698 Neoptolemus
1070 1655 1169 1698 apud
1200 1655 1377 1697 Ennium,
1408 1656 1586 1698 paucis:
1620 1666 1718 1689 nam

174 1700 353 1732 omnino
379 1699 496 1733 haud
522 1700 703 1743 placet.’
729 1700 783 1743 (b)
824 1700 927 1733 Idem
951 1701 997 1733 de
1022 1711 1099 1743 rep.
1121 1701 1138 1733 1
1165 1700 1225 1743 18,
1251 1702 1296 1734 30
1329 1701 1471 1744 ‘magis
1505 1711 1588 1734 eum
1618 1701 1719 1734 dele·

173 1745 302 1778 ctabat
325 1744 589 1789 Neoptolemus
613 1746 729 1789 Enni,
761 1746 825 1789 qui
857 1755 902 1779 se
928 1746 983 1779 ait
1013 1745 1255 1779 filosofari
1278 1745 1418 1785 uelle,
1444 1748 1515 1778 set
1539 1747 1717 1789 paucis:

173 1801 273 1823 nam
298 1792 472 1825 omnino
497 1791 616 1824 haud
641 1792 847 1835 placere)
873 1790 924 1834 (c)
959 1790 1103 1824 Gellius
1127 1791 1159 1824 V
1178 1792 1237 1832 15,
1263 1792 1284 1824 9
1310 1792 1542 1824 ‘Ennianum
1558 1791 1720 1835 Neopto-

173 1836 308 1870 lemum
331 1837 591 1880 probabamus,
617 1838 679 1881 qui
696 1836 867 1880 profecto
884 1837 940 1869 ita
966 1837 1038 1870 ait:
1064 1835 1480 1879 philosophandum
1510 1840 1580 1870 est
1603 1847 1719 1880 pau-

175 1882 261 1915 cis=
293 1892 389 1915 nam
419 1883 598 1916 omnino
629 1883 748 1916 haud
780 1882 964 1926 placet.’
1012 1881 1155 1915 Ibidem
1187 1882 1245 1924 16,
1271 1883 1292 1915 5
1325 1882 1586 1925 ‘eiusdemque
1619 1881 1719 1915 illius

173 1927 335 1960 Enniani
365 1927 619 1972 Neoptolemi,
650 1928 695 1962 de
728 1939 799 1972 quo
833 1938 947 1971 supra
981 1928 1215 1971 scripsimus,
1249 1926 1614 1961 consilioutendum
1647 1933 1717 1970 est,

175 1974 239 2017 qui
269 1973 601 2017 degustandum
634 1985 685 2008 ex
716 1973 1009 2018 philosophia
1042 1975 1216 2015 censet,
1247 1983 1333 2006 non
1362 1973 1407 2006 in
1439 1984 1534 2007 eam
1563 1974 1720 2017 ingur-

175 2019 440 2063 gitandum)
467 2019 520 2062 (d)
554 2020 660 2054 Vnde
681 2020 768 2054 olim
785 2020 899 2053 talem
915 2029 1078 2052 uersum:
1106 2017 1435 2062 degustandum
1460 2030 1512 2053 ex
1537 2019 1608 2062 ea,
1633 2030 1719 2052 non

173 2063 220 2098 in
250 2075 343 2098 eam
367 2064 743 2110 ingurgitandum
776 2064 940 2100 censeo
965 2065 1208 2098 adiunxeram
1232 2065 1279 2098 ad
1303 2065 1387 2105 340,
1420 2064 1487 2098 sed
1520 2075 1631 2108 aegre
1657 2066 1719 2098 de-

178 2109 361 2144 sideratur
386 2111 643 2155 philosophiae
668 2122 801 2146 nomen
825 2111 873 2145 ad
899 2110 995 2154 quod
1020 2121 1072 2144 ea
1098 2120 1298 2154 pronomen
1321 2110 1454 2144 referri
1478 2111 1614 2154 possit:
1644 2111 1716 2144 ita-

175 2165 248 2198 que
278 2166 375 2190 nunc
406 2157 612 2191 Mercklino
643 2158 828 2200 concessi,
860 2159 924 2201 qui
955 2157 994 2189 in
1025 2155 1163 2190 annall.
1188 2156 1330 2200 philoll.
1357 2156 1537 2200 supplem.
1570 2156 1627 2191 111
1650 2158 1717 2190 668

176 2200 298 2235 Gellio
322 2202 417 2236 haec
441 2202 684 2247 relinquenda
708 2213 790 2238 esse
816 2203 971 2237 censuit.
1021 2201 1200 2245 Apuleius
1233 2202 1279 2236 de
1310 2203 1435 2246 magia
1468 2213 1499 2236 c.
1526 2204 1569 2236 13
1594 2213 1627 2246 p.
1652 2204 1719 2236 415

176 2247 271 2282 Oud.
303 2250 370 2281 ‘ne
396 2259 464 2291 ego
490 2259 646 2283 necesse
671 2249 847 2293 habeam,
882 2251 1012 2282 contra
1043 2248 1269 2281 sententiam
1292 2247 1530 2291 Neoptolemi
1555 2249 1718 2281 Enniani

176 2292 344 2336 pluribus
366 2293 648 2338 philosophari!
673 2294 727 2338 (e)
769 2294 827 2328 cf.
851 2294 1023 2328 Platonis
1047 2293 1207 2337 Hippias
1231 2294 1348 2327 maior
1370 2305 1405 2337 p.
1431 2294 1498 2327 286
1523 2294 1565 2328 Β.
1590 2294 1719 2327 Tribui

175 2348 284 2382 posse
308 2338 586 2374 Andromachae
612 2340 764 2375 fabulae
790 2340 914 2373 monui
937 2339 976 2373 in
1001 2342 1144 2382 quaest.
1169 2349 1269 2373 scen.
1288 2350 1323 2383 p.
1341 2340 1420 2373 258.
1477 2339 1566 2374 XIV
1581 2340 1719 2372 Festus

176 2394 211 2428 Ρ.
236 2385 322 2424 356,
345 2386 389 2419 23
411 2386 460 2422 M.
487 2386 690 2420 secundum
711 2386 936 2421 Vaticanum
959 2385 991 2418 R
1015 2388 1114 2419 teste
1137 2386 1364 2419 Mommseno
1388 2386 1428 2418 in
1459 2395 1586 2419 comm.
1611 2385 1718 2420 acad.

175 2429 336 2466 Berolin.
369 2441 404 2464 a.
438 2431 527 2466 1864
556 2443 590 2476 p.
620 2433 665 2466 64
695 2431 860 2475 ‘templa
893 2431 1048 2475 antiqua
1084 2434 1217 2464 tesca
1247 2441 1328 2464 esse
1359 2431 1414 2464 ait
1446 2434 1578 2465 cuero’
1612 2430 1651 2474 (i.
1684 2442 1717 2465 e.

179 2474 330 2510 ‘Cicero
354 2477 479 2519 uero')
512 2481 670 2522 ‘aspera
700 2477 871 2511 difficilia
895 2477 1011 2512 aditu.
1043 2477 1233 2510 Ennius:
1260 2476 1399 2510 ardua
1423 2487 1471 2510 as
1513 2487 1589 2510 era
1607 2487 1719 2510 saxa

178 2524 252 2555 tuo
261 2523 305 2555 s.’
331 2523 531 2557 secundum
547 2524 737 2558 Vrsinum:
765 2522 920 2566 ‘templa
944 2523 1100 2567 antiqua
1119 2522 1127 2566 Ι
1146 2520 1284 2566 [deum.
1311 2521 1442 2556 Cicero
1459 2488 1565 2567 affero
1583 2532 1719 2565 aspera

178 2566 347 2601 difficilia
370 2567 475 2602 aditu
501 2568 508 2614 Ι
538 2566 649 2614 [dixit
673 2579 754 2603 cum
777 2569 831 2602 ait
855 2566 968 2613 lo]ca
998 2579 1164 2612 aspera
1195 2578 1306 2602 saxa
1330 2571 1457 2602 tesca
1488 2570 1618 2602 tuor.’
1659 2566 1716 2601 cf.

294 2714 376 2752 339
407 2715 438 2752 is
465 2714 640 2763 fortasse
669 2716 894 2753 eiciendum.
946 2713 1053 2751 hahet
1083 2714 1112 2751 is
1144 2713 1369 2751 Scriuerius
1484 2711 1568 2749 340
1599 2709 1716 2760 philo-

178 2770 325 2820 sophari
355 2777 412 2809 est
441 2771 527 2810 mihi
557 2783 726 2817 necesse,
757 2778 793 2810 at
826 2772 998 2819 Vossius,
1031 2771 1087 2819 cf.
1117 2783 1155 2808 a.
1187 2768 1513 2819 philosophandum
1545 2773 1622 2815 cst,
1652 2766 1716 2804 sed

181 2827 344 2866 Baebius
373 2838 426 2867 ex
454 2831 481 2867 d
508 2829 595 2866 mihi
624 2828 954 2879 philosophandum
985 2834 1041 2866 est
1071 2829 1258 2866 Dauisius
1363 2831 1424 2862 aut
1453 2825 1574 2862 Laur.
1609 2825 1721 2862 Gellii

180 2883 275 2921 haud
306 2888 428 2924 ceteri
541 2884 622 2924 342
654 2888 740 2924 olim
771 2886 850 2924 loca
879 2896 949 2934 ego
973 2896 1100 2934 aspera
1129 2895 1234 2921 saxea
1266 2888 1363 2920 tesca
1394 2887 1478 2919 tuor
1508 2882 1715 2928 edideram,

181 2951 202 2977 e
222 2942 358 2990 quibus
377 2954 483 2981 saxea
502 2943 685 2982 debebam
708 2943 749 2982 0.
771 2944 974 2982 Muellero.
1017 2943 1076 2980 An
1098 2941 1209 2978 ardua
1237 2951 1321 2977 saxa
1342 2950 1468 2989 aspera
1490 2944 1587 2977 tesca
1608 2939 1717 2976 tuor?

249 3011 400 3047 Rmnncrr,
419 3013 527 3041 Scaen.
549 3014 660 3047 fragm.
1411 3019 1431 3052 5
