1942 3204
729 175 1083 213 COROLLARIVM
1553 178 1671 214 XXIII

257 287 309 331 V.
345 288 426 331 127
459 287 625 330 malim:

398 358 503 402 mihi
535 357 687 401 licuit
718 358 936 400 miserae
969 359 1047 400 nec
1079 359 1223 401 lauere
1254 374 1284 401 e.
1315 374 1351 413 q.
1382 374 1413 401 s.

136 431 425 476 Buechelerus
462 432 629 473 mutare
666 430 839 472 miserae
877 444 1006 485 cluam
1045 432 1328 486 transponere
1367 432 1535 474 maluit:
1571 437 1669 474 ebn-

135 503 236 547 iecit
265 502 381 546 enim

440 573 545 616 mihi
577 571 700 616 licuit
731 587 858 627 neque
888 574 1005 615 meac'
1030 573 1175 615 lauere
1206 588 1237 615 e.
1269 588 1304 628 (1.
1335 588 1366 616 s.

134 645 404 694 Infinitivum
447 645 585 687 lamere
620 643 840 687 Usenerus
878 645 938 687 sic
982 647 1088 701 puto
1135 644 1330 687 obtinere
1369 647 1550 687 conatus
1588 648 1669 687 est:

136 717 239 759 mila·
269 717 384 760 limat
420 730 491 760 nec
526 715 697 758 misercii
733 717 869 759 laetere
906 716 1091 759 ἰάσι-ἱππεῖς
1128 730 1159 758 s.
1190 731 1222 759 s.
1261 715 1476 759 Neutrum
1515 717 1668 771 proba-

135 789 281 831 verim.

252 858 305 903 V.
348 859 429 901 128
471 859 565 912 quis
608 858 742 901 dativi
773 859 958 902 formam
1002 860 1320 902 commendavit
1363 859 1669 916 Kiesslingius3

133 930 422 974 Buechelerus
447 929 555 972 adeo
585 931 658 984 qui
683 945 734 972 ex
759 930 880 973 libris
906 931 1074 973 restitui
1101 931 1256 987 voluit,
1288 931 1496 973 nevnimis
1521 932 1669 987 inepta

133 1002 356 1058 utriusque
382 1015 530 1043 versus
567 1001 838 1054 ταυτολογία
863 1004 988 1044 esset.
1032 1001 1115 1044 Sed
1146 1002 1229 1044 hoc
1259 1003 1401 1058 ipsum
1435 1002 1670 1045 adfectavit

133 1076 280 1130 pocta,
317 1075 367 1116 ut
402 1072 584 1115 eandem
622 1072 882 1115 sententiam
919 1073 1146 1129 gravitatis
1184 1089 1314 1116 causa
1351 1074 1479 1129 plane
1518 1074 1667 1117 eadem

133 1146 350 1188 structura
387 1143 582 1199 quamvis
618 1143 749 1199 paulo
781 1145 958 1186 mutatis
990 1145 1132 1187 verbis
1163 1145 1231 1187 bis
1269 1145 1492 1201 proferret.
1553 1144 1667 1187 Nam

132 1219 182 1259 ut
213 1215 462 1272 saepissime
494 1215 597 1258 bina
623 1215 690 1258 vel
722 1215 838 1257 trina
869 1216 1080 1258 vocabula
1110 1216 1224 1259 idem
1255 1201 1344 1259 fere
1377 1216 1668 1273 significantia

132 1288 178 1330 in
207 1287 291 1330 hoc
323 1286 410 1329 stili
443 1300 600 1343 genere
632 1286 752 1329 iuxta
783 1289 1025 1343 ponuntur,
1055 1287 1117 1330 ita
1147 1287 1217 1330 hic
1244 1288 1452 1344 ampliore
1485 1289 1666 1334 consilio

133 1361 181 1401 ut
228 1358 274 1400 in
324 1358 595 1401 sanctissimo
645 1357 858 1414 promisso
913 1360 1031 1401 totae
1091 1360 1330 1402 sententiae
1381 1361 1667 1404 cumulantur.

133 1428 312 1472 Variare
348 1430 511 1472 formas
547 1431 696 1486 poeta'
714 1430 749 1472 si
794 1430 1018 1486 voluisset,
1062 1445 1153 1474 non
1188 1431 1336 1486 quibus
1368 1465 1377 1473 .
1405 1465 1413 1473 .
1443 1432 1554 1485 quis,
1593 1432 1667 1473 sed

132 1501 304 1544 inverso
336 1500 486 1543 ordine
516 1502 610 1556 quis
641 1535 650 1543 .
677 1534 686 1543 .
716 1501 864 1555 quibus
894 1504 943 1544 ut
979 1501 1192 1545 Pacuvius
1223 1518 1261 1545 v.
1294 1504 1380 1545 212
1413 1503 1666 1558 scripsisset.

250 1571 316 1614 De
347 1587 385 1614 v.
421 1571 505 1614 132
537 1587 598 1628 sq.
629 1572 674 1614 in
707 1572 822 1628 quod
853 1573 1006 1615 incidit
1035 1573 1324 1631 Kiesslingius

310 1644 373 1685 ita
401 1643 536 1696 facere
566 1643 698 1699 opino
730 1658 822 1686 esse
855 1646 1100 1700 optumum,
1132 1647 1180 1688 ut
1212 1661 1290 1701 pro
1324 1646 1487 1688 uiribus

309 1729 452 1770 sapere
481 1714 602 1769 atquc
631 1715 818 1757 fabulari
849 1717 941 1758 tute
973 1716 1148 1759 noueris

133 1786 372 1828 sententiae
404 1800 557 1841 parum
589 1786 836 1828 satisfacere
868 1787 1055 1843 videtur,
1087 1803 1216 1843 quam
1247 1804 1298 1830 ex
1318 1787 1522 1843 Aeschyli
1541 1789 1666 1831 Eum.

133 1858 217 1900 277
251 1872 312 1913 sq.
344 1871 590 1912 expressam
621 1871 714 1899 esse
746 1856 930 1900 Bothius
963 1858 1186 1901 intellexit.

250 1916 448 1971 Hectoris‘
485 1927 608 1970 lutra.
661 1917 734 1970 'In
778 1929 997 1972 codicibus
1041 1945 1137 1972 cum
1187 1931 1346 1986 partim
1390 1946 1441 1972 ex
1485 1931 1666 1973 lustris

131 1999 310 2055 (lystris,
343 1998 512 2054 listris),
543 1998 702 2054 partim
734 2015 785 2042 ex
817 2001 964 2055 lytris
994 2000 1136 2056 (lyris,
1174 2001 1304 2057 libris)
1334 2001 1462 2044 huius
1493 2001 1665 2044 fabulae

132 2072 377 2127 fragmenta
397 2072 571 2126 sumpta
590 2085 682 2113 esse
707 2070 922 2127 ferantur,
953 2072 1056 2115 olim
1081 2074 1370 2129 praetuleram
1396 2073 1510 2128 quod
1535 2074 1665 2129 paulo

52 2165 57 2170 ·
132 2142 308 2185 meliore
346 2141 602 2184 auctoritate
640 2142 720 2184 niti
758 2142 975 2186 videretur
1013 2144 1155 2187 lustra.
1222 2143 1374 2200 Neque
1418 2145 1593 2186 carebat
1629 2145 1666 2186 is

132 2213 285 2256 titulus
317 2227 464 2268 sensu,
495 2213 568 2269 qui
599 2214 668 2256 vel
697 2214 999 2257 lustrationem
1027 2214 1231 2258 Hectorei
1257 2215 1449 2270 corporis
1477 2218 1520 2256 et
1546 2230 1667 2257 sacra

132 2286 179 2328 in
208 2285 419 2327 honorem
456 2284 547 2326 eius
585 2285 801 2327 celebrata
837 2285 1027 2329 indicare
1066 2287 1199 2329 videri
1232 2287 1299 2329 vel
1331 2286 1384 2328 ad
1416 2286 1558 2341 ipsum
1590 2286 1663 2327 tri-

133 2357 286 2399 butum
325 2370 350 2397 a
391 2354 564 2398 Priamo
604 2354 765 2398 Achilli
815 2358 1004 2400 solutum
1047 2358 1197 2400 referri
1240 2357 1383 2413 potuit
1431 2356 1664 2399 secundum

133 2426 344 2470 Varronis
369 2426 444 2468 illa
468 2426 519 2468 de
543 2426 572 2468 1.
598 2425 644 2469 L.
670 2426 734 2469 VI
763 2428 813 2470 11
844 2429 1044 2472 ‘lustrum
1063 2429 1333 2472 nominatum
1354 2430 1524 2483 tempus
1544 2428 1664 2483 quin—

134 2498 347 2554 quennale
386 2512 412 2540 a
443 2497 606 2548 hwndo,
642 2497 670 2540 i.
701 2513 735 2540 e.
766 2499 972 2551 solvendo,
1011 2500 1125 2556 quod
1163 2500 1316 2555 quinto
1349 2513 1518 2554 quoque
1550 2513 1664 2540 anno

133 2569 362 2626 vectigalia
381 2569 559 2627 ethultro
578 2568 743 2612 tributa
762 2584 838 2626 per
857 2585 1056 2614 censores
1075 2570 1460 2627 persolvebantur.²
1502 2568 1665 2610 Tamen

133 2641 344 2696 Ennium,
381 2640 454 2696 qui
484 2639 745 2684 aechmalotis
775 2641 998 2697 epitheton
1031 2642 1234 2697 servavit,
1265 2640 1475 2683 Graecum
1507 2654 1665 2682 nomen

134 2710 277 2765 λύτρα
310 2711 467 2755 Latino
499 2711 676 2754 lustrum
701 2714 1031 2756 commutavisse
1063 2728 1215 2769 parum
1248 2711 1486 2767 probabile:
1519 2725 1664 2766 quam-

134 2783 282 2827 obrem
319 2783 456 2826 lutra
492 2782 531 2825 ei
573 2782 749 2826 reddidi.
823 2783 949 2826 Illam
992 2787 1136 2826 autem
1179 2784 1365 2824 formam
1402 2782 1534 2823 lustra
1576 2796 1665 2824 non

135 2869 161 2896 a
191 2853 397 2910 librariis,
429 2853 501 2896 sed
534 2868 559 2896 a
591 2857 929 2897 commentatore.
963 2855 1106 2910 aliquo
1140 2853 1227 2894 sive
1259 2851 1480 2895 diorthota
1512 2855 1664 2907 poetae
