<?xml version="1.0" encoding="UTF-8"?>
<!DOCTYPE html PUBLIC "-//W3C//DTD XHTML 1.0 Transitional//EN"
    "http://www.w3.org/TR/xhtml1/DTD/xhtml1-transitional.dtd">
<html xmlns="http://www.w3.org/1999/xhtml" xml:lang="en" lang="en">
 <head>
  <title>
</title>
<meta http-equiv="Content-Type" content="text/html;charset=utf-8" />
  <meta name='ocr-system' content='tesseract 3.04.00' />
  <meta name='ocr-capabilities' content='ocr_page ocr_carea ocr_par ocr_line ocrx_word'/>
</head>
<body>
  <div class='ocr_page' id='page_1' title='image "./romanorumpoes01ribbuoft_0211.png"; bbox 0 0 1942 3204; ppageno 0'>
   <div class='ocr_carea' id='block_1_1' title="bbox 777 204 1707 372">
    <p class='ocr_par' dir='ltr' id='par_1_1' title="bbox 777 204 1707 372">
     <span class='ocr_line' id='line_1_1' title="bbox 777 204 1707 248; baseline 0.003 -3"><span class='ocrx_word' id='word_1_1' title='bbox 777 211 829 246; x_wconf 76' lang='grc' dir='ltr'><strong>Μ.</strong></span> <span class='ocrx_word' id='word_1_2' title='bbox 853 208 1096 245; x_wconf 72' lang='grc' dir='ltr'><strong>ΡΑοννινε</strong></span> <span class='ocrx_word' id='word_1_3' title='bbox 1627 204 1707 248; x_wconf 83' lang='grc'><strong>127</strong></span> 
     </span>
     <span class='ocr_line' id='line_1_2' title="bbox 808 312 1070 372; baseline -0.004 -14"><span class='ocrx_word' id='word_1_4' title='bbox 808 314 939 359; x_wconf 90' lang='lat' dir='ltr'><strong>XVII</strong></span> <span class='ocrx_word' id='word_1_5' title='bbox 970 312 1070 372; x_wconf 87' lang='lat'>(14)</span> 
     </span>
    </p>
   </div>
   <div class='ocr_carea' id='block_1_2' title="bbox 290 391 1460 453">
    <p class='ocr_par' dir='ltr' id='par_1_2' title="bbox 290 391 1460 453">
     <span class='ocr_line' id='line_1_3' title="bbox 290 391 1460 453; baseline -0.003 -15"><span class='ocrx_word' id='word_1_6' title='bbox 290 394 537 453; x_wconf 72' lang='lat' dir='ltr'><strong>Aggrediar</strong></span> <span class='ocrx_word' id='word_1_7' title='bbox 568 395 665 436; x_wconf 87' lang='lat' dir='ltr'><strong>astu</strong></span> <span class='ocrx_word' id='word_1_8' title='bbox 699 393 807 435; x_wconf 77' lang='lat' dir='ltr'><strong>rem:</strong></span> <span class='ocrx_word' id='word_1_9' title='bbox 839 392 1213 435; x_wconf 77' lang='lat' dir='ltr'><strong>manticulandum</strong></span> <span class='ocrx_word' id='word_1_10' title='bbox 1245 393 1311 434; x_wconf 76' lang='lat' dir='ltr'><strong>est</strong></span> <span class='ocrx_word' id='word_1_11' title='bbox 1342 391 1460 434; x_wconf 91' lang='lat' dir='ltr'><strong>mihi.</strong></span> 
     </span>
    </p>
   </div>
   <div class='ocr_carea' id='block_1_3' title="bbox 797 480 1511 604">
    <p class='ocr_par' dir='ltr' id='par_1_3' title="bbox 797 480 1511 604">
     <span class='ocr_line' id='line_1_4' title="bbox 797 480 1082 541; baseline -0.004 -15"><span class='ocrx_word' id='word_1_12' title='bbox 797 481 951 527; x_wconf 91' lang='lat' dir='ltr'>XVIII</span> <span class='ocrx_word' id='word_1_13' title='bbox 984 480 1082 541; x_wconf 91' lang='lat'>(15)</span> 
     </span>
     <span class='ocr_line' id='line_1_5' title="bbox 871 558 1511 604; baseline -0.005 0"><span class='ocrx_word' id='word_1_14' title='bbox 871 561 1118 604; x_wconf 72' lang='lat' dir='ltr'><strong>machinam</strong></span> <span class='ocrx_word' id='word_1_15' title='bbox 1149 558 1306 602; x_wconf 79' lang='lat' dir='ltr'><strong>ordiris</strong></span> <span class='ocrx_word' id='word_1_16' title='bbox 1337 574 1511 602; x_wconf 84' lang='lat' dir='ltr'><strong>nouam.</strong></span> 
     </span>
    </p>
   </div>
   <div class='ocr_carea' id='block_1_4' title="bbox 169 637 1060 863">
    <p class='ocr_par' dir='ltr' id='par_1_4' title="bbox 169 637 1060 863">
     <span class='ocr_line' id='line_1_6' title="bbox 169 637 790 693; baseline -0.01 -9"><span class='ocrx_word' id='word_1_17' title='bbox 169 640 259 685; x_wconf 87' lang='lat'><strong>380</strong></span> <span class='ocrx_word' id='word_1_18' title='bbox 289 637 530 683; x_wconf 86' lang='lat' dir='ltr'><strong>Mant1&#39;cula</strong></span> <span class='ocrx_word' id='word_1_19' title='bbox 787 691 790 693; x_wconf 64' lang='lat'><strong>,</strong></span> 
     </span>
     <span class='ocr_line' id='line_1_7' title="bbox 394 716 1060 786; baseline -0.005 -13"><span class='ocrx_word' id='word_1_20' title='bbox 394 716 404 728; x_wconf 88' lang='lat'>&#39;</span> <span class='ocrx_word' id='word_1_21' title='bbox 821 727 928 771; x_wconf 81' lang='lat' dir='ltr'><strong>xlx</strong></span> <span class='ocrx_word' id='word_1_22' title='bbox 961 725 1060 786; x_wconf 84' lang='lat'>(42)</span> 
     </span>
     <span class='ocr_line' id='line_1_8' title="bbox 291 806 886 863; baseline -0.003 -12"><span class='ocrx_word' id='word_1_23' title='bbox 291 806 431 859; x_wconf 87' lang='lat' dir='ltr'><strong>Quom</strong></span> <span class='ocrx_word' id='word_1_24' title='bbox 464 807 591 850; x_wconf 74' lang='lat' dir='ltr'><strong>deum</strong></span> <span class='ocrx_word' id='word_1_25' title='bbox 621 806 886 863; x_wconf 85' lang='lat' dir='ltr'><strong>triportenta</strong></span> 
     </span>
    </p>
   </div>
   <div class='ocr_carea' id='block_1_5' title="bbox 291 887 1434 1026">
    <p class='ocr_par' dir='ltr' id='par_1_5' title="bbox 291 887 1434 1026">
     <span class='ocr_line' id='line_1_9' title="bbox 729 887 1147 947; baseline -0.002 -14"><span class='ocrx_word' id='word_1_26' title='bbox 729 889 813 933; x_wconf 91' lang='lat' dir='ltr'><strong>XX</strong></span> <span class='ocrx_word' id='word_1_27' title='bbox 846 889 936 947; x_wconf 84' lang='lat'><strong>(35.</strong></span> <span class='ocrx_word' id='word_1_28' title='bbox 967 889 1067 932; x_wconf 90' lang='lat' dir='ltr'><strong>Dul.</strong></span> <span class='ocrx_word' id='word_1_29' title='bbox 1099 887 1147 947; x_wconf 88' lang='grc'><strong>9)</strong></span> 
     </span>
     <span class='ocr_line' id='line_1_10' title="bbox 291 965 1434 1026; baseline -0.003 -14"><span class='ocrx_word' id='word_1_30' title='bbox 291 968 411 1013; x_wconf 73' lang='lat' dir='ltr'><strong>Voce</strong></span> <span class='ocrx_word' id='word_1_31' title='bbox 444 969 692 1026; x_wconf 72' lang='lat' dir='ltr'><strong>suppressa,</strong></span> <span class='ocrx_word' id='word_1_32' title='bbox 724 969 876 1011; x_wconf 82' lang='lat' dir='ltr'><strong>striato</strong></span> <span class='ocrx_word' id='word_1_33' title='bbox 910 968 1073 1024; x_wconf 74' lang='lat' dir='ltr'><strong>fronte,</strong></span> <span class='ocrx_word' id='word_1_34' title='bbox 1104 967 1229 1010; x_wconf 86' lang='lat' dir='ltr'><strong>uultu</strong></span> <span class='ocrx_word' id='word_1_35' title='bbox 1260 965 1434 1023; x_wconf 72' lang='lat' dir='ltr'><strong>turgido</strong></span> 
     </span>
    </p>
   </div>
   <div class='ocr_carea' id='block_1_6' title="bbox 171 1096 1716 2420">
    <p class='ocr_par' dir='ltr' id='par_1_6' title="bbox 171 1096 1716 2420">
     <span class='ocr_line' id='line_1_11' title="bbox 172 1096 1710 1143; baseline -0.003 -9"><span class='ocrx_word' id='word_1_36' title='bbox 172 1099 483 1134; x_wconf 86' lang='lat' dir='ltr'><strong>inraiuranda.</strong></span> <span class='ocrx_word' id='word_1_37' title='bbox 516 1099 674 1134; x_wconf 89' lang='lat' dir='ltr'><strong>Plautus</strong></span> <span class='ocrx_word' id='word_1_38' title='bbox 698 1099 768 1133; x_wconf 87' lang='lat' dir='ltr'><strong>hoc</strong></span> <span class='ocrx_word' id='word_1_39' title='bbox 793 1097 1004 1143; x_wconf 77' lang='lat' dir='ltr'><strong>significare</strong></span> <span class='ocrx_word' id='word_1_40' title='bbox 1028 1098 1196 1140; x_wconf 87' lang='lat' dir='ltr'><strong>uidetur,</strong></span> <span class='ocrx_word' id='word_1_41' title='bbox 1229 1098 1361 1141; x_wconf 87' lang='lat' dir='ltr'><strong>quibus</strong></span> <span class='ocrx_word' id='word_1_42' title='bbox 1387 1096 1552 1140; x_wconf 88' lang='lat' dir='ltr'><strong>quotidie</strong></span> <span class='ocrx_word' id='word_1_43' title='bbox 1572 1106 1710 1140; x_wconf 84' lang='lat' dir='ltr'><strong>paruae</strong></span> 
     </span>
     <span class='ocr_line' id='line_1_12' title="bbox 172 1142 1712 1189; baseline -0.004 -9"><span class='ocrx_word' id='word_1_44' title='bbox 172 1156 292 1180; x_wconf 86' lang='lat' dir='ltr'><strong>noxae</strong></span> <span class='ocrx_word' id='word_1_45' title='bbox 310 1149 590 1189; x_wconf 81' lang='lat' dir='ltr'><strong>extergeantur3</strong></span> <span class='ocrx_word' id='word_1_46' title='bbox 617 1146 791 1189; x_wconf 80' lang='lat' dir='ltr'>frequens</span> <span class='ocrx_word' id='word_1_47' title='bbox 810 1145 907 1178; x_wconf 90' lang='lat' dir='ltr'><strong>enim</strong></span> <span class='ocrx_word' id='word_1_48' title='bbox 924 1144 1088 1187; x_wconf 78' lang='lat' dir='ltr'><strong>antiquis</strong></span> <span class='ocrx_word' id='word_1_49' title='bbox 1105 1143 1152 1177; x_wconf 85' lang='lat' dir='ltr'><strong>ad</strong></span> <span class='ocrx_word' id='word_1_50' title='bbox 1170 1154 1299 1177; x_wconf 90' lang='lat' dir='ltr'><strong>manus</strong></span> <span class='ocrx_word' id='word_1_51' title='bbox 1315 1142 1518 1186; x_wconf 81' lang='lat' dir='ltr'><strong>tergendas</strong></span> <span class='ocrx_word' id='word_1_52' title='bbox 1535 1152 1621 1175; x_wconf 87' lang='lat' dir='ltr'><strong>usus</strong></span> <span class='ocrx_word' id='word_1_53' title='bbox 1640 1142 1712 1174; x_wconf 83' lang='lat' dir='ltr'><strong>suit</strong></span> 
     </span>
     <span class='ocr_line' id='line_1_13' title="bbox 173 1188 1711 1235; baseline -0.003 -10"><span class='ocrx_word' id='word_1_54' title='bbox 173 1191 447 1228; x_wconf 87' lang='lat' dir='ltr'><strong>mantelorum.’</strong></span> <span class='ocrx_word' id='word_1_55' title='bbox 471 1191 581 1225; x_wconf 89' lang='lat' dir='ltr'><strong>Pauli</strong></span> <span class='ocrx_word' id='word_1_56' title='bbox 598 1191 735 1225; x_wconf 82' lang='lat' dir='ltr'><strong>Festus</strong></span> <span class='ocrx_word' id='word_1_57' title='bbox 758 1202 797 1235; x_wconf 84' lang='lat' dir='ltr'><strong>p.</strong></span> <span class='ocrx_word' id='word_1_58' title='bbox 815 1192 879 1224; x_wconf 84' lang='lat'><strong>132</strong></span> <span class='ocrx_word' id='word_1_59' title='bbox 897 1190 946 1223; x_wconf 88' lang='grc' dir='ltr'><strong>Μ.</strong></span> <span class='ocrx_word' id='word_1_60' title='bbox 973 1189 1289 1223; x_wconf 79' lang='lat' dir='ltr'><strong>‘manticulari</strong></span> <span class='ocrx_word' id='word_1_61' title='bbox 1314 1189 1499 1230; x_wconf 88' lang='lat' dir='ltr'><strong>dicuntur,</strong></span> <span class='ocrx_word' id='word_1_62' title='bbox 1526 1188 1590 1231; x_wconf 87' lang='lat' dir='ltr'><strong>qui</strong></span> <span class='ocrx_word' id='word_1_63' title='bbox 1611 1198 1711 1220; x_wconf 89' lang='lat' dir='ltr'><strong>man-</strong></span> 
     </span>
     <span class='ocr_line' id='line_1_14' title="bbox 171 1233 1711 1279; baseline -0.004 -7"><span class='ocrx_word' id='word_1_64' title='bbox 171 1237 308 1271; x_wconf 79' lang='lat' dir='ltr'><strong>ticulas</strong></span> <span class='ocrx_word' id='word_1_65' title='bbox 331 1240 546 1276; x_wconf 75' lang='lat' dir='ltr'><strong>attrectant,</strong></span> <span class='ocrx_word' id='word_1_66' title='bbox 570 1240 612 1271; x_wconf 90' lang='lat' dir='ltr'><strong>ut</strong></span> <span class='ocrx_word' id='word_1_67' title='bbox 638 1237 822 1271; x_wconf 86' lang='lat' dir='ltr'><strong>furentur.</strong></span> <span class='ocrx_word' id='word_1_68' title='bbox 846 1235 950 1270; x_wconf 83' lang='lat' dir='ltr'><strong>Vnde</strong></span> <span class='ocrx_word' id='word_1_69' title='bbox 973 1238 1107 1279; x_wconf 87' lang='lat' dir='ltr'><strong>poetae</strong></span> <span class='ocrx_word' id='word_1_70' title='bbox 1131 1246 1196 1279; x_wconf 87' lang='lat' dir='ltr'><strong>pro</strong></span> <span class='ocrx_word' id='word_1_71' title='bbox 1215 1234 1341 1268; x_wconf 88' lang='lat' dir='ltr'><strong>dolose</strong></span> <span class='ocrx_word' id='word_1_72' title='bbox 1367 1233 1456 1278; x_wconf 89' lang='lat' dir='ltr'><strong>quid</strong></span> <span class='ocrx_word' id='word_1_73' title='bbox 1482 1233 1625 1278; x_wconf 83' lang='lat' dir='ltr'><strong>agendo</strong></span> <span class='ocrx_word' id='word_1_74' title='bbox 1643 1233 1711 1266; x_wconf 89' lang='lat' dir='ltr'><strong>hoc</strong></span> 
     </span>
     <span class='ocr_line' id='line_1_15' title="bbox 173 1279 1709 1323; baseline -0.004 -6"><span class='ocrx_word' id='word_1_75' title='bbox 173 1284 289 1317; x_wconf 83' lang='lat' dir='ltr'><strong>uerbo</strong></span> <span class='ocrx_word' id='word_1_76' title='bbox 312 1286 478 1320; x_wconf 86' lang='lat' dir='ltr'><strong>utuntur,</strong></span> <span class='ocrx_word' id='word_1_77' title='bbox 504 1283 752 1317; x_wconf 84' lang='lat' dir='ltr'><strong>Pacuuius:</strong></span> <span class='ocrx_word' id='word_1_78' title='bbox 785 1281 839 1316; x_wconf 91' lang='lat' dir='ltr'><strong>ad</strong></span> <span class='ocrx_word' id='word_1_79' title='bbox 869 1280 1263 1315; x_wconf 82' lang='lat' dir='ltr'><strong>manticulandum</strong></span> <span class='ocrx_word' id='word_1_80' title='bbox 1295 1283 1397 1314; x_wconf 86' lang='lat' dir='ltr'><strong>astu</strong></span> <span class='ocrx_word' id='word_1_81' title='bbox 1427 1279 1709 1323; x_wconf 82' lang='lat' dir='ltr'><strong>adgreditur.</strong></span> 
     </span>
     <span class='ocr_line' id='line_1_16' title="bbox 171 1325 1711 1371; baseline -0.003 -9"><span class='ocrx_word' id='word_1_82' title='bbox 171 1327 502 1362; x_wconf 79' lang='lat' dir='ltr'><strong>Manticularia</strong></span> <span class='ocrx_word' id='word_1_83' title='bbox 520 1328 694 1362; x_wconf 88' lang='lat' dir='ltr'><strong>dicuntur</strong></span> <span class='ocrx_word' id='word_1_84' title='bbox 706 1339 752 1362; x_wconf 82' lang='lat' dir='ltr'><strong>ea</strong></span> <span class='ocrx_word' id='word_1_85' title='bbox 766 1337 859 1371; x_wconf 84' lang='lat' dir='ltr'><strong>quae</strong></span> <span class='ocrx_word' id='word_1_86' title='bbox 873 1327 1090 1371; x_wconf 81' lang='lat' dir='ltr'><strong>frequenter</strong></span> <span class='ocrx_word' id='word_1_87' title='bbox 1101 1327 1139 1359; x_wconf 91' lang='lat' dir='ltr'><strong>in</strong></span> <span class='ocrx_word' id='word_1_88' title='bbox 1152 1336 1221 1360; x_wconf 85' lang='lat' dir='ltr'><strong>usu</strong></span> <span class='ocrx_word' id='word_1_89' title='bbox 1233 1327 1419 1359; x_wconf 83' lang='lat' dir='ltr'><strong>habentur</strong></span> <span class='ocrx_word' id='word_1_90' title='bbox 1433 1328 1471 1359; x_wconf 90' lang='lat' dir='ltr'><strong>et</strong></span> <span class='ocrx_word' id='word_1_91' title='bbox 1483 1325 1588 1368; x_wconf 86' lang='lat' dir='ltr'><strong>quasi</strong></span> <span class='ocrx_word' id='word_1_92' title='bbox 1603 1335 1711 1358; x_wconf 87' lang='lat' dir='ltr'><strong>manu</strong></span> 
     </span>
     <span class='ocr_line' id='line_1_17' title="bbox 173 1371 1712 1418; baseline -0.003 -11"><span class='ocrx_word' id='word_1_93' title='bbox 173 1377 391 1408; x_wconf 76' lang='lat' dir='ltr'><strong>tractantur.</strong></span> <span class='ocrx_word' id='word_1_94' title='bbox 416 1374 607 1418; x_wconf 84' lang='lat' dir='ltr'><strong>Frequens</strong></span> <span class='ocrx_word' id='word_1_95' title='bbox 625 1374 723 1407; x_wconf 89' lang='lat' dir='ltr'><strong>enim</strong></span> <span class='ocrx_word' id='word_1_96' title='bbox 744 1373 908 1418; x_wconf 87' lang='lat' dir='ltr'><strong>antiquis</strong></span> <span class='ocrx_word' id='word_1_97' title='bbox 933 1372 981 1406; x_wconf 91' lang='lat' dir='ltr'><strong>ad</strong></span> <span class='ocrx_word' id='word_1_98' title='bbox 998 1382 1128 1406; x_wconf 90' lang='lat' dir='ltr'><strong>manus</strong></span> <span class='ocrx_word' id='word_1_99' title='bbox 1145 1371 1346 1415; x_wconf 83' lang='lat' dir='ltr'><strong>tergendas</strong></span> <span class='ocrx_word' id='word_1_100' title='bbox 1367 1381 1454 1405; x_wconf 87' lang='lat' dir='ltr'><strong>usus</strong></span> <span class='ocrx_word' id='word_1_101' title='bbox 1480 1371 1551 1403; x_wconf 86' lang='lat' dir='ltr'><strong>fuit</strong></span> <span class='ocrx_word' id='word_1_102' title='bbox 1572 1373 1712 1403; x_wconf 88' lang='lat' dir='ltr'><strong>mante-</strong></span> 
     </span>
     <span class='ocr_line' id='line_1_18' title="bbox 172 1417 1711 1463; baseline -0.003 -10"><span class='ocrx_word' id='word_1_103' title='bbox 172 1419 301 1463; x_wconf 87' lang='lat' dir='ltr'><strong>lorum,</strong></span> <span class='ocrx_word' id='word_1_104' title='bbox 326 1419 423 1454; x_wconf 87' lang='lat' dir='ltr'><strong>unde</strong></span> <span class='ocrx_word' id='word_1_105' title='bbox 450 1419 544 1453; x_wconf 84' lang='lat' dir='ltr'><strong>haec</strong></span> <span class='ocrx_word' id='word_1_106' title='bbox 572 1419 731 1454; x_wconf 83' lang='lat' dir='ltr'><strong>trahitur</strong></span> <span class='ocrx_word' id='word_1_107' title='bbox 755 1418 986 1453; x_wconf 87' lang='lat' dir='ltr'><strong>similitudo.&#39;</strong></span> <span class='ocrx_word' id='word_1_108' title='bbox 1037 1417 1335 1459; x_wconf 81' lang='lat' dir='ltr'><strong>(‘Machinam</strong></span> <span class='ocrx_word' id='word_1_109' title='bbox 1360 1417 1528 1450; x_wconf 88' lang='lat' dir='ltr'><strong>ordiris</strong></span> <span class='ocrx_word' id='word_1_110' title='bbox 1553 1426 1711 1448; x_wconf 91' lang='lat' dir='ltr'><strong>nouam</strong></span> 
     </span>
     <span class='ocr_line' id='line_1_19' title="bbox 172 1462 1712 1508; baseline -0.003 -9"><span class='ocrx_word' id='word_1_111' title='bbox 172 1465 521 1499; x_wconf 79' lang='lat' dir='ltr'><strong>Manticulatam</strong></span> <span class='ocrx_word' id='word_1_112' title='bbox 548 1468 670 1508; x_wconf 89' lang='lat' dir='ltr'><strong>astu,</strong></span> <span class='ocrx_word' id='word_1_113' title='bbox 703 1466 932 1498; x_wconf 79' lang='lat' dir='ltr'><strong>sanctiora</strong></span> <span class='ocrx_word' id='word_1_114' title='bbox 958 1464 1106 1497; x_wconf 83' lang='lat' dir='ltr'><strong>adicis</strong></span> <span class='ocrx_word' id='word_1_115' title='bbox 1131 1481 1172 1487; x_wconf 89' lang='lat'><strong>—</strong></span> <span class='ocrx_word' id='word_1_116' title='bbox 1197 1464 1232 1497; x_wconf 88' lang='lat' dir='ltr'><strong>h.</strong></span> <span class='ocrx_word' id='word_1_117' title='bbox 1259 1474 1291 1498; x_wconf 90' lang='lat' dir='ltr'><strong>e.</strong></span> <span class='ocrx_word' id='word_1_118' title='bbox 1316 1463 1439 1506; x_wconf 82' lang='lat' dir='ltr'><strong>adigis</strong></span> <span class='ocrx_word' id='word_1_119' title='bbox 1462 1480 1506 1485; x_wconf 93' lang='lat'><em>—</em></span> <span class='ocrx_word' id='word_1_120' title='bbox 1531 1462 1712 1495; x_wconf 84' lang='lat' dir='ltr'><strong>Iuraiu-</strong></span> 
     </span>
     <span class='ocr_line' id='line_1_20' title="bbox 174 1507 1712 1555; baseline -0.003 -11"><span class='ocrx_word' id='word_1_121' title='bbox 174 1510 324 1544; x_wconf 90' lang='lat' dir='ltr'><strong>randa.</strong></span> <span class='ocrx_word' id='word_1_122' title='bbox 343 1511 497 1545; x_wconf 83' lang='lat' dir='ltr'><strong>Planius</strong></span> <span class='ocrx_word' id='word_1_123' title='bbox 514 1510 584 1544; x_wconf 89' lang='lat' dir='ltr'><strong>hoc</strong></span> <span class='ocrx_word' id='word_1_124' title='bbox 601 1510 812 1555; x_wconf 79' lang='lat' dir='ltr'><strong>significare</strong></span> <span class='ocrx_word' id='word_1_125' title='bbox 829 1510 995 1543; x_wconf 85' lang='lat' dir='ltr'><strong>uidetur:</strong></span> <span class='ocrx_word' id='word_1_126' title='bbox 1023 1510 1184 1553; x_wconf 86' lang='lat' dir='ltr'><strong>quibus</strong></span> <span class='ocrx_word' id='word_1_127' title='bbox 1209 1508 1411 1552; x_wconf 87' lang='lat' dir='ltr'><strong>quotidie</strong></span> <span class='ocrx_word' id='word_1_128' title='bbox 1436 1507 1611 1541; x_wconf 88' lang='lat' dir='ltr'><strong>Paruae</strong></span> <span class='ocrx_word' id='word_1_129' title='bbox 1636 1517 1712 1540; x_wconf 90' lang='lat' dir='ltr'><strong>no-</strong></span> 
     </span>
     <span class='ocr_line' id='line_1_21' title="bbox 174 1553 1711 1600; baseline -0.003 -10"><span class='ocrx_word' id='word_1_130' title='bbox 174 1567 257 1590; x_wconf 86' lang='lat' dir='ltr'><strong>xae</strong></span> <span class='ocrx_word' id='word_1_131' title='bbox 284 1558 628 1599; x_wconf 82' lang='lat' dir='ltr'><strong>extergeantur&#39;</strong></span> <span class='ocrx_word' id='word_1_132' title='bbox 662 1556 844 1600; x_wconf 85' lang='lat' dir='ltr'><strong>Scaliger,</strong></span> <span class='ocrx_word' id='word_1_133' title='bbox 872 1555 978 1598; x_wconf 87' lang='lat' dir='ltr'><strong>quasi</strong></span> <span class='ocrx_word' id='word_1_134' title='bbox 995 1555 1061 1588; x_wconf 90' lang='lat' dir='ltr'><strong>illa</strong></span> <span class='ocrx_word' id='word_1_135' title='bbox 1078 1555 1202 1588; x_wconf 89' lang='lat' dir='ltr'><strong>omnia</strong></span> <span class='ocrx_word' id='word_1_136' title='bbox 1218 1555 1436 1588; x_wconf 85' lang='lat' dir='ltr'><strong>Pacuuiana</strong></span> <span class='ocrx_word' id='word_1_137' title='bbox 1452 1553 1536 1588; x_wconf 87' lang='lat' dir='ltr'><strong>sint.</strong></span> <span class='ocrx_word' id='word_1_138' title='bbox 1563 1553 1606 1585; x_wconf 86' lang='lat' dir='ltr'><strong>M.</strong></span> <span class='ocrx_word' id='word_1_139' title='bbox 1625 1563 1658 1588; x_wconf 93' lang='lat'><strong>0.</strong></span> <span class='ocrx_word' id='word_1_140' title='bbox 1676 1563 1711 1585; x_wconf 91' lang='lat' dir='ltr'><strong>n.</strong></span> 
     </span>
     <span class='ocr_line' id='line_1_22' title="bbox 173 1599 1713 1643; baseline -0.003 -8"><span class='ocrx_word' id='word_1_141' title='bbox 173 1602 438 1636; x_wconf 77' lang='lat' dir='ltr'><strong>Manticula</strong></span> <span class='ocrx_word' id='word_1_142' title='bbox 462 1605 584 1643; x_wconf 77' lang='lat' dir='ltr'><strong>astu3</strong></span> <span class='ocrx_word' id='word_1_143' title='bbox 611 1605 772 1635; x_wconf 82' lang='lat' dir='ltr'><strong>sancta</strong></span> <span class='ocrx_word' id='word_1_144' title='bbox 796 1612 869 1635; x_wconf 90' lang='lat' dir='ltr'><strong>ore</strong></span> <span class='ocrx_word' id='word_1_145' title='bbox 888 1601 1020 1634; x_wconf 87' lang='lat' dir='ltr'><strong>adice</strong></span> <span class='ocrx_word' id='word_1_146' title='bbox 1039 1599 1344 1634; x_wconf 86' lang='lat' dir='ltr'><strong>iuraiuranda</strong></span> <span class='ocrx_word' id='word_1_147' title='bbox 1360 1599 1528 1640; x_wconf 89' lang='lat' dir='ltr'><strong>Bothius,</strong></span> <span class='ocrx_word' id='word_1_148' title='bbox 1548 1601 1713 1632; x_wconf 85' lang='lat' dir='ltr'><strong>extrema</strong></span> 
     </span>
     <span class='ocr_line' id='line_1_23' title="bbox 174 1644 1710 1691; baseline -0.003 -11"><span class='ocrx_word' id='word_1_149' title='bbox 174 1650 344 1691; x_wconf 81' lang='lat' dir='ltr'><strong>spectare</strong></span> <span class='ocrx_word' id='word_1_150' title='bbox 369 1647 415 1680; x_wconf 90' lang='lat' dir='ltr'><strong>ad</strong></span> <span class='ocrx_word' id='word_1_151' title='bbox 432 1646 557 1680; x_wconf 85' lang='lat' dir='ltr'><strong>Plauti</strong></span> <span class='ocrx_word' id='word_1_152' title='bbox 575 1647 681 1690; x_wconf 81' lang='lat' dir='ltr'><strong>capt.</strong></span> <span class='ocrx_word' id='word_1_153' title='bbox 698 1647 756 1681; x_wconf 92' lang='lat'><strong>111</strong></span> <span class='ocrx_word' id='word_1_154' title='bbox 772 1648 807 1690; x_wconf 83' lang='lat'><strong>3,</strong></span> <span class='ocrx_word' id='word_1_155' title='bbox 825 1647 846 1680; x_wconf 89' lang='grc'>6</span> <span class='ocrx_word' id='word_1_156' title='bbox 863 1650 1044 1681; x_wconf 84' lang='lat' dir='ltr'><strong>statuens.</strong></span> <span class='ocrx_word' id='word_1_157' title='bbox 1077 1647 1171 1680; x_wconf 89' lang='lat' dir='ltr'><strong>Post</strong></span> <span class='ocrx_word' id='word_1_158' title='bbox 1195 1644 1446 1679; x_wconf 88' lang='lat' dir='ltr'><strong>manticula</strong></span> <span class='ocrx_word' id='word_1_159' title='bbox 1471 1645 1626 1688; x_wconf 87' lang='lat' dir='ltr'><strong>periisse</strong></span> <span class='ocrx_word' id='word_1_160' title='bbox 1651 1654 1710 1677; x_wconf 88' lang='lat' dir='ltr'><strong>ex·</strong></span> 
     </span>
     <span class='ocr_line' id='line_1_24' title="bbox 177 1690 1712 1737; baseline -0.003 -11"><span class='ocrx_word' id='word_1_161' title='bbox 177 1692 330 1727; x_wconf 77' lang='lat' dir='ltr'><strong>t‘remam</strong></span> <span class='ocrx_word' id='word_1_162' title='bbox 356 1695 500 1737; x_wconf 84' lang='lat' dir='ltr'><strong>partem</strong></span> <span class='ocrx_word' id='word_1_163' title='bbox 524 1692 674 1726; x_wconf 85' lang='lat' dir='ltr'><strong>articuli</strong></span> <span class='ocrx_word' id='word_1_164' title='bbox 697 1692 979 1726; x_wconf 86' lang='lat' dir='ltr'><strong>manticularum</strong></span> <span class='ocrx_word' id='word_1_165' title='bbox 1006 1696 1043 1724; x_wconf 93' lang='lat' dir='ltr'><strong>et</strong></span> <span class='ocrx_word' id='word_1_166' title='bbox 1066 1691 1434 1736; x_wconf 63' lang='lat' dir='ltr'><strong>primam-sequentis</strong></span> <span class='ocrx_word' id='word_1_167' title='bbox 1459 1690 1505 1723; x_wconf 93' lang='lat' dir='ltr'><strong>de</strong></span> <span class='ocrx_word' id='word_1_168' title='bbox 1530 1690 1712 1722; x_wconf 84' lang='lat' dir='ltr'><strong>manticu-</strong></span> 
     </span>
     <span class='ocr_line' id='line_1_25' title="bbox 174 1735 1713 1781; baseline -0.003 -9"><span class='ocrx_word' id='word_1_169' title='bbox 174 1738 316 1772; x_wconf 74' lang='lat' dir='ltr'><strong>laribus</strong></span> <span class='ocrx_word' id='word_1_170' title='bbox 346 1742 475 1772; x_wconf 87' lang='lat' dir='ltr'><strong>censet</strong></span> <span class='ocrx_word' id='word_1_171' title='bbox 504 1738 548 1774; x_wconf 92' lang='grc' dir='ltr'><strong>Ο.</strong></span> <span class='ocrx_word' id='word_1_172' title='bbox 572 1737 789 1779; x_wconf 84' lang='lat' dir='ltr'><strong>Muellerus,</strong></span> <span class='ocrx_word' id='word_1_173' title='bbox 822 1738 885 1781; x_wconf 91' lang='lat' dir='ltr'><strong>qui</strong></span> <span class='ocrx_word' id='word_1_174' title='bbox 916 1740 1044 1770; x_wconf 86' lang='lat' dir='ltr'><strong>cetera</strong></span> <span class='ocrx_word' id='word_1_175' title='bbox 1074 1737 1128 1770; x_wconf 87' lang='lat' dir='ltr'><strong>sic</strong></span> <span class='ocrx_word' id='word_1_176' title='bbox 1157 1736 1375 1780; x_wconf 84' lang='lat' dir='ltr'><strong>refingenda</strong></span> <span class='ocrx_word' id='word_1_177' title='bbox 1405 1736 1561 1769; x_wconf 87' lang='lat' dir='ltr'><strong>conicit:</strong></span> <span class='ocrx_word' id='word_1_178' title='bbox 1598 1735 1713 1768; x_wconf 89' lang='lat' dir='ltr'><strong>haec</strong></span> 
     </span>
     <span class='ocr_line' id='line_1_26' title="bbox 175 1781 1712 1828; baseline -0.003 -11"><span class='ocrx_word' id='word_1_179' title='bbox 175 1783 507 1818; x_wconf 85' lang='lat' dir='ltr'><strong>manticularia</strong></span> <span class='ocrx_word' id='word_1_180' title='bbox 539 1787 674 1828; x_wconf 84' lang='lat' dir='ltr'><strong>putas</strong></span> <span class='ocrx_word' id='word_1_181' title='bbox 703 1783 819 1817; x_wconf 89' lang='lat' dir='ltr'><strong>uilia</strong></span> <span class='ocrx_word' id='word_1_182' title='bbox 851 1786 894 1816; x_wconf 87' lang='lat' dir='ltr'><strong>et</strong></span> <span class='ocrx_word' id='word_1_183' title='bbox 924 1783 1183 1826; x_wconf 86' lang='lat' dir='ltr'><strong>promiscua</strong></span> <span class='ocrx_word' id='word_1_184' title='bbox 1213 1785 1358 1815; x_wconf 87' lang='lat' dir='ltr'><strong>tactu:</strong></span> <span class='ocrx_word' id='word_1_185' title='bbox 1395 1792 1449 1815; x_wconf 87' lang='lat' dir='ltr'><strong>an</strong></span> <span class='ocrx_word' id='word_1_186' title='bbox 1479 1781 1712 1814; x_wconf 84' lang='lat' dir='ltr'><strong>sanctiora</strong></span> 
     </span>
     <span class='ocr_line' id='line_1_27' title="bbox 177 1825 1711 1871; baseline -0.003 -9"><span class='ocrx_word' id='word_1_187' title='bbox 177 1828 302 1864; x_wconf 85' lang='lat' dir='ltr'><strong>dicis</strong></span> <span class='ocrx_word' id='word_1_188' title='bbox 326 1829 658 1863; x_wconf 81' lang='lat' dir='ltr'><strong>iuraiuranda?</strong></span> <span class='ocrx_word' id='word_1_189' title='bbox 699 1828 844 1862; x_wconf 85' lang='lat' dir='ltr'><strong>Deinde</strong></span> <span class='ocrx_word' id='word_1_190' title='bbox 869 1831 1001 1862; x_wconf 87' lang='lat' dir='ltr'><strong>iterum</strong></span> <span class='ocrx_word' id='word_1_191' title='bbox 1028 1828 1201 1862; x_wconf 83' lang='lat' dir='ltr'><strong>lacunam</strong></span> <span class='ocrx_word' id='word_1_192' title='bbox 1231 1828 1347 1871; x_wconf 88' lang='lat' dir='ltr'><strong>ponit.</strong></span> <span class='ocrx_word' id='word_1_193' title='bbox 1394 1826 1499 1869; x_wconf 78' lang='lat' dir='ltr'><strong>Quod</strong></span> <span class='ocrx_word' id='word_1_194' title='bbox 1524 1826 1557 1860; x_wconf 87' lang='lat' dir='ltr'><strong>si</strong></span> <span class='ocrx_word' id='word_1_195' title='bbox 1580 1825 1711 1870; x_wconf 87' lang='lat' dir='ltr'><strong>proba-</strong></span> 
     </span>
     <span class='ocr_line' id='line_1_28' title="bbox 174 1870 1715 1918; baseline -0.003 -10"><span class='ocrx_word' id='word_1_196' title='bbox 174 1874 301 1908; x_wconf 88' lang='lat' dir='ltr'><strong>biliter</strong></span> <span class='ocrx_word' id='word_1_197' title='bbox 316 1875 466 1918; x_wconf 87' lang='lat' dir='ltr'><strong>statuit,</strong></span> <span class='ocrx_word' id='word_1_198' title='bbox 492 1875 538 1908; x_wconf 87' lang='lat' dir='ltr'><strong>de</strong></span> <span class='ocrx_word' id='word_1_199' title='bbox 555 1875 750 1909; x_wconf 86' lang='lat' dir='ltr'><strong>uerborum</strong></span> <span class='ocrx_word' id='word_1_200' title='bbox 767 1877 895 1908; x_wconf 87' lang='lat' dir='ltr'><strong>tactu</strong></span> <span class='ocrx_word' id='word_1_201' title='bbox 920 1884 974 1907; x_wconf 87' lang='lat' dir='ltr'><strong>an</strong></span> <span class='ocrx_word' id='word_1_202' title='bbox 1005 1874 1246 1907; x_wconf 84' lang='lat' dir='ltr'><strong>sanctiora</strong></span> <span class='ocrx_word' id='word_1_203' title='bbox 1271 1873 1390 1906; x_wconf 89' lang='lat' dir='ltr'><strong>dicis</strong></span> <span class='ocrx_word' id='word_1_204' title='bbox 1419 1870 1715 1905; x_wconf 84' lang='lat' dir='ltr'><strong>iuraiuranda</strong></span> 
     </span>
     <span class='ocr_line' id='line_1_29' title="bbox 177 1917 1714 1960; baseline -0.003 -6"><span class='ocrx_word' id='word_1_205' title='bbox 177 1923 328 1955; x_wconf 87' lang='lat' dir='ltr'><strong>auctore</strong></span> <span class='ocrx_word' id='word_1_206' title='bbox 354 1921 499 1955; x_wconf 87' lang='lat' dir='ltr'><strong>incerta</strong></span> <span class='ocrx_word' id='word_1_207' title='bbox 523 1931 582 1954; x_wconf 87' lang='lat' dir='ltr'><strong>res</strong></span> <span class='ocrx_word' id='word_1_208' title='bbox 606 1924 675 1954; x_wconf 86' lang='lat' dir='ltr'><strong>est.</strong></span> <span class='ocrx_word' id='word_1_209' title='bbox 719 1920 860 1954; x_wconf 85' lang='lat' dir='ltr'><strong>Contra</strong></span> <span class='ocrx_word' id='word_1_210' title='bbox 886 1930 966 1953; x_wconf 90' lang='lat' dir='ltr'><strong>cum</strong></span> <span class='ocrx_word' id='word_1_211' title='bbox 992 1919 1127 1953; x_wconf 79' lang='lat' dir='ltr'><strong>Bothio</strong></span> <span class='ocrx_word' id='word_1_212' title='bbox 1157 1918 1406 1952; x_wconf 86' lang='lat' dir='ltr'><strong>Buechelerus</strong></span> <span class='ocrx_word' id='word_1_213' title='bbox 1436 1917 1606 1951; x_wconf 87' lang='lat' dir='ltr'><strong>lacunam</strong></span> <span class='ocrx_word' id='word_1_214' title='bbox 1630 1919 1714 1960; x_wconf 88' lang='lat' dir='ltr'><strong>post</strong></span> 
     </span>
     <span class='ocr_line' id='line_1_30' title="bbox 176 1962 1714 2009; baseline -0.003 -9"><span class='ocrx_word' id='word_1_215' title='bbox 176 1966 480 2000; x_wconf 82' lang='lat' dir='ltr'><strong>iuraiuranda</strong></span> <span class='ocrx_word' id='word_1_216' title='bbox 510 1969 679 2000; x_wconf 82' lang='lat' dir='ltr'><strong>statuens</strong></span> <span class='ocrx_word' id='word_1_217' title='bbox 709 1967 834 2009; x_wconf 84' lang='lat' dir='ltr'><strong>priora</strong></span> <span class='ocrx_word' id='word_1_218' title='bbox 864 1967 919 1999; x_wconf 90' lang='lat' dir='ltr'><strong>sic</strong></span> <span class='ocrx_word' id='word_1_219' title='bbox 951 1965 1183 1999; x_wconf 85' lang='lat' dir='ltr'><strong>conformata</strong></span> <span class='ocrx_word' id='word_1_220' title='bbox 1212 1975 1258 1997; x_wconf 91' lang='lat' dir='ltr'><strong>m.</strong></span> <span class='ocrx_word' id='word_1_221' title='bbox 1290 1975 1322 1997; x_wconf 94' lang='grc' dir='ltr'><strong>ο.</strong></span> <span class='ocrx_word' id='word_1_222' title='bbox 1354 1974 1515 1997; x_wconf 91' lang='lat' dir='ltr'><strong>nouam</strong></span> <span class='ocrx_word' id='word_1_223' title='bbox 1546 1962 1714 1996; x_wconf 72' lang='lat' dir='ltr'><strong>Manti-</strong></span> 
     </span>
     <span class='ocr_line' id='line_1_31' title="bbox 177 2008 1715 2053; baseline -0.003 -7"><span class='ocrx_word' id='word_1_224' title='bbox 177 2011 332 2046; x_wconf 86' lang='lat' dir='ltr'><strong>culata</strong></span> <span class='ocrx_word' id='word_1_225' title='bbox 371 2023 425 2046; x_wconf 88' lang='lat' dir='ltr'><strong>an</strong></span> <span class='ocrx_word' id='word_1_226' title='bbox 463 2012 700 2046; x_wconf 86' lang='lat' dir='ltr'><strong>sanctiora</strong></span> <span class='ocrx_word' id='word_1_227' title='bbox 730 2011 1030 2044; x_wconf 87' lang='lat' dir='ltr'><strong>iuraiuranda</strong></span> <span class='ocrx_word' id='word_1_228' title='bbox 1061 2010 1215 2044; x_wconf 84' lang='lat' dir='ltr'><strong>adicis</strong></span> <span class='ocrx_word' id='word_1_229' title='bbox 1253 2009 1294 2053; x_wconf 86' lang='lat' dir='ltr'><strong>(i.</strong></span> <span class='ocrx_word' id='word_1_230' title='bbox 1327 2020 1358 2043; x_wconf 86' lang='lat' dir='ltr'><strong>e.</strong></span> <span class='ocrx_word' id='word_1_231' title='bbox 1395 2008 1514 2053; x_wconf 87' lang='lat' dir='ltr'><strong>addis)</strong></span> <span class='ocrx_word' id='word_1_232' title='bbox 1552 2008 1715 2042; x_wconf 85' lang='lat' dir='ltr'><strong>Pacuuio</strong></span> 
     </span>
     <span class='ocr_line' id='line_1_32' title="bbox 177 2052 1714 2100; baseline -0.003 -10"><span class='ocrx_word' id='word_1_233' title='bbox 177 2057 376 2091; x_wconf 87' lang='lat' dir='ltr'><strong>tribuenda</strong></span> <span class='ocrx_word' id='word_1_234' title='bbox 402 2057 559 2099; x_wconf 87' lang='lat' dir='ltr'><strong>censet.)</strong></span> <span class='ocrx_word' id='word_1_235' title='bbox 600 2057 657 2091; x_wconf 83' lang='lat' dir='ltr'><strong>cf.</strong></span> <span class='ocrx_word' id='word_1_236' title='bbox 682 2057 826 2091; x_wconf 85' lang='lat' dir='ltr'><strong>Placidi</strong></span> <span class='ocrx_word' id='word_1_237' title='bbox 852 2057 977 2100; x_wconf 86' lang='lat' dir='ltr'><strong>glossa</strong></span> <span class='ocrx_word' id='word_1_238' title='bbox 1001 2055 1057 2100; x_wconf 81' lang='lat' dir='ltr'><strong>(A,</strong></span> <span class='ocrx_word' id='word_1_239' title='bbox 1082 2057 1159 2090; x_wconf 88' lang='lat' dir='ltr'><strong>Mai</strong></span> <span class='ocrx_word' id='word_1_240' title='bbox 1185 2055 1294 2089; x_wconf 83' lang='lat' dir='ltr'><strong>class.</strong></span> <span class='ocrx_word' id='word_1_241' title='bbox 1320 2058 1417 2091; x_wconf 85' lang='lat' dir='ltr'><strong>auct.</strong></span> <span class='ocrx_word' id='word_1_242' title='bbox 1441 2055 1498 2088; x_wconf 89' lang='grc' dir='ltr'><strong>ΙΙΙ</strong></span> <span class='ocrx_word' id='word_1_243' title='bbox 1522 2052 1606 2096; x_wconf 83' lang='grc'><strong>432)</strong></span> <span class='ocrx_word' id='word_1_244' title='bbox 1639 2052 1714 2086; x_wconf 81' lang='lat' dir='ltr'><strong>‘ad</strong></span> 
     </span>
     <span class='ocr_line' id='line_1_33' title="bbox 176 2099 1714 2146; baseline -0.003 -9"><span class='ocrx_word' id='word_1_245' title='bbox 176 2102 578 2143; x_wconf 88' lang='lat' dir='ltr'><strong>manticulandum,</strong></span> <span class='ocrx_word' id='word_1_246' title='bbox 602 2102 650 2136; x_wconf 85' lang='lat' dir='ltr'><strong>ad</strong></span> <span class='ocrx_word' id='word_1_247' title='bbox 675 2102 796 2136; x_wconf 89' lang='lat' dir='ltr'><strong>dolum</strong></span> <span class='ocrx_word' id='word_1_248' title='bbox 821 2106 859 2136; x_wconf 90' lang='lat' dir='ltr'><strong>et</strong></span> <span class='ocrx_word' id='word_1_249' title='bbox 876 2102 1049 2146; x_wconf 89' lang='lat' dir='ltr'><strong>strophas</strong></span> <span class='ocrx_word' id='word_1_250' title='bbox 1070 2101 1385 2145; x_wconf 63' lang='lat' dir='ltr'><strong>excogitandum)</strong></span> <span class='ocrx_word' id='word_1_251' title='bbox 1411 2104 1450 2133; x_wconf 87' lang='lat' dir='ltr'><strong>ct</strong></span> <span class='ocrx_word' id='word_1_252' title='bbox 1466 2099 1714 2133; x_wconf 86' lang='lat' dir='ltr'><strong>Hildebrandi</strong></span> 
     </span>
     <span class='ocr_line' id='line_1_34' title="bbox 177 2146 1714 2193; baseline -0.003 -11"><span class='ocrx_word' id='word_1_253' title='bbox 177 2148 289 2192; x_wconf 78' lang='lat' dir='ltr'><strong>gloss.</strong></span> <span class='ocrx_word' id='word_1_254' title='bbox 313 2149 398 2183; x_wconf 88' lang='lat' dir='ltr'><strong>Lat.</strong></span> <span class='ocrx_word' id='word_1_255' title='bbox 432 2159 467 2193; x_wconf 88' lang='lat' dir='ltr'><strong>p.</strong></span> <span class='ocrx_word' id='word_1_256' title='bbox 494 2150 571 2182; x_wconf 83' lang='lat'><strong>149.</strong></span> <span class='ocrx_word' id='word_1_257' title='bbox 595 2150 674 2182; x_wconf 76' lang='lat'><strong>204.</strong></span> <span class='ocrx_word' id='word_1_258' title='bbox 781 2148 869 2182; x_wconf 88' lang='lat' dir='ltr'><strong>XIX</strong></span> <span class='ocrx_word' id='word_1_259' title='bbox 893 2149 1010 2182; x_wconf 86' lang='lat' dir='ltr'><strong>Varro</strong></span> <span class='ocrx_word' id='word_1_260' title='bbox 1038 2147 1086 2180; x_wconf 89' lang='lat' dir='ltr'><strong>&#39;de</strong></span> <span class='ocrx_word' id='word_1_261' title='bbox 1117 2147 1139 2180; x_wconf 86' lang='lat'><strong>1.</strong></span> <span class='ocrx_word' id='word_1_262' title='bbox 1166 2148 1207 2180; x_wconf 90' lang='lat' dir='ltr'><strong>L.</strong></span> <span class='ocrx_word' id='word_1_263' title='bbox 1233 2146 1303 2181; x_wconf 90' lang='lat' dir='ltr'><strong>v11</strong></span> <span class='ocrx_word' id='word_1_264' title='bbox 1335 2148 1378 2180; x_wconf 86' lang='lat'><strong>59</strong></span> <span class='ocrx_word' id='word_1_265' title='bbox 1402 2146 1452 2181; x_wconf 88' lang='grc' dir='ltr'><strong>Μ.</strong></span> <span class='ocrx_word' id='word_1_266' title='bbox 1489 2146 1714 2178; x_wconf 76' lang='lat' dir='ltr'><strong>‘Pacuuiust</strong></span> 
     </span>
     <span class='ocr_line' id='line_1_35' title="bbox 178 2188 1715 2238; baseline -0.003 -10"><span class='ocrx_word' id='word_1_267' title='bbox 178 2204 286 2238; x_wconf 87' lang='lat' dir='ltr'><strong>quom</strong></span> <span class='ocrx_word' id='word_1_268' title='bbox 311 2195 345 2228; x_wconf 90' lang='lat' dir='ltr'><strong>d.</strong></span> <span class='ocrx_word' id='word_1_269' title='bbox 370 2198 396 2228; x_wconf 91' lang='lat' dir='ltr'><strong>t.</strong></span> <span class='ocrx_word' id='word_1_270' title='bbox 422 2194 466 2227; x_wconf 89' lang='lat' dir='ltr'><strong>In</strong></span> <span class='ocrx_word' id='word_1_271' title='bbox 489 2188 694 2228; x_wconf 73' lang='lat' dir='ltr'><strong>Mercatore</strong></span> <span class='ocrx_word' id='word_1_272' title='bbox 725 2219 734 2228; x_wconf 94' lang='lat'><strong>.</strong></span> <span class='ocrx_word' id='word_1_273' title='bbox 754 2220 762 2227; x_wconf 90' lang='lat'><em>.</em></span> <span class='ocrx_word' id='word_1_274' title='bbox 783 2197 812 2227; x_wconf 90' lang='lat'><strong>.’</strong></span> <span class='ocrx_word' id='word_1_275' title='bbox 954 2193 1020 2227; x_wconf 88' lang='lat' dir='ltr'><strong>XX</strong></span> <span class='ocrx_word' id='word_1_276' title='bbox 1044 2193 1138 2227; x_wconf 85' lang='lat' dir='ltr'><strong>Non.</strong></span> <span class='ocrx_word' id='word_1_277' title='bbox 1163 2194 1250 2232; x_wconf 78' lang='lat'><strong>204,</strong></span> <span class='ocrx_word' id='word_1_278' title='bbox 1281 2194 1325 2226; x_wconf 88' lang='grc'><strong>30</strong></span> <span class='ocrx_word' id='word_1_279' title='bbox 1357 2191 1578 2224; x_wconf 84' lang='lat' dir='ltr'><strong>‘frontem</strong></span> <span class='ocrx_word' id='word_1_280' title='bbox 1609 2191 1715 2223; x_wconf 84' lang='lat' dir='ltr'><strong>semi-</strong></span> 
     </span>
     <span class='ocr_line' id='line_1_36' title="bbox 177 2237 1712 2284; baseline -0.003 -11"><span class='ocrx_word' id='word_1_281' title='bbox 177 2241 265 2273; x_wconf 85' lang='lat' dir='ltr'><strong>nino</strong></span> <span class='ocrx_word' id='word_1_282' title='bbox 296 2250 429 2284; x_wconf 81' lang='lat' dir='ltr'><strong>genere</strong></span> <span class='ocrx_word' id='word_1_283' title='bbox 455 2239 641 2284; x_wconf 79' lang='lat' dir='ltr'><strong>Vergilius</strong></span> <span class='ocrx_word' id='word_1_284' title='bbox 673 2265 682 2274; x_wconf 92' lang='lat'><strong><em>.</em></strong></span> <span class='ocrx_word' id='word_1_285' title='bbox 775 2239 981 2273; x_wconf 85' lang='lat' dir='ltr'><strong>masculino</strong></span> <span class='ocrx_word' id='word_1_286' title='bbox 1011 2239 1174 2272; x_wconf 87' lang='lat' dir='ltr'><strong>Titinius</strong></span> <span class='ocrx_word' id='word_1_287' title='bbox 1202 2263 1212 2272; x_wconf 89' lang='lat'><strong>.</strong></span> <span class='ocrx_word' id='word_1_288' title='bbox 1233 2263 1241 2272; x_wconf 92' lang='lat'><strong><em>.</em></strong></span> <span class='ocrx_word' id='word_1_289' title='bbox 1262 2263 1271 2272; x_wconf 92' lang='lat'><strong>.</strong></span> <span class='ocrx_word' id='word_1_290' title='bbox 1300 2237 1478 2271; x_wconf 77' lang='lat' dir='ltr'><strong>feminino</strong></span> <span class='ocrx_word' id='word_1_291' title='bbox 1507 2237 1712 2270; x_wconf 87' lang='lat' dir='ltr'><strong>Pacuuius:</strong></span> 
     </span>
     <span class='ocr_line' id='line_1_37' title="bbox 178 2282 1714 2329; baseline -0.003 -10"><span class='ocrx_word' id='word_1_292' title='bbox 178 2287 292 2319; x_wconf 84' lang='lat' dir='ltr'><strong>uoce’</strong></span> <span class='ocrx_word' id='word_1_293' title='bbox 317 2296 349 2319; x_wconf 91' lang='lat' dir='ltr'><strong>e.</strong></span> <span class='ocrx_word' id='word_1_294' title='bbox 376 2296 410 2329; x_wconf 84' lang='lat' dir='ltr'><strong>q,</strong></span> <span class='ocrx_word' id='word_1_295' title='bbox 436 2295 465 2318; x_wconf 90' lang='lat' dir='ltr'><strong>s.</strong></span> <span class='ocrx_word' id='word_1_296' title='bbox 507 2285 626 2318; x_wconf 82' lang='lat' dir='ltr'><strong>‘Cato</strong></span> <span class='ocrx_word' id='word_1_297' title='bbox 649 2311 656 2318; x_wconf 97' lang='lat'>.</span> <span class='ocrx_word' id='word_1_298' title='bbox 679 2310 688 2320; x_wconf 88' lang='lat'><strong>.</strong></span> <span class='ocrx_word' id='word_1_299' title='bbox 707 2310 717 2319; x_wconf 86' lang='lat'><strong>.</strong></span> <span class='ocrx_word' id='word_1_300' title='bbox 747 2286 871 2319; x_wconf 84' lang='lat' dir='ltr'><strong>fronte</strong></span> <span class='ocrx_word' id='word_1_301' title='bbox 896 2285 1006 2327; x_wconf 85' lang='lat' dir='ltr'><strong>longo</strong></span> <span class='ocrx_word' id='word_1_302' title='bbox 1037 2309 1045 2318; x_wconf 92' lang='lat'>.</span> <span class='ocrx_word' id='word_1_303' title='bbox 1067 2309 1075 2317; x_wconf 90' lang='lat'><strong>.</strong></span> <span class='ocrx_word' id='word_1_304' title='bbox 1096 2310 1104 2317; x_wconf 91' lang='lat'>.</span> <span class='ocrx_word' id='word_1_305' title='bbox 1133 2283 1319 2317; x_wconf 85' lang='lat' dir='ltr'><strong>Caecilius</strong></span> <span class='ocrx_word' id='word_1_306' title='bbox 1347 2308 1356 2317; x_wconf 90' lang='lat'>.</span> <span class='ocrx_word' id='word_1_307' title='bbox 1377 2308 1385 2316; x_wconf 87' lang='lat'><strong>.</strong></span> <span class='ocrx_word' id='word_1_308' title='bbox 1407 2307 1416 2316; x_wconf 89' lang='lat'><strong>.</strong></span> <span class='ocrx_word' id='word_1_309' title='bbox 1447 2283 1569 2315; x_wconf 82' lang='lat' dir='ltr'><strong>fronte</strong></span> <span class='ocrx_word' id='word_1_310' title='bbox 1594 2282 1714 2314; x_wconf 85' lang='lat' dir='ltr'><strong>hilaro</strong></span> 
     </span>
     <span class='ocr_line' id='line_1_38' title="bbox 184 2327 1716 2374; baseline -0.003 -10"><span class='ocrx_word' id='word_1_311' title='bbox 184 2356 192 2364; x_wconf 89' lang='lat'>.</span> <span class='ocrx_word' id='word_1_312' title='bbox 208 2333 260 2363; x_wconf 90' lang='lat'><strong>..&#39;</strong></span> <span class='ocrx_word' id='word_1_313' title='bbox 287 2330 530 2370; x_wconf 82' lang='lat' dir='ltr'><strong>(feminino</strong></span> <span class='ocrx_word' id='word_1_314' title='bbox 555 2330 625 2366; x_wconf 88' lang='lat' dir='ltr'><strong>del.</strong></span> <span class='ocrx_word' id='word_1_315' title='bbox 652 2330 855 2374; x_wconf 87' lang='lat' dir='ltr'><strong>Mercerus)</strong></span> <span class='ocrx_word' id='word_1_316' title='bbox 881 2331 935 2363; x_wconf 86' lang='lat' dir='ltr'><strong>Ex</strong></span> <span class='ocrx_word' id='word_1_317' title='bbox 958 2330 1136 2363; x_wconf 87' lang='lat' dir='ltr'><strong>Varronis</strong></span> <span class='ocrx_word' id='word_1_318' title='bbox 1159 2329 1203 2363; x_wconf 88' lang='lat' dir='ltr'><strong>de</strong></span> <span class='ocrx_word' id='word_1_319' title='bbox 1229 2329 1251 2362; x_wconf 94' lang='grc'><strong>1.</strong></span> <span class='ocrx_word' id='word_1_320' title='bbox 1277 2329 1319 2362; x_wconf 90' lang='lat' dir='ltr'><strong>L.</strong></span> <span class='ocrx_word' id='word_1_321' title='bbox 1337 2329 1408 2362; x_wconf 88' lang='lat' dir='ltr'><strong>VII</strong></span> <span class='ocrx_word' id='word_1_322' title='bbox 1434 2330 1498 2362; x_wconf 80' lang='lat'><strong>107</strong></span> <span class='ocrx_word' id='word_1_323' title='bbox 1517 2328 1566 2360; x_wconf 91' lang='lat' dir='ltr'><strong>M.</strong></span> <span class='ocrx_word' id='word_1_324' title='bbox 1592 2327 1716 2370; x_wconf 87' lang='lat' dir='ltr'><strong>glossa</strong></span> 
     </span>
     <span class='ocr_line' id='line_1_39' title="bbox 180 2368 1714 2420; baseline -0.004 -10"><span class='ocrx_word' id='word_1_325' title='bbox 180 2379 206 2417; x_wconf 79' lang='lat'><strong>(‘</strong></span> <span class='ocrx_word' id='word_1_326' title='bbox 216 2377 254 2410; x_wconf 88' lang='lat' dir='ltr'><strong>in</strong></span> <span class='ocrx_word' id='word_1_327' title='bbox 279 2376 392 2410; x_wconf 85' lang='lat' dir='ltr'><strong>Dolo:</strong></span> <span class='ocrx_word' id='word_1_328' title='bbox 417 2380 612 2420; x_wconf 87' lang='lat' dir='ltr'><strong>caperrata</strong></span> <span class='ocrx_word' id='word_1_329' title='bbox 636 2376 795 2419; x_wconf 80' lang='lat' dir='ltr'><strong>fronte’)</strong></span> <span class='ocrx_word' id='word_1_330' title='bbox 820 2376 977 2409; x_wconf 84' lang='lat' dir='ltr'><strong>Pacuuii</strong></span> <span class='ocrx_word' id='word_1_331' title='bbox 999 2376 1209 2409; x_wconf 82' lang='lat' dir='ltr'><strong>memoriam</strong></span> <span class='ocrx_word' id='word_1_332' title='bbox 1235 2374 1377 2407; x_wconf 87' lang='lat' dir='ltr'><strong>idoneis</strong></span> <span class='ocrx_word' id='word_1_333' title='bbox 1401 2368 1460 2406; x_wconf 87' lang='lat' dir='ltr'><strong>de&#39;</strong></span> <span class='ocrx_word' id='word_1_334' title='bbox 1470 2373 1592 2406; x_wconf 84' lang='lat' dir='ltr'><strong>causis</strong></span> <span class='ocrx_word' id='word_1_335' title='bbox 1623 2372 1714 2405; x_wconf 85' lang='lat' dir='ltr'><strong>relc-</strong></span> 
     </span>
    </p>
   </div>
   <div class='ocr_carea' id='block_1_7' title="bbox 179 2418 1715 2502">
    <p class='ocr_par' dir='ltr' id='par_1_7' title="bbox 179 2418 1715 2502">
     <span class='ocr_line' id='line_1_40' title="bbox 179 2418 1715 2501; baseline -0.003 -46"><span class='ocrx_word' id='word_1_336' title='bbox 179 2421 573 2501; x_wconf 50' lang='lat' dir='ltr'><strong>{auggfiffduellerum</strong></span> <span class='ocrx_word' id='word_1_337' title='bbox 606 2422 778 2456; x_wconf 88' lang='lat' dir='ltr'><strong>Nostrum</strong></span> <span class='ocrx_word' id='word_1_338' title='bbox 800 2432 948 2455; x_wconf 86' lang='lat' dir='ltr'><strong>uersum</strong></span> <span class='ocrx_word' id='word_1_339' title='bbox 964 2423 1116 2456; x_wconf 85' lang='lat' dir='ltr'><strong>Vossius</strong></span> <span class='ocrx_word' id='word_1_340' title='bbox 1133 2420 1286 2463; x_wconf 86' lang='lat' dir='ltr'><strong>adiungi</strong></span> <span class='ocrx_word' id='word_1_341' title='bbox 1301 2419 1419 2452; x_wconf 90' lang='lat' dir='ltr'><strong>uoluit</strong></span> <span class='ocrx_word' id='word_1_342' title='bbox 1445 2418 1492 2452; x_wconf 87' lang='lat' dir='ltr'><strong>ad</strong></span> <span class='ocrx_word' id='word_1_343' title='bbox 1509 2418 1715 2452; x_wconf 84' lang='lat' dir='ltr'><strong>Dulorestis</strong></span> 
     </span>
     <span class='ocr_line' id='line_1_41' title="bbox 198 2472 1628 2502; baseline -0.001 -1"><span class='ocrx_word' id='word_1_344' title='bbox 198 2477 225 2502; x_wconf 91' lang='lat' dir='ltr'><strong>r.</strong></span> <span class='ocrx_word' id='word_1_345' title='bbox 379 2494 387 2502; x_wconf 96' lang='lat'>.</span> <span class='ocrx_word' id='word_1_346' title='bbox 1612 2472 1628 2478; x_wconf 74' lang='lat'><strong>⁴</strong></span> 
     </span>
    </p>
   </div>
   <div class='ocr_carea' id='block_1_8' title="bbox 179 2542 464 2548">
    <p class='ocr_par' dir='ltr' id='par_1_8' title="bbox 179 2542 464 2548">
     <span class='ocr_line' id='line_1_42' title="bbox 179 2542 464 2548; baseline 0 0"><span class='ocrx_word' id='word_1_347' title='bbox 179 2542 464 2548; x_wconf 95' lang='lat' dir='ltr'><strong> </strong></span> 
     </span>
    </p>
   </div>
   <div class='ocr_carea' id='block_1_9' title="bbox 175 2583 1716 2977">
    <p class='ocr_par' dir='ltr' id='par_1_9' title="bbox 175 2583 1716 2977">
     <span class='ocr_line' id='line_1_43' title="bbox 181 2583 1713 2637; baseline -0.003 -13"><span class='ocrx_word' id='word_1_348' title='bbox 181 2586 266 2636; x_wconf 84' lang='lat' dir='ltr'><strong>quid</strong></span> <span class='ocrx_word' id='word_1_349' title='bbox 297 2598 444 2637; x_wconf 84' lang='lat' dir='ltr'><strong>prome,</strong></span> <span class='ocrx_word' id='word_1_350' title='bbox 482 2598 568 2625; x_wconf 88' lang='lat' dir='ltr'><strong>erue</strong></span> <span class='ocrx_word' id='word_1_351' title='bbox 599 2588 790 2637; x_wconf 73' lang='lat' dir='ltr'><strong>Scaliqer.</strong></span> <span class='ocrx_word' id='word_1_352' title='bbox 831 2588 1072 2626; x_wconf 74' lang='lat' dir='ltr'><strong>Schedarum</strong></span> <span class='ocrx_word' id='word_1_353' title='bbox 1103 2590 1336 2635; x_wconf 81' lang='lat' dir='ltr'><strong>scripturam</strong></span> <span class='ocrx_word' id='word_1_354' title='bbox 1370 2586 1515 2634; x_wconf 82' lang='lat' dir='ltr'><strong>probae</strong></span> <span class='ocrx_word' id='word_1_355' title='bbox 1552 2595 1636 2621; x_wconf 77' lang='lat' dir='ltr'><strong>cum</strong></span> <span class='ocrx_word' id='word_1_356' title='bbox 1671 2583 1713 2620; x_wconf 87' lang='lat'><strong>0.</strong></span> 
     </span>
     <span class='ocr_line' id='line_1_44' title="bbox 180 2641 1715 2690; baseline -0.004 -9"><span class='ocrx_word' id='word_1_357' title='bbox 180 2644 370 2682; x_wconf 81' lang='lat' dir='ltr'><strong>Muellero</strong></span> <span class='ocrx_word' id='word_1_358' title='bbox 383 2645 660 2683; x_wconf 78' lang='lat' dir='ltr'><strong>Lachmannus</strong></span> <span class='ocrx_word' id='word_1_359' title='bbox 679 2648 717 2682; x_wconf 83' lang='lat' dir='ltr'><strong>in</strong></span> <span class='ocrx_word' id='word_1_360' title='bbox 735 2643 855 2683; x_wconf 71' lang='lat' dir='ltr'><strong>Lacr.</strong></span> <span class='ocrx_word' id='word_1_361' title='bbox 865 2645 912 2682; x_wconf 94' lang='lat'><strong>11</strong></span> <span class='ocrx_word' id='word_1_362' title='bbox 924 2644 1018 2682; x_wconf 84' lang='lat'>547.</span> <span class='ocrx_word' id='word_1_363' title='bbox 1041 2645 1229 2682; x_wconf 76' lang='lat' dir='ltr'><strong>Fortasse</strong></span> <span class='ocrx_word' id='word_1_364' title='bbox 1249 2645 1338 2680; x_wconf 80' lang='lat' dir='ltr'><strong>scite</strong></span> <span class='ocrx_word' id='word_1_365' title='bbox 1359 2644 1452 2679; x_wconf 86' lang='lat' dir='ltr'><strong>enim</strong></span> <span class='ocrx_word' id='word_1_366' title='bbox 1467 2641 1552 2690; x_wconf 80' lang='lat' dir='ltr'><strong>quid</strong></span> <span class='ocrx_word' id='word_1_367' title='bbox 1570 2651 1715 2689; x_wconf 81' lang='lat' dir='ltr'><strong>promp-</strong></span> 
     </span>
     <span class='ocr_line' id='line_1_45' title="bbox 180 2698 1714 2751; baseline -0.003 -13"><span class='ocrx_word' id='word_1_368' title='bbox 180 2701 271 2738; x_wconf 82' lang='lat' dir='ltr'><strong>serit</strong></span> <span class='ocrx_word' id='word_1_369' title='bbox 297 2703 455 2749; x_wconf 76' lang='lat' dir='ltr'><strong>seripsil</strong></span> <span class='ocrx_word' id='word_1_370' title='bbox 560 2702 641 2740; x_wconf 84' lang='lat'><strong>378</strong></span> <span class='ocrx_word' id='word_1_371' title='bbox 672 2701 864 2751; x_wconf 78' lang='lat' dir='ltr'><strong>aggrediar</strong></span> <span class='ocrx_word' id='word_1_372' title='bbox 893 2707 973 2738; x_wconf 76' lang='lat' dir='ltr'><strong>astu</strong></span> <span class='ocrx_word' id='word_1_373' title='bbox 1004 2712 1100 2749; x_wconf 82' lang='lat' dir='ltr'><strong>rem,</strong></span> <span class='ocrx_word' id='word_1_374' title='bbox 1130 2712 1176 2738; x_wconf 90' lang='lat' dir='ltr'><strong>m.</strong></span> <span class='ocrx_word' id='word_1_375' title='bbox 1207 2712 1239 2737; x_wconf 84' lang='lat' dir='ltr'><strong>c.</strong></span> <span class='ocrx_word' id='word_1_376' title='bbox 1271 2712 1317 2736; x_wconf 85' lang='lat' dir='ltr'><strong>m.</strong></span> <span class='ocrx_word' id='word_1_377' title='bbox 1348 2699 1622 2735; x_wconf 81' lang='lat' dir='ltr'><strong>Lachmamms</strong></span> <span class='ocrx_word' id='word_1_378' title='bbox 1641 2698 1667 2733; x_wconf 82' lang='grc' dir='ltr'><strong>Ι.</strong></span> <span class='ocrx_word' id='word_1_379' title='bbox 1688 2698 1714 2733; x_wconf 89' lang='lat' dir='ltr'><strong>l.</strong></span> 
     </span>
     <span class='ocr_line' id='line_1_46' title="bbox 182 2754 1712 2807; baseline -0.003 -13"><span class='ocrx_word' id='word_1_380' title='bbox 182 2768 212 2794; x_wconf 85' lang='lat' dir='ltr'><strong>a.</strong></span> <span class='ocrx_word' id='word_1_381' title='bbox 234 2768 266 2795; x_wconf 81' lang='lat' dir='ltr'><strong>a.</strong></span> <span class='ocrx_word' id='word_1_382' title='bbox 287 2767 413 2807; x_wconf 80' lang='lat' dir='ltr'><strong>regem</strong></span> <span class='ocrx_word' id='word_1_383' title='bbox 434 2769 483 2796; x_wconf 91' lang='lat' dir='ltr'><strong>m.</strong></span> <span class='ocrx_word' id='word_1_384' title='bbox 503 2769 536 2796; x_wconf 87' lang='lat' dir='ltr'><strong>c.</strong></span> <span class='ocrx_word' id='word_1_385' title='bbox 558 2770 606 2798; x_wconf 90' lang='lat' dir='ltr'><strong>m.</strong></span> <span class='ocrx_word' id='word_1_386' title='bbox 628 2758 798 2797; x_wconf 78' lang='lat' dir='ltr'><strong>schedae</strong></span> <span class='ocrx_word' id='word_1_387' title='bbox 827 2758 956 2795; x_wconf 84' lang='lat' dir='ltr'><strong>deinde</strong></span> <span class='ocrx_word' id='word_1_388' title='bbox 977 2770 1007 2795; x_wconf 78' lang='lat' dir='ltr'><strong>a.</strong></span> <span class='ocrx_word' id='word_1_389' title='bbox 1030 2769 1061 2795; x_wconf 84' lang='lat' dir='ltr'><strong>a.</strong></span> <span class='ocrx_word' id='word_1_390' title='bbox 1084 2769 1208 2807; x_wconf 83' lang='lat' dir='ltr'><strong>regem</strong></span> <span class='ocrx_word' id='word_1_391' title='bbox 1240 2768 1286 2793; x_wconf 89' lang='lat' dir='ltr'><strong>m.</strong></span> <span class='ocrx_word' id='word_1_392' title='bbox 1305 2768 1338 2793; x_wconf 89' lang='lat' dir='ltr'><strong>c.</strong></span> <span class='ocrx_word' id='word_1_393' title='bbox 1371 2756 1426 2792; x_wconf 77' lang='lat' dir='ltr'><strong>llic</strong></span> <span class='ocrx_word' id='word_1_394' title='bbox 1458 2754 1540 2790; x_wconf 69' lang='lat' dir='ltr'><strong>milli</strong></span> <span class='ocrx_word' id='word_1_395' title='bbox 1562 2754 1712 2799; x_wconf 74' lang='lat' dir='ltr'><strong>Aldina,</strong></span> 
     </span>
     <span class='ocr_line' id='line_1_47' title="bbox 175 2810 1716 2865; baseline -0.004 -13"><span class='ocrx_word' id='word_1_396' title='bbox 175 2815 363 2861; x_wconf 79' lang='lat' dir='ltr'><strong>probauit</strong></span> <span class='ocrx_word' id='word_1_397' title='bbox 393 2814 435 2852; x_wconf 88' lang='lat'><strong>0.</strong></span> <span class='ocrx_word' id='word_1_398' title='bbox 458 2815 684 2854; x_wconf 80' lang='lat' dir='ltr'><strong>Muellerus.</strong></span> <span class='ocrx_word' id='word_1_399' title='bbox 716 2815 937 2865; x_wconf 80' lang='lat' dir='ltr'><strong>aggredibor</strong></span> <span class='ocrx_word' id='word_1_400' title='bbox 967 2821 1048 2851; x_wconf 75' lang='lat' dir='ltr'><strong>astu</strong></span> <span class='ocrx_word' id='word_1_401' title='bbox 1076 2826 1220 2863; x_wconf 83' lang='lat' dir='ltr'><strong>regem:</strong></span> <span class='ocrx_word' id='word_1_402' title='bbox 1253 2825 1296 2848; x_wconf 88' lang='lat' dir='ltr'><strong>m.</strong></span> <span class='ocrx_word' id='word_1_403' title='bbox 1330 2823 1362 2849; x_wconf 89' lang='lat' dir='ltr'><strong>c.</strong></span> <span class='ocrx_word' id='word_1_404' title='bbox 1394 2812 1429 2847; x_wconf 83' lang='grc' dir='ltr'><strong>Ιι.</strong></span> <span class='ocrx_word' id='word_1_405' title='bbox 1463 2823 1507 2847; x_wconf 79' lang='grc' dir='ltr'><strong>ιιι.</strong></span> <span class='ocrx_word' id='word_1_406' title='bbox 1543 2810 1716 2847; x_wconf 82' lang='lat' dir='ltr'><strong>Naelcius</strong></span> 
     </span>
     <span class='ocr_line' id='line_1_48' title="bbox 186 2868 1711 2919; baseline -0.003 -12"><span class='ocrx_word' id='word_1_407' title='bbox 186 2869 328 2918; x_wconf 82' lang='lat' dir='ltr'><strong>Opuse.</strong></span> <span class='ocrx_word' id='word_1_408' title='bbox 349 2871 376 2909; x_wconf 94' lang='lat' dir='ltr'>I</span> <span class='ocrx_word' id='word_1_409' title='bbox 392 2871 458 2919; x_wconf 87' lang='lat'><strong>90,</strong></span> <span class='ocrx_word' id='word_1_410' title='bbox 486 2873 648 2910; x_wconf 77' lang='lat' dir='ltr'><strong>Bothius</strong></span> <span class='ocrx_word' id='word_1_411' title='bbox 742 2872 824 2910; x_wconf 84' lang='lat'><strong>382</strong></span> <span class='ocrx_word' id='word_1_412' title='bbox 855 2873 986 2909; x_wconf 75' lang='lat' dir='ltr'><strong>striato</strong></span> <span class='ocrx_word' id='word_1_413' title='bbox 1007 2872 1263 2919; x_wconf 73' lang='lat' dir='ltr'><strong>Kiesslinqius</strong></span> <span class='ocrx_word' id='word_1_414' title='bbox 1283 2870 1382 2906; x_wconf 82' lang='lat' dir='ltr'><strong>conl.</strong></span> <span class='ocrx_word' id='word_1_415' title='bbox 1405 2868 1544 2915; x_wconf 80' lang='lat' dir='ltr'><strong>Apulei</strong></span> <span class='ocrx_word' id='word_1_416' title='bbox 1562 2872 1711 2904; x_wconf 77' lang='lat' dir='ltr'><strong>metam.</strong></span> 
     </span>
     <span class='ocr_line' id='line_1_49' title="bbox 183 2925 1714 2977; baseline -0.003 -13"><span class='ocrx_word' id='word_1_417' title='bbox 183 2928 226 2964; x_wconf 88' lang='lat' dir='ltr'>X</span> <span class='ocrx_word' id='word_1_418' title='bbox 250 2926 275 2965; x_wconf 89' lang='lat'><strong>3</strong></span> <span class='ocrx_word' id='word_1_419' title='bbox 312 2928 436 2966; x_wconf 76' lang='lat' dir='ltr'><strong>innato</strong></span> <span class='ocrx_word' id='word_1_420' title='bbox 472 2930 564 2966; x_wconf 78' lang='lat' dir='ltr'><strong>libri</strong></span> <span class='ocrx_word' id='word_1_421' title='bbox 600 2930 719 2966; x_wconf 68' lang='lat' dir='ltr'><strong>iniusta</strong></span> <span class='ocrx_word' id='word_1_422' title='bbox 748 2930 887 2966; x_wconf 77' lang='lat' dir='ltr'><strong>Aldina</strong></span> <span class='ocrx_word' id='word_1_423' title='bbox 925 2934 1086 2977; x_wconf 74' lang='lat' dir='ltr'><strong>caperata</strong></span> <span class='ocrx_word' id='word_1_424' title='bbox 1118 2927 1235 2974; x_wconf 79' lang='lat' dir='ltr'><strong>(quod</strong></span> <span class='ocrx_word' id='word_1_425' title='bbox 1267 2936 1371 2962; x_wconf 82' lang='lat' dir='ltr'><strong>nunc</strong></span> <span class='ocrx_word' id='word_1_426' title='bbox 1400 2925 1584 2972; x_wconf 72' lang='lat' dir='ltr'><strong>repudio,</strong></span> <span class='ocrx_word' id='word_1_427' title='bbox 1623 2926 1714 2972; x_wconf 76' lang='lat' dir='ltr'><strong>quia</strong></span> 
     </span>
    </p>
   </div>
  </div>
 </body>
</html>
