1942 3204
271 195 350 237 126
870 200 918 232 M.
944 199 1183 238 PACVVIVS

383 299 504 343 'Esse
535 302 685 359 ullam,
717 303 789 345 sed
820 304 1060 346 temeritate
1092 305 1159 347 res
1190 305 1283 361 regi
1315 306 1453 348 omnis
1486 308 1724 349 autumant.

384 362 636 435 ‘Idffiiffs-
646 381 737 422 ueri
763 379 900 422 simile
921 395 1011 423 esse
1031 396 1133 423 usus
1152 396 1198 424 re
1218 383 1319 438 apse
1340 383 1788 439 experiundo-edocet:

267 455 354 497 375
387 455 521 499 Velut
552 456 722 499 Orestes
754 457 882 500 modo
913 458 997 500 fuit
1026 473 1118 515 rex,
1149 459 1311 502 factust
1341 460 1560 502 mendicus
1592 461 1732 504 modo.

919 535 1004 578 XV
1037 533 1132 594 (13)

386 644 395 652 .
426 610 665 667 mendicus,
696 612 1018 655 manticulator:
1051 612 1113 655 sta
1143 614 1223 655 fati
1257 613 1471 670 oppressit
1501 615 1661 671 iugum.

910 689 1017 733 XVI
1049 688 1147 747 (12)

384 758 467 800 'Ad
497 760 867 802 manticulandum
899 762 994 803 astu
1021 762 1286 818 aggreditur:
1319 761 1402 804 scl‘t
1432 763 1546 821 enim
1572 763 1673 818 quid
1691 778 1788 819 pro-

1233 840 1447 882 meruerit.

264 953 349 981 nus;
375 942 638 986 naufragio:
664 954 814 987 nempe
841 955 943 987 ergo
968 944 1011 977 id
1037 945 1202 987 fluctu,
1229 945 1339 978 haut
1365 946 1482 979 forte
1509 946 1692 979 fortuna
1718 958 1790 990 op-

264 989 372 1031 tigit
396 989 601 1031 Kayserus3
630 988 895 1033 naustragio:
923 991 1057 1023 maris
1082 990 1157 1033 (uel
1186 991 1377 1033 temere)
1409 1001 1514 1034 ergo
1543 991 1587 1023 id
1616 993 1788 1025 factum

265 1034 399 1075 sorte,
418 1034 526 1066 haut
542 1035 898 1070 Rofflueehelerus.
930 1035 1011 1068 Hoc
1030 1039 1068 1068 et
1085 1036 1245 1069 fortasse
1264 1036 1383 1072 fr.xv
1401 1047 1445 1069 ex
1459 1037 1595 1078 Chryse
1609 1040 1789 1081 sumptum

262 1079 424 1113 uidetur.
516 1080 768 1113 xv—va
793 1081 926 1113 Festus
951 1091 983 1123 p.
1011 1082 1074 1114 133
1105 1082 1154 1114 M.
1188 1081 1557 1114 ‘manticularum
1587 1092 1676 1115 usus
1700 1093 1790 1126 pau·

262 1124 411 1166 peribus
436 1125 474 1157 in
499 1126 654 1158 nummis
679 1125 925 1158 recondendis
951 1126 1062 1158 etiam
1090 1129 1215 1159 nostro
1247 1125 1396 1159 saeculo
1428 1127 1511 1162 fuit.
1559 1127 1664 1160 Vnde
1689 1138 1788 1161 man-

262 1169 410 1202 ticulari
427 1170 647 1203 dicebantur
664 1172 725 1213 qui
748 1170 895 1203 furandi
913 1171 1034 1213 gratia
1057 1172 1274 1204 manticulas
1296 1172 1560 1204 attrectabant.
1595 1172 1685 1205 Inde
1703 1183 1788 1216 poe·

262 1217 325 1247 tae
350 1225 415 1258 pro
434 1215 561 1248 dolose
587 1215 675 1258 quid
692 1215 836 1258 agendo
854 1216 912 1249 usi
938 1219 1023 1248 sunt
1050 1228 1092 1250 eo
1110 1218 1236 1252 uerbo,
1271 1218 1455 1250 Pacuuius
1473 1215 1564 1260 [377.
1583 1215 1666 1261 376]
1692 1219 1787 1251 Item

263 1259 393 1292 deinde
420 1257 518 1303 [378]
545 1263 581 1293 et
603 1261 810 1294 machinam
834 1272 864 1294 o.
882 1272 916 1296 n.
939 1262 1139 1295 manticula
1164 1265 1294 1295 tactu
1325 1273 1377 1295 an
1407 1262 1644 1296 sanctiora
1670 1263 1787 1296 dicis

375 1367 456 1405 373
488 1379 567 1404 esse
588 1368 695 1404 ullam
711 1373 802 1416 post
824 1369 1031 1406 Graeuium
1053 1370 1218 1406 Beierus
1239 1370 1398 1417 Ephem.
1422 1371 1637 1418 paedayoy.
1655 1371 1786 1418 philol.

265 1423 370 1461 1827
399 1436 441 1471 p.
464 1424 537 1471 69,
569 1425 842 1472 Hermannus⁷
882 1426 1162 1463 Fleckeisenus
1201 1425 1308 1462 ullam
1340 1437 1419 1463 esse
1453 1427 1543 1463 Tur.
1583 1426 1691 1463 ullam
1722 1428 1785 1464 mi-

260 1482 442 1517 seritatem
465 1492 545 1517 esse
565 1482 659 1518 Par.
693 1482 870 1519 Wuerzb.
894 1481 999 1518 ullam
1021 1493 1100 1519 esse
1130 1482 1360 1519 miseritatem
1382 1482 1661 1529 (miserationem
1682 1483 1784 1521 Fris.

262 1537 397 1574 Bamb.
432 1550 455 1574 a
487 1534 604 1586 corr.)
637 1545 698 1574 aut
728 1539 982 1575 humanitatem
1013 1539 1114 1576 Fris.
1137 1539 1272 1575 Bamb.
1306 1552 1329 1575 a
1361 1539 1468 1575 ullam
1499 1549 1579 1575 esse
1609 1540 1784 1576 miseriam

261 1594 396 1630 Bamb.
430 1595 451 1630 b
491 1593 563 1630 ulla
604 1594 688 1642 (sed
723 1595 794 1631 ulla
826 1606 930 1632 corr.
963 1606 1014 1633 eoe
1053 1594 1140 1643 uita)
1179 1596 1345 1632 miseram
1376 1596 1466 1643 Erf.
1498 1596 1674 1632 iniseriam
1705 1607 1784 1633 esse

263 1650 367 1686 ullam
402 1650 556 1688 Grotius
585 1652 754 1688 miserum
785 1663 864 1688 esse
895 1651 1007 1688 ullum
1038 1651 1201 1689 Bothius
1230 1652 1337 1688 ullam
1369 1658 1490 1689 extare
1519 1651 1722 1700 Kayserus

260 1707 323 1743 sed
355 1719 424 1744 om.
455 1707 544 1755 Erf.
578 1708 756 1745 Wuerzb.
873 1709 1074 1745 temeritate
1106 1709 1221 1745 omnia
1251 1709 1329 1757 regi
1361 1713 1561 1746 autumant.
1606 1708 1641 1744 id
1671 1710 1783 1758 magis

258 1764 350 1800 libri
375 1765 563 1812 plerique,
595 1766 671 1801 nisi
698 1766 800 1813 quod
827 1766 872 1801 de
894 1766 1024 1802 uerbis
1053 1766 1256 1802 temeritate
1288 1767 1405 1801 omnia
1432 1758 1509 1802 ἠοη
1541 1769 1670 1802 eoestac
1699 1776 1783 1802 cer-

261 1825 338 1857 tum
370 1823 630 1858 testimonium.
662 1822 898 1858 temeritatem
930 1833 1010 1858 csse
1040 1826 1223 1858 autumant
1254 1821 1290 1857 id
1321 1822 1434 1870 magis
1464 1821 1554 1869 Erf.
1586 1823 1784 1858 autumani·

259 1882 380 1913 tatem.
403 1877 439 1913 ld
461 1878 575 1926 magis
595 1878 773 1915 Wuerzb.
794 1878 994 1914 temeritate
1014 1879 1106 1914 enim
1129 1883 1312 1914 autumant
1333 1889 1412 1914 esse
1433 1879 1549 1914 omnia
1566 1878 1780 1925 Kayserus.

260 1939 285 1969 t.
309 1945 366 1970 res
397 1934 476 1982 regi
498 1935 632 1970 omnis:
663 1934 698 1970 id
720 1935 832 1983 magis
854 1933 1032 1982 Beierus‚
1064 1935 1327 1972 Hermannus.
1361 1935 1505 1971 Nostra
1526 1934 1639 1971 habet
1671 1937 1782 1971 eliam

258 1991 553 2027 Fleckeisenus:
577 1995 692 2028 totum
713 2002 868 2028 uersum
890 2003 957 2028 om.
981 1991 1206 2028 Salmasius.
1273 1990 1381 2026 ullam
1402 1991 1665 2039 imperitantem
1687 2002 1781 2039 esse,

258 2046 320 2082 sed
348 2047 548 2083 temeritate
576 2049 692 2083 omnis
720 2059 777 2084 res
806 2047 885 2095 regi
915 2047 1190 2084 Buechelerus.
1229 2048 1325 2084 Mihi
1351 2049 1390 2084 in
1426 2049 1658 2096 corruptelis
1683 2049 1781 2084 haec

255 2105 384 2149 potius
404 2102 512 2139 iillum
536 2115 614 2140 csse
636 2105 803 2146 omnino,
837 2115 877 2140 ac
907 2105 1106 2140 temeritate
1136 2109 1321 2140 autumant
1341 2105 1419 2152 regi
1443 2104 1560 2140 omnia
1579 2106 1700 2140 latere
1723 2106 1779 2141 ui-

257 2161 408 2196 dentur.
537 2161 694 2197 Versum
724 2160 805 2198 374
837 2163 1000 2197 restituit
1028 2160 1251 2198 Salmasius.
1301 2160 1348 2197 In
1386 2161 1516 2197 eadem
1553 2163 1715 2208 ignarus
1744 2165 1781 2197 et

258 2218 341 2263 ipse
371 2218 490 2253 incidi
518 2223 572 2263 et,
604 2228 712 2264 quem
740 2229 815 2254 non
837 2219 957 2265 mayis
978 2227 1183 2264 noueram,
1216 2217 1439 2265 Spenyelius
1474 2219 1581 2265 eique
1616 2219 1781 2254 accessit

257 2273 536 2310 Fleclceisenus
640 2273 754 2310 simile
786 2284 864 2309 cssc
895 2285 1002 2318 usus,
1032 2276 1132 2311 inter
1161 2273 1276 2310 simile
1306 2279 1342 2310 et
1362 2284 1441 2309 esse
1471 2286 1516 2310 m.
1539 2275 1607 2310 alt.
1637 2274 1706 2310 sed
1733 2283 1779 2310 ea

258 2332 415 2377 antiqua
443 2332 692 2377 supraposito
720 2331 840 2376 aiunt,
881 2331 1056 2366 Wuerzb.
1090 2331 1165 2366 ueri
1195 2330 1309 2366 simile
1340 2341 1419 2366 esse
1450 2331 1550 2366 aiunt
1579 2341 1664 2366 usus
1686 2330 1778 2366 Par.

253 2398 318 2433 pr.
339 2398 387 2422 m.
412 2386 501 2433 Erf.
523 2387 599 2423 ueri
621 2386 735 2422 simile
756 2397 835 2422 esse
857 2387 956 2422 aiunt
976 2386 1072 2434 quod
1095 2398 1180 2422 usus
1202 2386 1295 2422 Par.
1320 2397 1422 2423 corr.
1447 2386 1581 2423 Bamb.
1604 2387 1661 2423 ab
1686 2387 1775 2423 Tur.

256 2443 333 2479 ueri
354 2442 467 2478 simile
489 2444 588 2479 aiunt
609 2442 706 2491 quod
728 2454 814 2478 usus
835 2444 962 2492 uulyo,
985 2442 1236 2480 Hermamzus
1321 2453 1359 2478 re
1380 2442 1463 2478 abse
1484 2444 1618 2479 Bamb.
1640 2443 1661 2479 b
1682 2443 1775 2479 Par.

254 2511 318 2546 pr.
340 2511 387 2535 m.
410 2499 498 2547 Erf.
533 2497 670 2547 (spatio
696 2504 784 2546 post
805 2510 937 2537 uocem
967 2511 1054 2535 usus
1084 2505 1125 2536 ut
1145 2512 1183 2536 u.
1213 2498 1293 2536 375
1322 2503 1409 2546 post
1439 2499 1539 2535 uelut
1559 2510 1686 2536 uacuo
1715 2509 1776 2535 re-

256 2555 359 2601 licto)
391 2556 569 2592 Wuerzb.
602 2567 660 2591 res
691 2555 774 2592 absc
805 2556 940 2592 Bamb.
974 2569 996 2592 a
1024 2557 1127 2593 Fris.
1150 2556 1245 2592 Par.
1269 2566 1371 2592 corr.
1405 2566 1462 2591 res
1490 2556 1565 2603 ipsa
1589 2556 1680 2592 Tur.

257 2611 338 2648 375
369 2612 503 2648 factust
528 2612 712 2648 mendicus
740 2613 847 2648 modo
869 2613 1119 2650 Hermamzus
1138 2612 1253 2649 factus
1281 2616 1337 2649 est
1357 2611 1538 2647 mendicus
1560 2611 1668 2648 modo
1681 2612 1776 2648 Par.

257 2679 360 2704 corr.
384 2670 514 2705 eadem
534 2681 582 2705 m..
605 2669 694 2716 Erf.
721 2669 899 2706 Wuerzb.
922 2670 1057 2706 Bamb.
1089 2682 1112 2706 a
1133 2670 1237 2706 Fris.
1268 2669 1358 2705 Tur.
1390 2667 1504 2704 sactus
1536 2673 1591 2704 est
1619 2668 1775 2704 medicus

256 2724 363 2760 modo
385 2724 479 2761 Par.
507 2737 570 2772 pr.
593 2737 642 2761 m.
672 2725 786 2762 sactus
818 2730 874 2761 est
894 2725 1076 2762 mendicus
1099 2726 1234 2762 Bamb.
1258 2726 1279 2762 b
1309 2724 1416 2761 modo
1446 2724 1629 2761 mendicus
1662 2725 1776 2761 sactus

256 2786 312 2816 cst
335 2780 466 2817 Tross.
592 2781 672 2819 376
704 2793 781 2818 sum
810 2784 874 2819 uel
899 2783 1000 2818 nunc
1022 2784 1083 2819 uel
1111 2793 1180 2830 ego
1211 2783 1385 2829 suppleri
1405 2785 1532 2828 polest
1646 2780 1775 2817 modici

257 2837 508 2873 manticulatur
545 2866 553 2874 .
582 2866 591 2875 .
627 2839 674 2874 ita
705 2849 760 2874 me
791 2838 874 2875 sacti
906 2839 1068 2887 oppressi
1097 2840 1183 2887 iugo
1215 2839 1378 2875 schedae
1407 2837 1610 2886 mendicus,
1649 2838 1775 2873 manti-

255 2893 413 2929 culator:
445 2895 493 2930 ita
524 2905 578 2930 me
610 2894 671 2931 sati
703 2896 883 2943 oppressit
912 2896 1036 2943 iugum
1069 2895 1221 2932 Grotius
1315 2894 1394 2932 377
1426 2894 1655 2943 aggreditor:
1685 2895 1773 2931 scite
