<?xml version="1.0" encoding="UTF-8"?>
<!DOCTYPE html PUBLIC "-//W3C//DTD XHTML 1.0 Transitional//EN"
    "http://www.w3.org/TR/xhtml1/DTD/xhtml1-transitional.dtd">
<html xmlns="http://www.w3.org/1999/xhtml" xml:lang="en" lang="en">
 <head>
  <title>
</title>
<meta http-equiv="Content-Type" content="text/html;charset=utf-8" />
  <meta name='ocr-system' content='tesseract 3.04.00' />
  <meta name='ocr-capabilities' content='ocr_page ocr_carea ocr_par ocr_line ocrx_word'/>
</head>
<body>
  <div class='ocr_page' id='page_1' title='image "./romanorumpoes01ribbuoft_0188.png"; bbox 0 0 1942 3204; ppageno 0'>
   <div class='ocr_carea' id='block_1_1' title="bbox 181 177 1096 218">
    <p class='ocr_par' dir='ltr' id='par_1_1' title="bbox 181 177 1096 218">
     <span class='ocr_line' id='line_1_1' title="bbox 181 177 1096 218; baseline -0.008 0"><span class='ocrx_word' id='word_1_1' title='bbox 181 178 261 218; x_wconf 87' lang='lat'>104</span> <span class='ocrx_word' id='word_1_2' title='bbox 784 178 831 210; x_wconf 91' lang='lat' dir='ltr'>M.</span> <span class='ocrx_word' id='word_1_3' title='bbox 859 177 1096 212; x_wconf 83' lang='lat' dir='ltr'>PACVVIVS</span> 
     </span>
    </p>
   </div>
   <div class='ocr_carea' id='block_1_2' title="bbox 179 278 1707 1078">
    <p class='ocr_par' dir='ltr' id='par_1_2' title="bbox 179 278 1707 1078">
     <span class='ocr_line' id='line_1_2' title="bbox 835 278 1010 337; baseline 0.006 -15"><span class='ocrx_word' id='word_1_4' title='bbox 835 281 903 323; x_wconf 93' lang='lat' dir='ltr'>III</span> <span class='ocrx_word' id='word_1_5' title='bbox 935 278 1010 337; x_wconf 80' lang='lat'>(19</span> 
     </span>
     <span class='ocr_line' id='line_1_3' title="bbox 298 279 1570 409; baseline 0.001 -14"><span class='ocrx_word' id='word_1_6' title='bbox 298 387 306 395; x_wconf 91' lang='lat'><strong>.</strong></span> <span class='ocrx_word' id='word_1_7' title='bbox 340 387 347 394; x_wconf 92' lang='lat'><strong>.</strong></span> <span class='ocrx_word' id='word_1_8' title='bbox 380 367 483 408; x_wconf 84' lang='lat' dir='ltr'>ques</span> <span class='ocrx_word' id='word_1_9' title='bbox 516 354 617 394; x_wconf 70' lang='lat' dir='ltr'>sunt</span> <span class='ocrx_word' id='word_1_10' title='bbox 648 350 715 393; x_wconf 72' lang='lat' dir='ltr'>ss?</span> <span class='ocrx_word' id='word_1_11' title='bbox 748 378 802 382; x_wconf 83' lang='lat'>—</span> <span class='ocrx_word' id='word_1_12' title='bbox 834 279 1175 408; x_wconf 64' lang='lat' dir='ltr'>Ignoti,&gt;nescio</span> <span class='ocrx_word' id='word_1_13' title='bbox 1209 368 1312 409; x_wconf 86' lang='lat' dir='ltr'>ques</span> <span class='ocrx_word' id='word_1_14' title='bbox 1343 353 1570 409; x_wconf 77' lang='lat' dir='ltr'>ignobiles.</span> 
     </span>
     <span class='ocr_line' id='line_1_4' title="bbox 851 427 1039 486; baseline 0.005 -16"><span class='ocrx_word' id='word_1_15' title='bbox 851 429 915 471; x_wconf 90' lang='lat' dir='ltr'><strong>IV</strong></span> <span class='ocrx_word' id='word_1_16' title='bbox 943 427 1039 486; x_wconf 82' lang='lat'>(14)</span> 
     </span>
     <span class='ocr_line' id='line_1_5' title="bbox 295 500 1678 556; baseline 0.001 -14"><span class='ocrx_word' id='word_1_17' title='bbox 295 501 412 551; x_wconf 79' lang='lat' dir='ltr'>Quae</span> <span class='ocrx_word' id='word_1_18' title='bbox 443 501 511 542; x_wconf 74' lang='lat' dir='ltr'>res</span> <span class='ocrx_word' id='word_1_19' title='bbox 542 503 584 542; x_wconf 73' lang='lat' dir='ltr'>te</span> <span class='ocrx_word' id='word_1_20' title='bbox 617 501 671 542; x_wconf 85' lang='lat' dir='ltr'>ab</span> <span class='ocrx_word' id='word_1_21' title='bbox 704 501 882 542; x_wconf 69' lang='lat' dir='ltr'>stabulis</span> <span class='ocrx_word' id='word_1_22' title='bbox 915 500 1122 556; x_wconf 56' lang='lat' dir='ltr'>subiugat?</span> <span class='ocrx_word' id='word_1_23' title='bbox 1155 526 1209 531; x_wconf 94' lang='lat'>—</span> <span class='ocrx_word' id='word_1_24' title='bbox 1243 500 1419 543; x_wconf 74' lang='lat' dir='ltr'>Certum</span> <span class='ocrx_word' id='word_1_25' title='bbox 1451 503 1517 543; x_wconf 71' lang='lat' dir='ltr'>esi.</span> <span class='ocrx_word' id='word_1_26' title='bbox 1547 502 1678 556; x_wconf 86' lang='lat' dir='ltr'>loqui.</span> 
     </span>
     <span class='ocr_line' id='line_1_6' title="bbox 878 575 1006 634; baseline -0.008 -15"><span class='ocrx_word' id='word_1_27' title='bbox 878 577 918 619; x_wconf 90' lang='lat' dir='ltr'>V</span> <span class='ocrx_word' id='word_1_28' title='bbox 940 575 1006 634; x_wconf 79' lang='lat'>(2)</span> 
     </span>
     <span class='ocr_line' id='line_1_7' title="bbox 301 649 1374 692; baseline 0 -1"><span class='ocrx_word' id='word_1_29' title='bbox 301 649 497 691; x_wconf 80' lang='lat' dir='ltr'>Clam6re</span> <span class='ocrx_word' id='word_1_30' title='bbox 529 651 572 690; x_wconf 71' lang='lat' dir='ltr'>eb</span> <span class='ocrx_word' id='word_1_31' title='bbox 603 649 744 691; x_wconf 74' lang='lat' dir='ltr'>sonitu</span> <span class='ocrx_word' id='word_1_32' title='bbox 780 649 909 690; x_wconf 79' lang='lat' dir='ltr'>colles</span> <span class='ocrx_word' id='word_1_33' title='bbox 940 650 1192 691; x_wconf 72' lang='lat' dir='ltr'>resonantes</span> <span class='ocrx_word' id='word_1_34' title='bbox 1224 649 1374 692; x_wconf 69' lang='lat' dir='ltr'>bount.</span> 
     </span>
     <span class='ocr_line' id='line_1_8' title="bbox 861 723 1024 782; baseline -0.006 -14"><span class='ocrx_word' id='word_1_35' title='bbox 861 724 926 768; x_wconf 90' lang='lat' dir='ltr'><strong>VI</strong></span> <span class='ocrx_word' id='word_1_36' title='bbox 958 723 1024 782; x_wconf 80' lang='lat'>(5)</span> 
     </span>
     <span class='ocr_line' id='line_1_9' title="bbox 296 795 1294 852; baseline -0.001 -14"><span class='ocrx_word' id='word_1_37' title='bbox 296 797 471 839; x_wconf 82' lang='lat' dir='ltr'>Diu6rsi</span> <span class='ocrx_word' id='word_1_38' title='bbox 503 795 886 852; x_wconf 71' lang='lat' dir='ltr'><strong>circumspicimus,</strong></span> <span class='ocrx_word' id='word_1_39' title='bbox 915 796 1070 839; x_wconf 86' lang='lat' dir='ltr'>horror</span> <span class='ocrx_word' id='word_1_40' title='bbox 1101 796 1294 852; x_wconf 73' lang='lat' dir='ltr'>percipit.</span> 
     </span>
     <span class='ocr_line' id='line_1_10' title="bbox 849 871 1030 930; baseline -0.006 -14"><span class='ocrx_word' id='word_1_41' title='bbox 849 873 936 916; x_wconf 94' lang='lat' dir='ltr'>VII</span> <span class='ocrx_word' id='word_1_42' title='bbox 963 871 1030 930; x_wconf 86' lang='lat'>(1)</span> 
     </span>
     <span class='ocr_line' id='line_1_11' title="bbox 179 944 1707 1000; baseline 0.001 -13"><span class='ocrx_word' id='word_1_43' title='bbox 179 945 266 988; x_wconf 83' lang='grc'>225</span> <span class='ocrx_word' id='word_1_44' title='bbox 299 944 411 995; x_wconf 75' lang='lat' dir='ltr'>Quid</span> <span class='ocrx_word' id='word_1_45' title='bbox 443 945 648 999; x_wconf 77' lang='lat' dir='ltr'>tandem?</span> <span class='ocrx_word' id='word_1_46' title='bbox 681 945 754 986; x_wconf 87' lang='lat' dir='ltr'>ubi</span> <span class='ocrx_word' id='word_1_47' title='bbox 786 944 961 987; x_wconf 57' lang='lat' dir='ltr'>eit-est?</span> <span class='ocrx_word' id='word_1_48' title='bbox 993 944 1107 999; x_wconf 74' lang='lat' dir='ltr'>qudd</span> <span class='ocrx_word' id='word_1_49' title='bbox 1138 945 1380 1000; x_wconf 65' lang='lat' dir='ltr'>receptast?</span> <span class='ocrx_word' id='word_1_50' title='bbox 1407 971 1459 975; x_wconf 82' lang='lat'>-</span> <span class='ocrx_word' id='word_1_51' title='bbox 1489 945 1613 988; x_wconf 87' lang='lat' dir='ltr'>&#39;Exul</span> <span class='ocrx_word' id='word_1_52' title='bbox 1644 947 1707 989; x_wconf 87' lang='lat' dir='ltr'>in-</span> 
     </span>
     <span class='ocr_line' id='line_1_12' title="bbox 1118 1008 1411 1078; baseline 0.003 -15"><span class='ocrx_word' id='word_1_53' title='bbox 1118 1022 1234 1063; x_wconf 63' lang='lat' dir='ltr'>certe.</span> <span class='ocrx_word' id='word_1_54' title='bbox 1265 1008 1411 1078; x_wconf 31' lang='lat' dir='ltr'>uagati</span> 
     </span>
    </p>
   </div>
   <div class='ocr_carea' id='block_1_3' title="bbox 360 1089 1283 1219">
    <p class='ocr_par' dir='ltr' id='par_1_3' title="bbox 360 1089 1283 1219">
     <span class='ocr_line' id='line_1_13' title="bbox 822 1089 1060 1150; baseline 0 -16"><span class='ocrx_word' id='word_1_55' title='bbox 822 1092 931 1135; x_wconf 90' lang='lat' dir='ltr'><strong>VIII</strong></span> <span class='ocrx_word' id='word_1_56' title='bbox 964 1089 1060 1150; x_wconf 82' lang='lat'>(12)</span> 
     </span>
     <span class='ocr_line' id='line_1_14' title="bbox 360 1162 1283 1219; baseline 0 -13"><span class='ocrx_word' id='word_1_57' title='bbox 360 1162 474 1206; x_wconf 84' lang='lat' dir='ltr'>Cedo</span> <span class='ocrx_word' id='word_1_58' title='bbox 508 1164 712 1219; x_wconf 77' lang='lat' dir='ltr'>quorsum</span> <span class='ocrx_word' id='word_1_59' title='bbox 743 1163 872 1205; x_wconf 66' lang='lat' dir='ltr'>itiner</span> <span class='ocrx_word' id='word_1_60' title='bbox 903 1162 1099 1205; x_wconf 71' lang='lat' dir='ltr'>tetim‘sse</span> <span class='ocrx_word' id='word_1_61' title='bbox 1132 1164 1283 1206; x_wconf 75' lang='lat' dir='ltr'>aiunt?</span> 
     </span>
    </p>
   </div>
   <div class='ocr_carea' id='block_1_4' title="bbox 175 1246 1709 1959">
    <p class='ocr_par' dir='ltr' id='par_1_4' title="bbox 175 1246 1709 1959">
     <span class='ocr_line' id='line_1_15' title="bbox 178 1246 1708 1290; baseline 0.001 -11"><span class='ocrx_word' id='word_1_62' title='bbox 178 1247 253 1280; x_wconf 90' lang='lat' dir='ltr'>lino</span> <span class='ocrx_word' id='word_1_63' title='bbox 279 1257 412 1289; x_wconf 86' lang='lat' dir='ltr'>genere</span> <span class='ocrx_word' id='word_1_64' title='bbox 431 1257 576 1290; x_wconf 86' lang='lat' dir='ltr'>semper</span> <span class='ocrx_word' id='word_1_65' title='bbox 593 1246 764 1279; x_wconf 85' lang='lat' dir='ltr'>dicuutur</span> <span class='ocrx_word' id='word_1_66' title='bbox 787 1271 794 1278; x_wconf 94' lang='lat'><strong>.</strong></span> <span class='ocrx_word' id='word_1_67' title='bbox 809 1270 817 1277; x_wconf 95' lang='lat'><strong>.</strong></span> <span class='ocrx_word' id='word_1_68' title='bbox 832 1271 840 1279; x_wconf 95' lang='lat'><strong>.</strong></span> <span class='ocrx_word' id='word_1_69' title='bbox 863 1249 902 1278; x_wconf 80' lang='lat' dir='ltr'>et</span> <span class='ocrx_word' id='word_1_70' title='bbox 919 1246 959 1279; x_wconf 91' lang='lat' dir='ltr'>P.</span> <span class='ocrx_word' id='word_1_71' title='bbox 975 1246 1013 1277; x_wconf 90' lang='lat' dir='ltr'>in</span> <span class='ocrx_word' id='word_1_72' title='bbox 1037 1246 1161 1279; x_wconf 86' lang='lat' dir='ltr'>Medo</span> <span class='ocrx_word' id='word_1_73' title='bbox 1186 1257 1267 1279; x_wconf 87' lang='lat' dir='ltr'>cum</span> <span class='ocrx_word' id='word_1_74' title='bbox 1291 1246 1504 1280; x_wconf 81' lang='lat' dir='ltr'>ostenderet</span> <span class='ocrx_word' id='word_1_75' title='bbox 1529 1258 1551 1280; x_wconf 87' lang='lat' dir='ltr'>a</span> <span class='ocrx_word' id='word_1_76' title='bbox 1576 1248 1708 1281; x_wconf 90' lang='lat' dir='ltr'>Medo</span> 
     </span>
     <span class='ocr_line' id='line_1_16' title="bbox 178 1290 1708 1335; baseline 0.001 -11"><span class='ocrx_word' id='word_1_77' title='bbox 178 1296 359 1324; x_wconf 79' lang='lat' dir='ltr'>matrem</span> <span class='ocrx_word' id='word_1_78' title='bbox 386 1293 567 1334; x_wconf 81' lang='lat' dir='ltr'>quaeri,</span> <span class='ocrx_word' id='word_1_79' title='bbox 594 1293 647 1324; x_wconf 77' lang='lat' dir='ltr'>ait</span> <span class='ocrx_word' id='word_1_80' title='bbox 729 1294 759 1324; x_wconf 91' lang='lat'><strong>.’</strong></span> <span class='ocrx_word' id='word_1_81' title='bbox 874 1290 929 1322; x_wconf 87' lang='grc' dir='ltr'>ΙΙΙ</span> <span class='ocrx_word' id='word_1_82' title='bbox 955 1290 1141 1323; x_wconf 82' lang='lat' dir='ltr'><strong>Charisius</strong></span> <span class='ocrx_word' id='word_1_83' title='bbox 1166 1292 1183 1324; x_wconf 97' lang='lat' dir='ltr'><strong>I</strong></span> <span class='ocrx_word' id='word_1_84' title='bbox 1210 1303 1244 1334; x_wconf 90' lang='lat' dir='ltr'>p.</span> <span class='ocrx_word' id='word_1_85' title='bbox 1273 1293 1336 1325; x_wconf 89' lang='lat'>108</span> <span class='ocrx_word' id='word_1_86' title='bbox 1362 1292 1401 1324; x_wconf 91' lang='lat' dir='ltr'>P.</span> <span class='ocrx_word' id='word_1_87' title='bbox 1427 1293 1503 1324; x_wconf 89' lang='lat' dir='ltr'>‘im</span> <span class='ocrx_word' id='word_1_88' title='bbox 1523 1303 1588 1335; x_wconf 90' lang='lat' dir='ltr'>pro</span> <span class='ocrx_word' id='word_1_89' title='bbox 1614 1304 1708 1329; x_wconf 88' lang='lat' dir='ltr'>eum.</span> 
     </span>
     <span class='ocr_line' id='line_1_17' title="bbox 178 1336 1708 1381; baseline 0.001 -12"><span class='ocrx_word' id='word_1_90' title='bbox 178 1348 260 1370; x_wconf 85' lang='lat' dir='ltr'>nam</span> <span class='ocrx_word' id='word_1_91' title='bbox 286 1338 338 1369; x_wconf 79' lang='lat' dir='ltr'>ita</span> <span class='ocrx_word' id='word_1_92' title='bbox 356 1337 515 1370; x_wconf 85' lang='lat' dir='ltr'>Scaurus</span> <span class='ocrx_word' id='word_1_93' title='bbox 541 1338 579 1370; x_wconf 85' lang='lat' dir='ltr'>in</span> <span class='ocrx_word' id='word_1_94' title='bbox 604 1340 682 1369; x_wconf 84' lang='lat' dir='ltr'>arte</span> <span class='ocrx_word' id='word_1_95' title='bbox 709 1336 951 1379; x_wconf 80' lang='lat' dir='ltr'>grammatica</span> <span class='ocrx_word' id='word_1_96' title='bbox 969 1336 1189 1379; x_wconf 79' lang='lat' dir='ltr'>disputauit,</span> <span class='ocrx_word' id='word_1_97' title='bbox 1214 1337 1387 1380; x_wconf 79' lang='lat' dir='ltr'>antiquos</span> <span class='ocrx_word' id='word_1_98' title='bbox 1411 1338 1459 1369; x_wconf 89' lang='lat' dir='ltr'>im</span> <span class='ocrx_word' id='word_1_99' title='bbox 1478 1341 1603 1379; x_wconf 85' lang='lat' dir='ltr'>ques’</span> <span class='ocrx_word' id='word_1_100' title='bbox 1632 1338 1708 1381; x_wconf 89' lang='lat' dir='ltr'>[hic</span> 
     </span>
     <span class='ocr_line' id='line_1_18' title="bbox 181 1379 1709 1424; baseline 0.001 -10"><span class='ocrx_word' id='word_1_101' title='bbox 181 1382 363 1415; x_wconf 86' lang='lat' dir='ltr'>excidisse</span> <span class='ocrx_word' id='word_1_102' title='bbox 389 1382 569 1424; x_wconf 82' lang='lat' dir='ltr'>quaedam</span> <span class='ocrx_word' id='word_1_103' title='bbox 586 1379 790 1424; x_wconf 59' lang='lat' dir='ltr'>uidentur]</span> <span class='ocrx_word' id='word_1_104' title='bbox 825 1381 942 1413; x_wconf 76' lang='lat' dir='ltr'>‘hunc</span> <span class='ocrx_word' id='word_1_105' title='bbox 967 1381 1120 1414; x_wconf 84' lang='lat' dir='ltr'>eundem</span> <span class='ocrx_word' id='word_1_106' title='bbox 1138 1381 1345 1424; x_wconf 84' lang='lat' dir='ltr'>significare</span> <span class='ocrx_word' id='word_1_107' title='bbox 1363 1392 1561 1416; x_wconf 79' lang='lat' dir='ltr'>consuesse</span> <span class='ocrx_word' id='word_1_108' title='bbox 1587 1387 1624 1416; x_wconf 80' lang='lat' dir='ltr'>et</span> <span class='ocrx_word' id='word_1_109' title='bbox 1649 1384 1709 1416; x_wconf 89' lang='lat' dir='ltr'>de-</span> 
     </span>
     <span class='ocr_line' id='line_1_19' title="bbox 175 1426 1705 1469; baseline 0.001 -9"><span class='ocrx_word' id='word_1_110' title='bbox 175 1428 304 1460; x_wconf 86' lang='lat' dir='ltr'>clinari</span> <span class='ocrx_word' id='word_1_111' title='bbox 328 1429 398 1460; x_wconf 82' lang='lat' dir='ltr'>ita:</span> <span class='ocrx_word' id='word_1_112' title='bbox 425 1428 456 1460; x_wconf 89' lang='lat' dir='ltr'>is</span> <span class='ocrx_word' id='word_1_113' title='bbox 481 1428 561 1460; x_wconf 87' lang='lat' dir='ltr'>eius</span> <span class='ocrx_word' id='word_1_114' title='bbox 587 1427 621 1459; x_wconf 91' lang='lat' dir='ltr'>ei</span> <span class='ocrx_word' id='word_1_115' title='bbox 639 1438 718 1459; x_wconf 89' lang='lat' dir='ltr'>eum</span> <span class='ocrx_word' id='word_1_116' title='bbox 744 1426 804 1459; x_wconf 90' lang='lat' dir='ltr'>uel</span> <span class='ocrx_word' id='word_1_117' title='bbox 829 1427 888 1467; x_wconf 85' lang='lat' dir='ltr'>im,</span> <span class='ocrx_word' id='word_1_118' title='bbox 913 1436 1062 1459; x_wconf 88' lang='lat' dir='ltr'>numero</span> <span class='ocrx_word' id='word_1_119' title='bbox 1087 1426 1222 1469; x_wconf 83' lang='lat' dir='ltr'>plurali</span> <span class='ocrx_word' id='word_1_120' title='bbox 1246 1428 1309 1459; x_wconf 89' lang='lat' dir='ltr'>is’</span> <span class='ocrx_word' id='word_1_121' title='bbox 1335 1427 1434 1469; x_wconf 88' lang='lat' dir='ltr'>(add.</span> <span class='ocrx_word' id='word_1_122' title='bbox 1453 1427 1609 1469; x_wconf 81' lang='lat' dir='ltr'>Keffius,</span> <span class='ocrx_word' id='word_1_123' title='bbox 1636 1439 1705 1462; x_wconf 90' lang='lat' dir='ltr'>om.</span> 
     </span>
     <span class='ocr_line' id='line_1_20' title="bbox 179 1472 1707 1516; baseline 0.001 -11"><span class='ocrx_word' id='word_1_124' title='bbox 179 1472 299 1515; x_wconf 85' lang='lat' dir='ltr'>cod.),</span> <span class='ocrx_word' id='word_1_125' title='bbox 327 1476 383 1505; x_wconf 76' lang='lat' dir='ltr'>‘ut</span> <span class='ocrx_word' id='word_1_126' title='bbox 402 1477 458 1506; x_wconf 83' lang='lat' dir='ltr'>est</span> <span class='ocrx_word' id='word_1_127' title='bbox 482 1472 627 1506; x_wconf 78' lang='lat' dir='ltr'>locutus</span> <span class='ocrx_word' id='word_1_128' title='bbox 644 1473 685 1505; x_wconf 88' lang='lat' dir='ltr'>P.</span> <span class='ocrx_word' id='word_1_129' title='bbox 704 1473 742 1505; x_wconf 86' lang='lat' dir='ltr'>in</span> <span class='ocrx_word' id='word_1_130' title='bbox 759 1472 886 1504; x_wconf 92' lang='lat' dir='ltr'>Medo:</span> <span class='ocrx_word' id='word_1_131' title='bbox 913 1482 1002 1514; x_wconf 88' lang='lat' dir='ltr'>ques</span> <span class='ocrx_word' id='word_1_132' title='bbox 1026 1496 1033 1505; x_wconf 95' lang='lat'><strong>.</strong></span> <span class='ocrx_word' id='word_1_133' title='bbox 1049 1496 1056 1505; x_wconf 91' lang='lat'><strong>.</strong></span> <span class='ocrx_word' id='word_1_134' title='bbox 1071 1496 1079 1504; x_wconf 96' lang='lat'><strong>.</strong></span> <span class='ocrx_word' id='word_1_135' title='bbox 1104 1474 1220 1515; x_wconf 88' lang='lat' dir='ltr'>ques.’</span> <span class='ocrx_word' id='word_1_136' title='bbox 1253 1472 1353 1505; x_wconf 88' lang='lat' dir='ltr'>Idem</span> <span class='ocrx_word' id='word_1_137' title='bbox 1378 1473 1394 1504; x_wconf 94' lang='lat' dir='ltr'><strong>I</strong></span> <span class='ocrx_word' id='word_1_138' title='bbox 1413 1483 1446 1515; x_wconf 86' lang='lat' dir='ltr'>p.</span> <span class='ocrx_word' id='word_1_139' title='bbox 1466 1474 1508 1505; x_wconf 93' lang='grc'>70</span> <span class='ocrx_word' id='word_1_140' title='bbox 1524 1473 1566 1507; x_wconf 93' lang='grc' dir='ltr'>Ρ.</span> <span class='ocrx_word' id='word_1_141' title='bbox 1593 1477 1707 1516; x_wconf 81' lang='lat' dir='ltr'>‘ques</span> 
     </span>
     <span class='ocr_line' id='line_1_21' title="bbox 180 1515 1706 1561; baseline 0.001 -11"><span class='ocrx_word' id='word_1_142' title='bbox 180 1521 303 1550; x_wconf 84' lang='lat' dir='ltr'>autem</span> <span class='ocrx_word' id='word_1_143' title='bbox 329 1517 465 1550; x_wconf 84' lang='lat' dir='ltr'>dixisse</span> <span class='ocrx_word' id='word_1_144' title='bbox 482 1522 630 1550; x_wconf 86' lang='lat' dir='ltr'>ueteres</span> <span class='ocrx_word' id='word_1_145' title='bbox 649 1517 858 1550; x_wconf 77' lang='lat' dir='ltr'>testimonio</span> <span class='ocrx_word' id='word_1_146' title='bbox 885 1520 942 1549; x_wconf 79' lang='lat' dir='ltr'>est</span> <span class='ocrx_word' id='word_1_147' title='bbox 958 1515 1050 1549; x_wconf 81' lang='lat' dir='ltr'>Cato</span> <span class='ocrx_word' id='word_1_148' title='bbox 1073 1541 1081 1550; x_wconf 93' lang='lat'><strong>.</strong></span> <span class='ocrx_word' id='word_1_149' title='bbox 1096 1542 1103 1549; x_wconf 95' lang='lat'><strong>.</strong></span> <span class='ocrx_word' id='word_1_150' title='bbox 1119 1541 1126 1549; x_wconf 93' lang='lat'><strong>.</strong></span> <span class='ocrx_word' id='word_1_151' title='bbox 1151 1520 1188 1550; x_wconf 82' lang='lat' dir='ltr'>et</span> <span class='ocrx_word' id='word_1_152' title='bbox 1205 1517 1421 1551; x_wconf 83' lang='lat' dir='ltr'>Pacuius:</span> <span class='ocrx_word' id='word_1_153' title='bbox 1448 1521 1553 1560; x_wconf 86' lang='lat' dir='ltr'>ques’</span> <span class='ocrx_word' id='word_1_154' title='bbox 1574 1529 1604 1554; x_wconf 89' lang='lat' dir='ltr'>e.</span> <span class='ocrx_word' id='word_1_155' title='bbox 1624 1529 1656 1561; x_wconf 89' lang='lat' dir='ltr'>q.</span> <span class='ocrx_word' id='word_1_156' title='bbox 1677 1529 1706 1552; x_wconf 91' lang='lat' dir='ltr'>s.</span> 
     </span>
     <span class='ocr_line' id='line_1_22' title="bbox 178 1562 1709 1606; baseline 0.001 -11"><span class='ocrx_word' id='word_1_157' title='bbox 178 1563 393 1604; x_wconf 78' lang='lat' dir='ltr'>(Patulus</span> <span class='ocrx_word' id='word_1_158' title='bbox 425 1562 519 1604; x_wconf 88' lang='lat' dir='ltr'>cod.)</span> <span class='ocrx_word' id='word_1_159' title='bbox 552 1563 765 1595; x_wconf 85' lang='lat' dir='ltr'>Priscianus</span> <span class='ocrx_word' id='word_1_160' title='bbox 790 1562 879 1595; x_wconf 89' lang='lat' dir='ltr'><strong>XIII</strong></span> <span class='ocrx_word' id='word_1_161' title='bbox 905 1572 938 1604; x_wconf 89' lang='lat' dir='ltr'>p.</span> <span class='ocrx_word' id='word_1_162' title='bbox 964 1563 1031 1595; x_wconf 84' lang='lat'>960</span> <span class='ocrx_word' id='word_1_163' title='bbox 1054 1562 1095 1594; x_wconf 92' lang='grc' dir='ltr'>Ρ.</span> <span class='ocrx_word' id='word_1_164' title='bbox 1136 1562 1423 1595; x_wconf 80' lang='lat' dir='ltr'>‘uominatiuum</span> <span class='ocrx_word' id='word_1_165' title='bbox 1455 1572 1597 1606; x_wconf 90' lang='lat' dir='ltr'>quoque</span> <span class='ocrx_word' id='word_1_166' title='bbox 1629 1564 1709 1606; x_wconf 91' lang='lat' dir='ltr'>plu-</span> 
     </span>
     <span class='ocr_line' id='line_1_23' title="bbox 183 1607 1707 1650; baseline 0.001 -10"><span class='ocrx_word' id='word_1_167' title='bbox 183 1608 298 1641; x_wconf 84' lang='lat' dir='ltr'>ralem</span> <span class='ocrx_word' id='word_1_168' title='bbox 323 1619 396 1641; x_wconf 91' lang='lat' dir='ltr'>non</span> <span class='ocrx_word' id='word_1_169' title='bbox 422 1608 537 1641; x_wconf 84' lang='lat' dir='ltr'>solum</span> <span class='ocrx_word' id='word_1_170' title='bbox 564 1609 602 1640; x_wconf 88' lang='lat' dir='ltr'>iu</span> <span class='ocrx_word' id='word_1_171' title='bbox 627 1609 639 1639; x_wconf 96' lang='lat' dir='ltr'>i</span> <span class='ocrx_word' id='word_1_172' title='bbox 666 1611 704 1640; x_wconf 77' lang='lat' dir='ltr'>et</span> <span class='ocrx_word' id='word_1_173' title='bbox 729 1619 792 1650; x_wconf 82' lang='lat' dir='ltr'>ae,</span> <span class='ocrx_word' id='word_1_174' title='bbox 818 1607 881 1640; x_wconf 87' lang='lat' dir='ltr'>sed</span> <span class='ocrx_word' id='word_1_175' title='bbox 908 1607 1020 1640; x_wconf 78' lang='lat' dir='ltr'>etiam</span> <span class='ocrx_word' id='word_1_176' title='bbox 1045 1608 1083 1639; x_wconf 90' lang='lat' dir='ltr'>in</span> <span class='ocrx_word' id='word_1_177' title='bbox 1109 1617 1173 1644; x_wconf 67' lang='lat' dir='ltr'>es„</span> <span class='ocrx_word' id='word_1_178' title='bbox 1190 1608 1252 1649; x_wconf 90' lang='lat' dir='ltr'>qui</span> <span class='ocrx_word' id='word_1_179' title='bbox 1279 1618 1371 1650; x_wconf 86' lang='lat' dir='ltr'>quae</span> <span class='ocrx_word' id='word_1_180' title='bbox 1396 1607 1457 1640; x_wconf 91' lang='lat' dir='ltr'>uel</span> <span class='ocrx_word' id='word_1_181' title='bbox 1475 1618 1581 1650; x_wconf 86' lang='lat' dir='ltr'>ques,</span> <span class='ocrx_word' id='word_1_182' title='bbox 1607 1612 1649 1641; x_wconf 88' lang='lat' dir='ltr'>ut</span> <span class='ocrx_word' id='word_1_183' title='bbox 1666 1610 1707 1644; x_wconf 90' lang='lat' dir='ltr'><strong>P.</strong></span> 
     </span>
     <span class='ocr_line' id='line_1_24' title="bbox 178 1652 1708 1696; baseline 0.001 -10"><span class='ocrx_word' id='word_1_184' title='bbox 178 1655 218 1686; x_wconf 86' lang='lat' dir='ltr'>in</span> <span class='ocrx_word' id='word_1_185' title='bbox 244 1653 370 1686; x_wconf 86' lang='lat' dir='ltr'>Medo:</span> <span class='ocrx_word' id='word_1_186' title='bbox 398 1663 488 1696; x_wconf 91' lang='lat' dir='ltr'>ques</span> <span class='ocrx_word' id='word_1_187' title='bbox 513 1657 598 1686; x_wconf 83' lang='lat' dir='ltr'>sunt</span> <span class='ocrx_word' id='word_1_188' title='bbox 622 1654 731 1686; x_wconf 76' lang='lat' dir='ltr'>isti?’</span> <span class='ocrx_word' id='word_1_189' title='bbox 835 1653 886 1685; x_wconf 96' lang='lat' dir='ltr'><strong>IV</strong></span> <span class='ocrx_word' id='word_1_190' title='bbox 910 1652 1003 1685; x_wconf 89' lang='lat' dir='ltr'>Non.</span> <span class='ocrx_word' id='word_1_191' title='bbox 1028 1654 1082 1694; x_wconf 87' lang='lat'>73,</span> <span class='ocrx_word' id='word_1_192' title='bbox 1109 1654 1152 1685; x_wconf 97' lang='grc'>22</span> <span class='ocrx_word' id='word_1_193' title='bbox 1177 1653 1406 1696; x_wconf 80' lang='lat' dir='ltr'>‘abiugat,</span> <span class='ocrx_word' id='word_1_194' title='bbox 1433 1657 1596 1695; x_wconf 84' lang='lat' dir='ltr'>separat,</span> <span class='ocrx_word' id='word_1_195' title='bbox 1622 1654 1708 1687; x_wconf 83' lang='lat' dir='ltr'>alie-</span> 
     </span>
     <span class='ocr_line' id='line_1_25' title="bbox 180 1697 1707 1741; baseline 0.001 -11"><span class='ocrx_word' id='word_1_196' title='bbox 180 1702 259 1731; x_wconf 82' lang='lat' dir='ltr'>nat.</span> <span class='ocrx_word' id='word_1_197' title='bbox 285 1698 326 1731; x_wconf 92' lang='lat' dir='ltr'>P.</span> <span class='ocrx_word' id='word_1_198' title='bbox 351 1698 457 1731; x_wconf 88' lang='lat' dir='ltr'>Medo</span> <span class='ocrx_word' id='word_1_199' title='bbox 481 1723 511 1732; x_wconf 94' lang='lat'>..</span> <span class='ocrx_word' id='word_1_200' title='bbox 527 1702 556 1730; x_wconf 86' lang='lat'><strong>.&#39;</strong></span> <span class='ocrx_word' id='word_1_201' title='bbox 665 1698 695 1730; x_wconf 94' lang='lat' dir='ltr'>V</span> <span class='ocrx_word' id='word_1_202' title='bbox 721 1700 813 1732; x_wconf 90' lang='lat' dir='ltr'>Non.</span> <span class='ocrx_word' id='word_1_203' title='bbox 839 1699 899 1739; x_wconf 88' lang='grc'>79,</span> <span class='ocrx_word' id='word_1_204' title='bbox 925 1699 947 1730; x_wconf 87' lang='lat'>4</span> <span class='ocrx_word' id='word_1_205' title='bbox 972 1698 1130 1731; x_wconf 82' lang='lat' dir='ltr'>‘bount</span> <span class='ocrx_word' id='word_1_206' title='bbox 1156 1697 1293 1730; x_wconf 82' lang='lat' dir='ltr'>dictum</span> <span class='ocrx_word' id='word_1_207' title='bbox 1317 1709 1338 1730; x_wconf 91' lang='lat' dir='ltr'>a</span> <span class='ocrx_word' id='word_1_208' title='bbox 1363 1698 1470 1731; x_wconf 90' lang='lat' dir='ltr'>boum</span> <span class='ocrx_word' id='word_1_209' title='bbox 1494 1699 1707 1741; x_wconf 77' lang='lat' dir='ltr'>mugitibus.</span> 
     </span>
     <span class='ocr_line' id='line_1_26' title="bbox 176 1742 1708 1785; baseline 0 -9"><span class='ocrx_word' id='word_1_210' title='bbox 176 1744 217 1776; x_wconf 91' lang='lat' dir='ltr'>P.</span> <span class='ocrx_word' id='word_1_211' title='bbox 243 1743 404 1777; x_wconf 87' lang='lat' dir='ltr'>Medo</span> <span class='ocrx_word' id='word_1_212' title='bbox 420 1745 448 1777; x_wconf 87' lang='lat'><strong>.’</strong></span> <span class='ocrx_word' id='word_1_213' title='bbox 541 1744 591 1777; x_wconf 93' lang='lat' dir='ltr'><strong>VI</strong></span> <span class='ocrx_word' id='word_1_214' title='bbox 616 1743 827 1777; x_wconf 84' lang='lat' dir='ltr'>Macrobius</span> <span class='ocrx_word' id='word_1_215' title='bbox 853 1742 929 1777; x_wconf 77' lang='lat' dir='ltr'>sat.</span> <span class='ocrx_word' id='word_1_216' title='bbox 948 1743 999 1775; x_wconf 90' lang='lat' dir='ltr'><strong>VI</strong></span> <span class='ocrx_word' id='word_1_217' title='bbox 1018 1745 1048 1784; x_wconf 92' lang='lat'>1,</span> <span class='ocrx_word' id='word_1_218' title='bbox 1073 1745 1117 1776; x_wconf 85' lang='lat'>36</span> <span class='ocrx_word' id='word_1_219' title='bbox 1143 1743 1366 1785; x_wconf 61' lang='lat' dir='ltr'>‘Vergilium</span> <span class='ocrx_word' id='word_1_220' title='bbox 1395 1743 1531 1776; x_wconf 88' lang='lat' dir='ltr'>diuersi</span> <span class='ocrx_word' id='word_1_221' title='bbox 1557 1744 1708 1776; x_wconf 80' lang='lat' dir='ltr'>circum-</span> 
     </span>
     <span class='ocr_line' id='line_1_27' title="bbox 178 1787 1706 1831; baseline 0.001 -11"><span class='ocrx_word' id='word_1_222' title='bbox 178 1789 352 1831; x_wconf 80' lang='lat' dir='ltr'>spiciunt.</span> <span class='ocrx_word' id='word_1_223' title='bbox 394 1789 463 1821; x_wconf 91' lang='lat' dir='ltr'>hoc</span> <span class='ocrx_word' id='word_1_224' title='bbox 490 1789 610 1822; x_wconf 85' lang='lat' dir='ltr'>acrior</span> <span class='ocrx_word' id='word_1_225' title='bbox 634 1789 741 1821; x_wconf 89' lang='lat' dir='ltr'>idem.</span> <span class='ocrx_word' id='word_1_226' title='bbox 768 1790 863 1822; x_wconf 81' lang='lat' dir='ltr'>1&#39;.in</span> <span class='ocrx_word' id='word_1_227' title='bbox 889 1787 1044 1820; x_wconf 82' lang='lat' dir='ltr'>Medea</span> <span class='ocrx_word' id='word_1_228' title='bbox 1070 1791 1144 1821; x_wconf 89' lang='grc'><strong>...’</strong></span> <span class='ocrx_word' id='word_1_229' title='bbox 1179 1787 1425 1830; x_wconf 87' lang='lat' dir='ltr'>(Pacubius</span> <span class='ocrx_word' id='word_1_230' title='bbox 1450 1788 1590 1830; x_wconf 88' lang='lat' dir='ltr'>Anglic.</span> <span class='ocrx_word' id='word_1_231' title='bbox 1609 1789 1706 1822; x_wconf 90' lang='lat' dir='ltr'>Med.</span> 
     </span>
     <span class='ocr_line' id='line_1_28' title="bbox 179 1831 1706 1877; baseline 0.001 -11"><span class='ocrx_word' id='word_1_232' title='bbox 179 1834 439 1876; x_wconf 87' lang='lat' dir='ltr'>pachubius</span> <span class='ocrx_word' id='word_1_233' title='bbox 464 1835 580 1867; x_wconf 80' lang='lat' dir='ltr'>Paris.</span> <span class='ocrx_word' id='word_1_234' title='bbox 627 1834 771 1867; x_wconf 89' lang='lat' dir='ltr'>media</span> <span class='ocrx_word' id='word_1_235' title='bbox 802 1831 963 1875; x_wconf 76' lang='lat' dir='ltr'>Anglic.)</span> <span class='ocrx_word' id='word_1_236' title='bbox 1061 1833 1131 1866; x_wconf 90' lang='lat' dir='ltr'>VII</span> <span class='ocrx_word' id='word_1_237' title='bbox 1155 1833 1247 1866; x_wconf 85' lang='lat' dir='ltr'>Non.</span> <span class='ocrx_word' id='word_1_238' title='bbox 1273 1834 1351 1874; x_wconf 87' lang='grc'>467,</span> <span class='ocrx_word' id='word_1_239' title='bbox 1376 1834 1419 1865; x_wconf 84' lang='grc'>25</span> <span class='ocrx_word' id='word_1_240' title='bbox 1452 1836 1609 1876; x_wconf 80' lang='lat' dir='ltr'>‘uagas</span> <span class='ocrx_word' id='word_1_241' title='bbox 1641 1845 1706 1877; x_wconf 89' lang='lat' dir='ltr'>pro</span> 
     </span>
     <span class='ocr_line' id='line_1_29' title="bbox 177 1878 1707 1922; baseline 0.001 -11"><span class='ocrx_word' id='word_1_242' title='bbox 177 1879 326 1922; x_wconf 86' lang='lat' dir='ltr'>uagaris</span> <span class='ocrx_word' id='word_1_243' title='bbox 443 1880 483 1911; x_wconf 88' lang='lat' dir='ltr'><strong>P.</strong></span> <span class='ocrx_word' id='word_1_244' title='bbox 507 1879 616 1912; x_wconf 91' lang='lat' dir='ltr'>Medo</span> <span class='ocrx_word' id='word_1_245' title='bbox 645 1882 721 1913; x_wconf 87' lang='grc'><strong>...’</strong></span> <span class='ocrx_word' id='word_1_246' title='bbox 815 1879 903 1911; x_wconf 93' lang='lat' dir='ltr'><strong>VIII</strong></span> <span class='ocrx_word' id='word_1_247' title='bbox 927 1879 1018 1911; x_wconf 89' lang='lat' dir='ltr'>Non.</span> <span class='ocrx_word' id='word_1_248' title='bbox 1047 1878 1125 1919; x_wconf 95' lang='grc'>178,</span> <span class='ocrx_word' id='word_1_249' title='bbox 1153 1880 1195 1911; x_wconf 93' lang='grc'>10</span> <span class='ocrx_word' id='word_1_250' title='bbox 1223 1878 1462 1911; x_wconf 73' lang='lat' dir='ltr'>‘tetinerit</span> <span class='ocrx_word' id='word_1_251' title='bbox 1492 1889 1557 1920; x_wconf 90' lang='lat' dir='ltr'>pro</span> <span class='ocrx_word' id='word_1_252' title='bbox 1581 1882 1707 1912; x_wconf 81' lang='lat' dir='ltr'>tenue-</span> 
     </span>
     <span class='ocr_line' id='line_1_30' title="bbox 178 1924 438 1959; baseline 0 -3"><span class='ocrx_word' id='word_1_253' title='bbox 178 1925 237 1959; x_wconf 81' lang='lat' dir='ltr'>rit.</span> <span class='ocrx_word' id='word_1_254' title='bbox 262 1924 303 1957; x_wconf 92' lang='lat' dir='ltr'><strong>P.</strong></span> <span class='ocrx_word' id='word_1_255' title='bbox 328 1924 438 1956; x_wconf 91' lang='lat' dir='ltr'>Medo</span> 
     </span>
    </p>
   </div>
   <div class='ocr_carea' id='block_1_5' title="bbox 180 1990 463 1995">
    <p class='ocr_par' dir='ltr' id='par_1_5' title="bbox 180 1990 463 1995">
     <span class='ocr_line' id='line_1_31' title="bbox 180 1990 463 1995; baseline 0 0"><span class='ocrx_word' id='word_1_256' title='bbox 180 1990 463 1995; x_wconf 95' lang='lat' dir='ltr'> </span> 
     </span>
    </p>
   </div>
   <div class='ocr_carea' id='block_1_6' title="bbox 173 2019 1709 2904">
    <p class='ocr_par' dir='ltr' id='par_1_6' title="bbox 173 2019 1709 2904">
     <span class='ocr_line' id='line_1_32' title="bbox 177 2019 1707 2069; baseline 0 -13"><span class='ocrx_word' id='word_1_257' title='bbox 177 2031 314 2069; x_wconf 82' lang='lat' dir='ltr'>proaue</span> <span class='ocrx_word' id='word_1_258' title='bbox 332 2024 420 2067; x_wconf 84' lang='lat' dir='ltr'>post</span> <span class='ocrx_word' id='word_1_259' title='bbox 441 2020 572 2056; x_wconf 86' lang='lat' dir='ltr'>inuoco</span> <span class='ocrx_word' id='word_1_260' title='bbox 593 2021 742 2056; x_wconf 81' lang='lat' dir='ltr'>inserui</span> <span class='ocrx_word' id='word_1_261' title='bbox 761 2024 796 2055; x_wconf 85' lang='lat' dir='ltr'>el</span> <span class='ocrx_word' id='word_1_262' title='bbox 812 2021 1000 2067; x_wconf 70' lang='lat' dir='ltr'>intcyrum</span> <span class='ocrx_word' id='word_1_263' title='bbox 1017 2021 1190 2066; x_wconf 79' lang='lat' dir='ltr'>priorem</span> <span class='ocrx_word' id='word_1_264' title='bbox 1209 2020 1471 2066; x_wconf 80' lang='lat' dir='ltr'>septenarium</span> <span class='ocrx_word' id='word_1_265' title='bbox 1491 2019 1611 2056; x_wconf 84' lang='lat' dir='ltr'>uerbo</span> <span class='ocrx_word' id='word_1_266' title='bbox 1627 2019 1707 2056; x_wconf 87' lang='lat' dir='ltr'>duis</span> 
     </span>
     <span class='ocr_line' id='line_1_33' title="bbox 177 2071 1706 2128; baseline -0.001 -15"><span class='ocrx_word' id='word_1_267' title='bbox 177 2078 317 2114; x_wconf 85' lang='lat' dir='ltr'>clausi.</span> <span class='ocrx_word' id='word_1_268' title='bbox 355 2071 431 2128; x_wconf 73' lang='lat' dir='ltr'>[te‚</span> <span class='ocrx_word' id='word_1_269' title='bbox 454 2076 500 2111; x_wconf 87' lang='lat' dir='ltr'>mi</span> <span class='ocrx_word' id='word_1_270' title='bbox 528 2071 706 2125; x_wconf 77' lang='lat' dir='ltr'>proaue‚]</span> <span class='ocrx_word' id='word_1_271' title='bbox 737 2075 792 2122; x_wconf 73' lang='lat' dir='ltr'>te,</span> <span class='ocrx_word' id='word_1_272' title='bbox 821 2075 905 2122; x_wconf 75' lang='lat' dir='ltr'>Sol,</span> <span class='ocrx_word' id='word_1_273' title='bbox 935 2075 1066 2112; x_wconf 89' lang='lat' dir='ltr'>inuoco</span> <span class='ocrx_word' id='word_1_274' title='bbox 1097 2074 1135 2111; x_wconf 74' lang='lat' dir='ltr'>tit</span> <span class='ocrx_word' id='word_1_275' title='bbox 1165 2075 1212 2111; x_wconf 89' lang='lat' dir='ltr'>mi</span> <span class='ocrx_word' id='word_1_276' title='bbox 1232 2073 1449 2123; x_wconf 79' lang='lat' dir='ltr'>potestatem</span> <span class='ocrx_word' id='word_1_277' title='bbox 1477 2073 1557 2111; x_wconf 90' lang='lat' dir='ltr'>duis</span> <span class='ocrx_word' id='word_1_278' title='bbox 1578 2077 1640 2112; x_wconf 86' lang='lat' dir='ltr'>uel</span> <span class='ocrx_word' id='word_1_279' title='bbox 1659 2077 1706 2112; x_wconf 89' lang='lat' dir='ltr'>mi</span> 
     </span>
     <span class='ocr_line' id='line_1_34' title="bbox 173 2131 1709 2180; baseline -0.001 -10"><span class='ocrx_word' id='word_1_280' title='bbox 173 2137 261 2180; x_wconf 83' lang='lat' dir='ltr'>post</span> <span class='ocrx_word' id='word_1_281' title='bbox 283 2131 344 2168; x_wconf 91' lang='lat' dir='ltr'>Sol</span> <span class='ocrx_word' id='word_1_282' title='bbox 367 2134 554 2170; x_wconf 79' lang='lat' dir='ltr'>collocato</span> <span class='ocrx_word' id='word_1_283' title='bbox 576 2132 748 2180; x_wconf 83' lang='lat' dir='ltr'>defendit</span> <span class='ocrx_word' id='word_1_284' title='bbox 772 2132 1045 2169; x_wconf 84' lang='lat' dir='ltr'>Buechelerus.</span> <span class='ocrx_word' id='word_1_285' title='bbox 1125 2131 1204 2167; x_wconf 89' lang='grc'>221</span> <span class='ocrx_word' id='word_1_286' title='bbox 1229 2142 1337 2179; x_wconf 86' lang='lat' dir='ltr'>quaes</span> <span class='ocrx_word' id='word_1_287' title='bbox 1359 2131 1493 2168; x_wconf 88' lang='lat' dir='ltr'>Bamb.</span> <span class='ocrx_word' id='word_1_288' title='bbox 1509 2131 1709 2169; x_wconf 82' lang='lat' dir='ltr'>Prisciani</span> 
     </span>
     <span class='ocr_line' id='line_1_35' title="bbox 179 2187 1705 2237; baseline 0 -11"><span class='ocrx_word' id='word_1_289' title='bbox 179 2189 201 2237; x_wconf 65' lang='grc' dir='ltr'>(ἶ</span> <span class='ocrx_word' id='word_1_290' title='bbox 221 2189 388 2226; x_wconf 78' lang='lat' dir='ltr'>Charisii</span> <span class='ocrx_word' id='word_1_291' title='bbox 402 2190 485 2226; x_wconf 88' lang='lat' dir='ltr'>cod.</span> <span class='ocrx_word' id='word_1_292' title='bbox 503 2201 544 2236; x_wconf 82' lang='lat' dir='ltr'>p.</span> <span class='ocrx_word' id='word_1_293' title='bbox 565 2189 631 2235; x_wconf 88' lang='grc'>70,</span> <span class='ocrx_word' id='word_1_294' title='bbox 646 2189 755 2225; x_wconf 83' lang='lat' dir='ltr'>Grut.</span> <span class='ocrx_word' id='word_1_295' title='bbox 768 2189 968 2225; x_wconf 83' lang='lat' dir='ltr'>Prisciani</span> <span class='ocrx_word' id='word_1_296' title='bbox 982 2200 1016 2236; x_wconf 87' lang='lat' dir='ltr'><strong>q.</strong></span> <span class='ocrx_word' id='word_1_297' title='bbox 1030 2199 1073 2234; x_wconf 81' lang='lat' dir='ltr'>p.</span> <span class='ocrx_word' id='word_1_298' title='bbox 1092 2187 1171 2225; x_wconf 86' lang='lat'>108</span> <span class='ocrx_word' id='word_1_299' title='bbox 1238 2188 1267 2223; x_wconf 92' lang='lat' dir='ltr'>is</span> <span class='ocrx_word' id='word_1_300' title='bbox 1285 2187 1450 2224; x_wconf 74' lang='lat' dir='ltr'>Charisii</span> <span class='ocrx_word' id='word_1_301' title='bbox 1467 2189 1549 2224; x_wconf 87' lang='lat' dir='ltr'>cod.</span> <span class='ocrx_word' id='word_1_302' title='bbox 1562 2199 1604 2235; x_wconf 82' lang='lat' dir='ltr'>p.</span> <span class='ocrx_word' id='word_1_303' title='bbox 1627 2188 1705 2226; x_wconf 88' lang='grc'>108</span> 
     </span>
     <span class='ocr_line' id='line_1_36' title="bbox 178 2243 1706 2295; baseline -0.001 -13"><span class='ocrx_word' id='word_1_304' title='bbox 178 2244 245 2293; x_wconf 85' lang='lat' dir='ltr'>(cf.</span> <span class='ocrx_word' id='word_1_305' title='bbox 268 2245 502 2282; x_wconf 83' lang='lat' dir='ltr'>Bitschelius</span> <span class='ocrx_word' id='word_1_306' title='bbox 522 2247 598 2282; x_wconf 88' lang='lat' dir='ltr'>ind.</span> <span class='ocrx_word' id='word_1_307' title='bbox 620 2247 722 2282; x_wconf 85' lang='lat' dir='ltr'>lectt.</span> <span class='ocrx_word' id='word_1_308' title='bbox 744 2245 869 2283; x_wconf 87' lang='lat' dir='ltr'>Bonn.</span> <span class='ocrx_word' id='word_1_309' title='bbox 895 2244 1048 2295; x_wconf 68' lang='lat' dir='ltr'>1855]ss</span> <span class='ocrx_word' id='word_1_310' title='bbox 1074 2256 1115 2291; x_wconf 83' lang='lat' dir='ltr'>p.</span> <span class='ocrx_word' id='word_1_311' title='bbox 1149 2243 1251 2292; x_wconf 82' lang='lat' dir='ltr'><em>VII),</em></span> <span class='ocrx_word' id='word_1_312' title='bbox 1282 2255 1351 2280; x_wconf 90' lang='lat' dir='ltr'>om.</span> <span class='ocrx_word' id='word_1_313' title='bbox 1369 2255 1412 2290; x_wconf 82' lang='lat' dir='ltr'>p.</span> <span class='ocrx_word' id='word_1_314' title='bbox 1437 2243 1489 2281; x_wconf 89' lang='lat'>70</span> <span class='ocrx_word' id='word_1_315' title='bbox 1517 2244 1577 2280; x_wconf 75' lang='lat' dir='ltr'>isti</span> <span class='ocrx_word' id='word_1_316' title='bbox 1599 2245 1706 2281; x_wconf 86' lang='lat' dir='ltr'>Pris-</span> 
     </span>
     <span class='ocr_line' id='line_1_37' title="bbox 181 2300 1658 2349; baseline 0 -11"><span class='ocrx_word' id='word_1_317' title='bbox 181 2305 319 2339; x_wconf 85' lang='lat' dir='ltr'>cianus</span> <span class='ocrx_word' id='word_1_318' title='bbox 338 2302 362 2338; x_wconf 88' lang='lat' dir='ltr'>ii</span> <span class='ocrx_word' id='word_1_319' title='bbox 383 2303 440 2338; x_wconf 82' lang='lat' dir='ltr'>cd.</span> <span class='ocrx_word' id='word_1_320' title='bbox 458 2304 590 2349; x_wconf 81' lang='lat' dir='ltr'>princ.</span> <span class='ocrx_word' id='word_1_321' title='bbox 609 2302 775 2339; x_wconf 78' lang='lat' dir='ltr'>Charisii</span> <span class='ocrx_word' id='word_1_322' title='bbox 789 2313 831 2349; x_wconf 83' lang='lat' dir='ltr'>p.</span> <span class='ocrx_word' id='word_1_323' title='bbox 852 2301 930 2339; x_wconf 85' lang='lat'>108</span> <span class='ocrx_word' id='word_1_324' title='bbox 1017 2300 1196 2349; x_wconf 84' lang='lat' dir='ltr'>ignobiles</span> <span class='ocrx_word' id='word_1_325' title='bbox 1218 2313 1288 2338; x_wconf 90' lang='lat' dir='ltr'>om.</span> <span class='ocrx_word' id='word_1_326' title='bbox 1307 2300 1503 2338; x_wconf 77' lang='lat' dir='ltr'>Charisius</span> <span class='ocrx_word' id='word_1_327' title='bbox 1516 2312 1560 2347; x_wconf 80' lang='lat' dir='ltr'>p.</span> <span class='ocrx_word' id='word_1_328' title='bbox 1580 2300 1658 2339; x_wconf 88' lang='lat'>108</span> 
     </span>
     <span class='ocr_line' id='line_1_38' title="bbox 177 2356 1704 2405; baseline 0 -10"><span class='ocrx_word' id='word_1_329' title='bbox 177 2359 376 2395; x_wconf 79' lang='lat' dir='ltr'>Personas</span> <span class='ocrx_word' id='word_1_330' title='bbox 395 2359 571 2396; x_wconf 78' lang='lat' dir='ltr'>distinxit</span> <span class='ocrx_word' id='word_1_331' title='bbox 592 2359 746 2395; x_wconf 87' lang='lat' dir='ltr'>Grotius</span> <span class='ocrx_word' id='word_1_332' title='bbox 776 2359 862 2395; x_wconf 85' lang='lat' dir='ltr'>bibl.</span> <span class='ocrx_word' id='word_1_333' title='bbox 885 2360 970 2395; x_wconf 82' lang='lat' dir='ltr'>crit.</span> <span class='ocrx_word' id='word_1_334' title='bbox 991 2369 1029 2394; x_wconf 91' lang='lat' dir='ltr'>n.</span> <span class='ocrx_word' id='word_1_335' title='bbox 1051 2358 1073 2394; x_wconf 92' lang='grc'>1</span> <span class='ocrx_word' id='word_1_336' title='bbox 1087 2358 1118 2394; x_wconf 88' lang='lat' dir='ltr'><em>V</em></span> <span class='ocrx_word' id='word_1_337' title='bbox 1209 2356 1289 2393; x_wconf 82' lang='lat'>222</span> <span class='ocrx_word' id='word_1_338' title='bbox 1312 2361 1450 2393; x_wconf 87' lang='lat' dir='ltr'>certum</span> <span class='ocrx_word' id='word_1_339' title='bbox 1476 2356 1607 2405; x_wconf 83' lang='lat' dir='ltr'>eloque</span> <span class='ocrx_word' id='word_1_340' title='bbox 1627 2357 1704 2395; x_wconf 87' lang='lat' dir='ltr'>Bo-</span> 
     </span>
     <span class='ocr_line' id='line_1_39' title="bbox 180 2412 1632 2452; baseline -0.002 0"><span class='ocrx_word' id='word_1_341' title='bbox 180 2414 281 2452; x_wconf 83' lang='lat' dir='ltr'>thius</span> <span class='ocrx_word' id='word_1_342' title='bbox 305 2414 328 2450; x_wconf 89' lang='grc'>2</span> <span class='ocrx_word' id='word_1_343' title='bbox 425 2415 624 2452; x_wconf 85' lang='lat' dir='ltr'>Personas</span> <span class='ocrx_word' id='word_1_344' title='bbox 643 2416 816 2452; x_wconf 80' lang='lat' dir='ltr'>distinxit</span> <span class='ocrx_word' id='word_1_345' title='bbox 837 2414 997 2452; x_wconf 89' lang='lat' dir='ltr'>Bothius</span> <span class='ocrx_word' id='word_1_346' title='bbox 1021 2414 1040 2450; x_wconf 96' lang='grc'>1</span> <span class='ocrx_word' id='word_1_347' title='bbox 1143 2413 1224 2449; x_wconf 84' lang='grc'>224</span> <span class='ocrx_word' id='word_1_348' title='bbox 1254 2412 1387 2449; x_wconf 88' lang='lat' dir='ltr'>diuersi</span> <span class='ocrx_word' id='word_1_349' title='bbox 1407 2413 1632 2450; x_wconf 85' lang='lat' dir='ltr'>Macrobius</span> 
     </span>
     <span class='ocr_line' id='line_1_40' title="bbox 178 2469 1706 2520; baseline 0.001 -14"><span class='ocrx_word' id='word_1_350' title='bbox 178 2472 331 2520; x_wconf 78' lang='lat' dir='ltr'>precipit</span> <span class='ocrx_word' id='word_1_351' title='bbox 352 2471 492 2508; x_wconf 85' lang='lat' dir='ltr'>Salisb.</span> <span class='ocrx_word' id='word_1_352' title='bbox 554 2471 634 2508; x_wconf 83' lang='lat'>225</span> <span class='ocrx_word' id='word_1_353' title='bbox 657 2471 718 2520; x_wconf 89' lang='lat' dir='ltr'>qui</span> <span class='ocrx_word' id='word_1_354' title='bbox 740 2470 880 2507; x_wconf 83' lang='lat' dir='ltr'>tandem</span> <span class='ocrx_word' id='word_1_355' title='bbox 899 2470 1035 2508; x_wconf 90' lang='lat' dir='ltr'>Bamb.</span> <span class='ocrx_word' id='word_1_356' title='bbox 1085 2469 1183 2518; x_wconf 85' lang='lat' dir='ltr'>quod</span> <span class='ocrx_word' id='word_1_357' title='bbox 1202 2470 1302 2515; x_wconf 84' lang='lat' dir='ltr'>libri,</span> <span class='ocrx_word' id='word_1_358' title='bbox 1325 2470 1362 2506; x_wconf 89' lang='lat' dir='ltr'>h.</span> <span class='ocrx_word' id='word_1_359' title='bbox 1381 2479 1413 2505; x_wconf 82' lang='lat' dir='ltr'>e.</span> <span class='ocrx_word' id='word_1_360' title='bbox 1437 2480 1530 2517; x_wconf 89' lang='lat' dir='ltr'>quo:</span> <span class='ocrx_word' id='word_1_361' title='bbox 1551 2470 1604 2517; x_wconf 85' lang='lat' dir='ltr'>cf.</span> <span class='ocrx_word' id='word_1_362' title='bbox 1621 2469 1706 2507; x_wconf 88' lang='lat' dir='ltr'>Rit-</span> 
     </span>
     <span class='ocr_line' id='line_1_41' title="bbox 182 2525 1704 2575; baseline 0 -11"><span class='ocrx_word' id='word_1_363' title='bbox 182 2528 350 2565; x_wconf 85' lang='lat' dir='ltr'>schelius</span> <span class='ocrx_word' id='word_1_364' title='bbox 374 2539 462 2564; x_wconf 84' lang='lat' dir='ltr'>nou.</span> <span class='ocrx_word' id='word_1_365' title='bbox 485 2538 644 2565; x_wconf 83' lang='lat' dir='ltr'>excurs.</span> <span class='ocrx_word' id='word_1_366' title='bbox 665 2528 795 2564; x_wconf 85' lang='lat' dir='ltr'>Plaut.</span> <span class='ocrx_word' id='word_1_367' title='bbox 816 2528 842 2564; x_wconf 92' lang='grc' dir='ltr'><em>Ι</em></span> <span class='ocrx_word' id='word_1_368' title='bbox 855 2538 895 2574; x_wconf 83' lang='lat' dir='ltr'>p.</span> <span class='ocrx_word' id='word_1_369' title='bbox 921 2527 971 2564; x_wconf 85' lang='lat'>57</span> <span class='ocrx_word' id='word_1_370' title='bbox 990 2538 1048 2575; x_wconf 83' lang='lat' dir='ltr'>sq.</span> <span class='ocrx_word' id='word_1_371' title='bbox 1071 2531 1107 2562; x_wconf 83' lang='lat' dir='ltr'>et</span> <span class='ocrx_word' id='word_1_372' title='bbox 1127 2537 1220 2563; x_wconf 85' lang='lat' dir='ltr'>mus.</span> <span class='ocrx_word' id='word_1_373' title='bbox 1243 2526 1366 2563; x_wconf 83' lang='lat' dir='ltr'>Rhen.</span> <span class='ocrx_word' id='word_1_374' title='bbox 1387 2525 1532 2562; x_wconf 85' lang='lat' dir='ltr'><strong>XXIV</strong></span> <span class='ocrx_word' id='word_1_375' title='bbox 1545 2537 1588 2572; x_wconf 81' lang='lat' dir='ltr'>p.</span> <span class='ocrx_word' id='word_1_376' title='bbox 1609 2525 1704 2573; x_wconf 85' lang='lat'>485,</span> 
     </span>
     <span class='ocr_line' id='line_1_42' title="bbox 180 2581 1651 2632; baseline -0.001 -12"><span class='ocrx_word' id='word_1_377' title='bbox 180 2586 244 2620; x_wconf 83' lang='lat' dir='ltr'>cui</span> <span class='ocrx_word' id='word_1_378' title='bbox 263 2585 498 2621; x_wconf 83' lang='lat' dir='ltr'>aduersatur</span> <span class='ocrx_word' id='word_1_379' title='bbox 519 2584 715 2632; x_wconf 70' lang='lat' dir='ltr'>Berylcius</span> <span class='ocrx_word' id='word_1_380' title='bbox 735 2585 852 2632; x_wconf 73' lang='lat' dir='ltr'>symb.</span> <span class='ocrx_word' id='word_1_381' title='bbox 874 2585 927 2620; x_wconf 89' lang='lat' dir='ltr'>ad</span> <span class='ocrx_word' id='word_1_382' title='bbox 942 2595 1101 2632; x_wconf 66' lang='lat' dir='ltr'>gramm.</span> <span class='ocrx_word' id='word_1_383' title='bbox 1124 2583 1210 2619; x_wconf 84' lang='lat' dir='ltr'>Lat.</span> <span class='ocrx_word' id='word_1_384' title='bbox 1227 2582 1254 2619; x_wconf 91' lang='lat' dir='ltr'><strong>I</strong></span> <span class='ocrx_word' id='word_1_385' title='bbox 1264 2581 1330 2619; x_wconf 85' lang='lat'><strong>75.</strong></span> <span class='ocrx_word' id='word_1_386' title='bbox 1353 2592 1424 2630; x_wconf 88' lang='lat' dir='ltr'>quo</span> <span class='ocrx_word' id='word_1_387' title='bbox 1445 2581 1651 2619; x_wconf 81' lang='lat' dir='ltr'>Mercerus</span> 
     </span>
     <span class='ocr_line' id='line_1_43' title="bbox 179 2638 1703 2688; baseline -0.001 -12"><span class='ocrx_word' id='word_1_388' title='bbox 179 2645 358 2688; x_wconf 82' lang='lat' dir='ltr'>receptast</span> <span class='ocrx_word' id='word_1_389' title='bbox 381 2642 443 2677; x_wconf 87' lang='lat' dir='ltr'>uel</span> <span class='ocrx_word' id='word_1_390' title='bbox 469 2645 651 2688; x_wconf 82' lang='lat' dir='ltr'>receptata</span> <span class='ocrx_word' id='word_1_391' title='bbox 672 2640 867 2688; x_wconf 70' lang='lat' dir='ltr'>Berqlcius</span> <span class='ocrx_word' id='word_1_392' title='bbox 887 2650 981 2676; x_wconf 87' lang='lat' dir='ltr'>mus.</span> <span class='ocrx_word' id='word_1_393' title='bbox 1005 2639 1131 2677; x_wconf 84' lang='lat' dir='ltr'>Rhcn.</span> <span class='ocrx_word' id='word_1_394' title='bbox 1158 2638 1263 2676; x_wconf 87' lang='grc'>1835</span> <span class='ocrx_word' id='word_1_395' title='bbox 1281 2650 1322 2686; x_wconf 79' lang='lat' dir='ltr'>p.</span> <span class='ocrx_word' id='word_1_396' title='bbox 1348 2638 1399 2675; x_wconf 83' lang='lat'>77</span> <span class='ocrx_word' id='word_1_397' title='bbox 1421 2642 1581 2686; x_wconf 82' lang='lat' dir='ltr'>receptat</span> <span class='ocrx_word' id='word_1_398' title='bbox 1601 2639 1703 2685; x_wconf 87' lang='lat' dir='ltr'>libri,</span> 
     </span>
     <span class='ocr_line' id='line_1_44' title="bbox 178 2694 1704 2745; baseline -0.001 -12"><span class='ocrx_word' id='word_1_399' title='bbox 178 2696 348 2744; x_wconf 81' lang='lat' dir='ltr'>defendit</span> <span class='ocrx_word' id='word_1_400' title='bbox 369 2708 472 2734; x_wconf 85' lang='lat' dir='ltr'>nunc</span> <span class='ocrx_word' id='word_1_401' title='bbox 494 2697 689 2745; x_wconf 72' lang='lat' dir='ltr'>Berylcius</span> <span class='ocrx_word' id='word_1_402' title='bbox 707 2699 733 2734; x_wconf 93' lang='lat' dir='ltr'>l.</span> <span class='ocrx_word' id='word_1_403' title='bbox 756 2697 780 2732; x_wconf 91' lang='lat' dir='ltr'>l.</span> <span class='ocrx_word' id='word_1_404' title='bbox 815 2694 1058 2745; x_wconf 82' lang='lat' dir='ltr'>(quamquam</span> <span class='ocrx_word' id='word_1_405' title='bbox 1087 2697 1184 2733; x_wconf 86' lang='lat' dir='ltr'>idem</span> <span class='ocrx_word' id='word_1_406' title='bbox 1215 2706 1287 2743; x_wconf 93' lang='lat' dir='ltr'>quo</span> <span class='ocrx_word' id='word_1_407' title='bbox 1317 2695 1387 2731; x_wconf 84' lang='lat' dir='ltr'>iter</span> <span class='ocrx_word' id='word_1_408' title='bbox 1407 2695 1468 2730; x_wconf 86' lang='lat' dir='ltr'>uel</span> <span class='ocrx_word' id='word_1_409' title='bbox 1487 2694 1539 2730; x_wconf 86' lang='lat' dir='ltr'>ire</span> <span class='ocrx_word' id='word_1_410' title='bbox 1559 2700 1704 2743; x_wconf 81' lang='lat' dir='ltr'>coeptat</span> 
     </span>
     <span class='ocr_line' id='line_1_45' title="bbox 175 2751 1701 2801; baseline 0 -13"><span class='ocrx_word' id='word_1_411' title='bbox 175 2752 403 2800; x_wconf 80' lang='lat' dir='ltr'>proposuit).</span> <span class='ocrx_word' id='word_1_412' title='bbox 435 2754 486 2789; x_wconf 81' lang='lat' dir='ltr'>ire</span> <span class='ocrx_word' id='word_1_413' title='bbox 517 2758 660 2801; x_wconf 77' lang='lat' dir='ltr'>coeptat</span> <span class='ocrx_word' id='word_1_414' title='bbox 680 2753 885 2790; x_wconf 84' lang='lat' dir='ltr'>Mercerus</span> <span class='ocrx_word' id='word_1_415' title='bbox 962 2753 1111 2798; x_wconf 81' lang='lat' dir='ltr'>incerta,</span> <span class='ocrx_word' id='word_1_416' title='bbox 1142 2763 1197 2789; x_wconf 90' lang='lat' dir='ltr'>sc.</span> <span class='ocrx_word' id='word_1_417' title='bbox 1220 2754 1284 2788; x_wconf 91' lang='lat' dir='ltr'>uia</span> <span class='ocrx_word' id='word_1_418' title='bbox 1304 2752 1395 2788; x_wconf 87' lang='lat' dir='ltr'>libri</span> <span class='ocrx_word' id='word_1_419' title='bbox 1421 2751 1556 2787; x_wconf 86' lang='lat' dir='ltr'>incerte</span> <span class='ocrx_word' id='word_1_420' title='bbox 1578 2751 1701 2799; x_wconf 74' lang='lat' dir='ltr'>Bery-</span> 
     </span>
     <span class='ocr_line' id='line_1_46' title="bbox 179 2804 1651 2857; baseline -0.001 -11"><span class='ocrx_word' id='word_1_421' title='bbox 179 2810 286 2856; x_wconf 62' lang='lat' dir='ltr'>lctus,</span> <span class='ocrx_word' id='word_1_422' title='bbox 318 2812 384 2857; x_wconf 81' lang='lat' dir='ltr'>qui</span> <span class='ocrx_word' id='word_1_423' title='bbox 404 2820 600 2856; x_wconf 83' lang='lat' dir='ltr'>personas</span> <span class='ocrx_word' id='word_1_424' title='bbox 628 2811 814 2846; x_wconf 76' lang='lat' dir='ltr'>distinxit.</span> <span class='ocrx_word' id='word_1_425' title='bbox 851 2809 986 2846; x_wconf 84' lang='lat' dir='ltr'>incerta</span> <span class='ocrx_word' id='word_1_426' title='bbox 1017 2820 1060 2845; x_wconf 82' lang='lat' dir='ltr'>an</span> <span class='ocrx_word' id='word_1_427' title='bbox 1102 2808 1256 2846; x_wconf 84' lang='lat' dir='ltr'>Vossius</span> <span class='ocrx_word' id='word_1_428' title='bbox 1285 2804 1456 2844; x_wconf 82' lang='lat' dir='ltr'>incertan&#39;</span> <span class='ocrx_word' id='word_1_429' title='bbox 1487 2805 1651 2844; x_wconf 85' lang='lat' dir='ltr'>Bothius</span> 
     </span>
     <span class='ocr_line' id='line_1_47' title="bbox 182 2862 1508 2904; baseline -0.002 -2"><span class='ocrx_word' id='word_1_430' title='bbox 182 2865 261 2902; x_wconf 90' lang='grc'>226</span> <span class='ocrx_word' id='word_1_431' title='bbox 293 2865 381 2902; x_wconf 86' lang='lat' dir='ltr'>cedo</span> <span class='ocrx_word' id='word_1_432' title='bbox 413 2866 616 2904; x_wconf 83' lang='lat' dir='ltr'>Mercerus</span> <span class='ocrx_word' id='word_1_433' title='bbox 645 2865 754 2903; x_wconf 85' lang='lat' dir='ltr'>credo</span> <span class='ocrx_word' id='word_1_434' title='bbox 782 2867 874 2904; x_wconf 89' lang='lat' dir='ltr'>libri</span> <span class='ocrx_word' id='word_1_435' title='bbox 957 2866 1064 2902; x_wconf 83' lang='lat' dir='ltr'>itiner</span> <span class='ocrx_word' id='word_1_436' title='bbox 1093 2864 1233 2902; x_wconf 89' lang='lat' dir='ltr'>Aldina</span> <span class='ocrx_word' id='word_1_437' title='bbox 1262 2864 1389 2901; x_wconf 76' lang='lat' dir='ltr'>itinere</span> <span class='ocrx_word' id='word_1_438' title='bbox 1417 2862 1508 2900; x_wconf 86' lang='lat' dir='ltr'>libri</span> 
     </span>
    </p>
   </div>
  </div>
 </body>
</html>
