1942 3204
230 158 285 200 44
872 162 916 202 Q.
944 160 1124 194 ENNIVS

347 265 468 308 Neue
500 264 600 307 inde
632 266 755 308 nauis
787 264 1055 308 incohandae
1087 265 1306 308 exordium

350 341 589 398 Ooepssset‚
621 358 729 398 quae
760 358 876 385 nune
907 342 1155 384 nominatur
1185 343 1358 385 nomine

349 419 487 476 Argo,
519 420 619 476 quia
650 418 803 476 Argiui
835 419 882 462 1²11
913 434 963 462 ea
994 418 1150 462 delecti
1177 420 1259 462 uiri

231 550 302 582 fuit
327 560 529 592 exponere,
555 561 600 583 ne
618 550 777 582 Ennium
795 554 839 582 *et
865 553 1008 583 ceteros
1033 553 1162 593 poetas
1186 549 1381 588 imitemur,
1407 550 1539 591 quibus
1555 549 1626 582 hoc
1649 548 1755 582 modo

230 595 330 637 loqui
358 606 574 628 concessum
598 599 675 628 est:
704 592 916 638 [205-213]
943 596 1034 627 Nam
1060 595 1119 628 hic
1145 596 1238 628 satis
1263 598 1344 627 erat
1362 594 1500 637 dicere,
1526 594 1558 627 si
1582 594 1619 626 id
1637 594 1755 635 modo,

231 640 327 682 quod
353 641 446 673 satis
471 644 590 681 esset,
626 643 798 674 curarent
823 644 974 683 poetae:
1005 641 1148 674 utinam
1174 651 1219 673 ne
1245 651 1308 673 era
1334 650 1459 672 errans
1489 649 1570 672 mea.
1602 639 1636 671 d.
1661 650 1694 672 e.
1719 649 1754 682 p.

233 685 369 718 Medea
470 686 620 719 saucia.’
661 683 711 727 (a)
738 685 870 718 Cicero
897 685 941 719 de
967 686 1045 719 fato
1071 687 1132 728 15,
1157 688 1201 719 35
1232 689 1299 718 ‘ex
1328 685 1399 718 hoc
1429 694 1560 727 genere
1585 683 1676 717 illud
1701 686 1757 717 est
1807 671 1814 679 ⁸

234 731 332 763 Enni
358 728 452 774 [205.
470 728 552 774 206]
580 731 707 764 Licuit
730 730 791 763 uel
810 730 943 764 altius:
969 732 1109 764 utinam
1136 742 1180 764 ne
1204 732 1243 764 in
1260 730 1363 763 Pelio
1380 733 1470 762 nata
1493 729 1571 762 ulla
1586 739 1755 771 umquam

233 779 332 808 esset
357 776 482 808 arbor!
511 776 622 808 etiam
647 786 780 818 supra:
806 777 947 809 utinam
972 787 1017 809 ne
1045 780 1143 809 esset
1166 787 1268 809 mons
1290 775 1387 808 ullus
1405 775 1548 808 Pelius!
1575 774 1756 807 similiter-

234 831 304 863 que
330 821 521 863 superiora
545 824 767 864 repetentem
800 821 946 864 regredi
977 821 1120 854 infinite
1150 822 1253 854 licet.
1300 821 1421 854 Neue
1446 819 1547 852 inde
1655 829 1755 852 coe-

232 866 394 908 pisset.
444 863 624 907 Quorsum
648 866 742 898 haec
766 867 997 909 praeterita?
1039 868 1134 908 Quia
1159 867 1325 910 sequitur
1349 865 1438 898 illud
1466 864 1556 907 [212.
1581 862 1659 907 213]
1685 874 1757 897 non

232 914 274 943 ut
300 922 366 944 eae
393 921 451 944 res
477 921 628 943 causam
652 911 841 944 adferrent
865 912 1027 945 amoris.’
1054 911 1107 954 (b)
1154 912 1254 945 Idem
1285 923 1350 955 pro
1375 911 1504 944 Caelio
1528 912 1566 951 8,
1595 911 1636 943 18
1661 912 1755 952 ‘quo

232 956 313 989 loco
339 966 486 998 possum
512 956 634 990 dicere
662 957 700 988 id
725 956 821 998 quod
939 957 1093 990 Crassus
1204 957 1315 1000 paulo
1339 960 1424 989 ante
1449 956 1556 993 dixit,
1586 955 1755 988 utinam

232 1012 286 1034 ne
311 1002 359 1033 in
384 1005 567 1034 nemore
590 1001 741 1042 Pelio,
774 1011 818 1034 ac
841 1001 987 1044 longius
1013 1002 1158 1045 quidem
1187 1003 1276 1035 mihi
1300 1005 1493 1035 contexere
1519 1001 1586 1033 hoc
1610 1010 1758 1033 carmen

235 1046 371 1081 liceret.
413 1047 517 1079 Nam
541 1057 772 1090 numquam
800 1057 877 1080 era
901 1057 1062 1080 errans
1086 1047 1182 1080 hane
1205 1048 1411 1080 molestiam
1437 1047 1542 1079 nobis
1567 1045 1758 1078 exhiberet

232 1091 394 1125 Medea
427 1092 572 1124 animo
605 1117 612 1124 .
634 1117 642 1125 .
663 1117 670 1124 .
701 1093 883 1125 sauciam
917 1090 966 1134 (c)
1011 1093 1224 1126 Priscianus
1257 1093 1301 1125 de
1338 1092 1463 1125 metris
1494 1092 1642 1124 Terent.
1674 1100 1704 1122 c.
1735 1091 1756 1122 2

236 1147 270 1179 p.
298 1139 384 1170 1325
411 1138 451 1169 Ρ.
479 1137 531 1179 (11
557 1148 589 1180 p.
615 1139 681 1170 423
706 1138 769 1178 Η.)
797 1140 888 1171 ‘nec
912 1138 1027 1170 solum
1054 1138 1181 1171 comici
1205 1137 1455 1171 huiuscemodi
1480 1140 1565 1169 sunt
1587 1136 1645 1168 usi
1667 1136 1758 1167 iam-

234 1182 308 1223 bis,
346 1182 408 1214 sed
442 1184 551 1214 etiam
586 1183 721 1225 tragici
752 1183 1012 1222 uetustissimi,
1049 1188 1091 1215 ut
1120 1184 1293 1216 Ennius
1331 1184 1368 1215 in
1400 1182 1555 1214 Medea
1591 1179 1758 1217 (media

232 1227 338 1260 Leid.
359 1226 420 1267 V):
448 1226 676 1270 [205—212]
703 1227 753 1269 (d)
793 1228 893 1260 Idem
917 1228 1002 1262 inst.
1030 1229 1100 1260 VII
1124 1239 1157 1270 p.
1185 1231 1248 1261 751
1274 1230 1315 1261 P.
1354 1228 1534 1260 ‘trabes
1561 1237 1622 1269 pro
1653 1226 1756 1258 trabs

239 1273 494 1315 proferebant.
542 1273 690 1310 Ennius,
715 1273 752 1305 in
777 1273 924 1306 Medea:
964 1272 1056 1316 [205.
1082 1271 1187 1317 206]’
1214 1273 1263 1315 (e)
1294 1275 1410 1307 Varro
1436 1273 1479 1304 de
1505 1272 1528 1304 l.
1550 1273 1596 1305 L.
1621 1271 1691 1303 VII
1715 1273 1758 1304 33

234 1318 283 1351 Μ.
310 1319 387 1350 ‘sic
412 1317 550 1350 dictum
576 1329 598 1350 a
623 1317 856 1360 quibusdam,
887 1322 929 1350 ut
957 1329 1031 1351 una
1056 1329 1186 1357 canes,
1216 1329 1291 1352 una
1315 1319 1471 1351 trabes
1501 1343 1509 1351 .
1530 1342 1537 1350 .
1558 1343 1565 1350 .
1597 1316 1755 1350 Ennius:

241 1360 334 1406 [205.
362 1360 444 1406 206]
473 1363 515 1403 (f)
542 1363 792 1405 Quintilianus
818 1364 847 1396 V
874 1365 932 1404 10,
957 1365 1001 1396 84
1027 1367 1183 1397 ‘causas
1208 1374 1279 1396 non
1303 1364 1428 1405 utique
1453 1363 1499 1395 ab
1525 1362 1652 1395 ultimo
1676 1371 1758 1394 esse

234 1407 472 1450 repetendas,
502 1412 543 1440 ut
566 1409 716 1443 Medea.
748 1409 919 1441 utinam
949 1434 956 1440 .
976 1433 984 1442 .
1005 1434 1012 1442 .
1044 1409 1184 1447 Pelio,
1218 1410 1323 1451 quasi
1347 1419 1434 1441 uero
1458 1408 1496 1440 id
1522 1418 1602 1440 eam
1627 1407 1759 1440 fecerit

233 1454 401 1486 miseram
426 1457 490 1486 aut
507 1457 720 1495 nocentem,
747 1453 843 1496 quod
871 1454 950 1486 illie
976 1454 1231 1487 ceciderint
1257 1454 1478 1496 abiegnae
1505 1453 1572 1492 (sic
1588 1452 1756 1486 Ambros.

234 1498 341 1531 Bern.
368 1499 497 1531 Bamb.
530 1499 762 1531 ceciderit
794 1499 991 1541 abiegna
1015 1498 1127 1542 uulg.)
1159 1499 1210 1531 ad
1240 1502 1267 1531 t.
1300 1499 1469 1531 trabes’
1496 1497 1548 1541 (g)
1589 1498 1758 1530 Donatus

234 1544 272 1576 in
297 1545 380 1577 Ter.
410 1543 551 1576 Phorm.
591 1544 607 1576 1
632 1546 669 1583 3,
696 1547 716 1576 5
743 1547 873 1576 ‘uetus
897 1544 1054 1576 elocutio
1079 1545 1244 1576 utinam
1270 1555 1333 1580 ne,
1382 1544 1523 1576 Ennius
1545 1543 1582 1575 in
1607 1542 1758 1576 Medea=

235 1591 409 1621 utinam
436 1599 485 1621 ne
511 1589 555 1621 in
581 1599 614 1621 n.
642 1590 682 1622 Ρ.
706 1599 891 1632 unquam
919 1589 1200 1622 cecidissent
1226 1589 1328 1622 adt.
1355 1592 1395 1623 t.’
1422 1586 1474 1630 (h)
1500 1588 1614 1621 Iulius
1630 1589 1760 1622 Victor

235 1721 447 1757 accidissent
476 1723 509 1757 l.-
549 1722 732 1758 Einsiecll.
763 1722 933 1769 Gryph.;
961 1733 1016 1757 m.-
1050 1722 1228 1768 plerique
1257 1720 1444 1757 cecidisset
1475 1732 1518 1756 a.-
1559 1716 1687 1767 Opilz,·
1724 1722 1758 1757 l.-

236 1777 408 1825 Sanyall.
439 1779 466 1813 cl
493 1777 706 1814 cecidissent
737 1790 783 1814 α.-
811 1780 1007 1825 plerique,·
1038 1778 1079 1814 b.-
1109 1778 1212 1814 Laid.
1244 1778 1277 1813 A
1307 1789 1354 1813 m.
1377 1775 1400 1812 2
1423 1777 1459 1813 Β
1488 1775 1542 1823 (ce
1571 1778 1610 1812 in
1639 1775 1758 1821 ras.);

234 1835 277 1875 d,·
307 1834 331 1870 k
353 1833 421 1881 (cf.
441 1846 466 1882 9
486 1833 644 1881 supra);
673 1836 687 1870 i
693 1850 705 1875 ;
734 1835 780 1870 lc.-
808 1836 984 1882 plerique
993 1850 1004 1875 ;
1034 1846 1089 1870 m:
1120 1834 1279 1881 Erlany.
1311 1832 1554 1869 cecaedissent
1582 1833 1624 1869 b.-
1652 1833 1756 1869 Leid.

235 1891 267 1926 A
298 1902 344 1926 m.
380 1891 400 1925 1
519 1890 670 1938 abiegna
709 1902 755 1926 a:
799 1889 908 1937 Opitz
937 1902 984 1926 m.
1028 1890 1073 1930 1,-
1112 1900 1131 1925 e
1163 1886 1306 1938 (sedin
1335 1894 1465 1925 terram
1501 1887 1682 1936 abiegna);
1718 1889 1758 1937 f,-

235 1949 269 1984 l.-
301 1947 418 1994 Sany.
443 1947 487 1987 d;
518 1959 587 1983 om.
620 1947 658 1982 lc.
691 1945 862 1994 abiegnae
893 1947 999 1995 bdyl
1029 1945 1178 1995 abiegna
1207 1958 1243 1982 m
1272 1945 1315 1981 ad
1344 1941 1429 1994 igne
1458 1957 1501 1981 α.-
1532 1946 1694 1981 Wirzeb.

234 2004 270 2039 in
301 2008 432 2038 terram
456 2014 496 2044 e,-
524 2015 566 2051 9.-
599 2003 734 2039 Bamb.
759 2015 805 2039 m.
830 2002 852 2038 2
884 2006 922 2039 in
944 2013 1026 2039 ras.
1059 2014 1077 2037 a
1108 2007 1239 2038 terram
1269 2013 1310 2048 9:
1342 2002 1515 2038 Ambros.
1547 2014 1595 2038 m.
1630 2002 1650 2037 1

237 2059 316 2097 207
349 2069 458 2095 naues
489 2072 533 2095 a:
565 2058 658 2095 Par.
685 2071 731 2095 m.
758 2059 776 2094 1
867 2058 1067 2095 incohande
1098 2071 1141 2095 a.-
1170 2059 1318 2095 Ratisb.
1349 2057 1582 2097 inchoandae¹
1601 2070 1646 2093 cc.-
1672 2059 1757 2104 ple—

236 2118 364 2163 rique,
405 2117 474 2152 sed
508 2115 572 2151 dae
610 2118 649 2151 in
687 2126 767 2151 ras.
799 2116 893 2152 Par.
934 2115 1152 2152 b:.Salisb.
1191 2114 1389 2151 inchoanda
1426 2115 1452 2150 d
1485 2113 1675 2150 inchoandi
1713 2127 1760 2150 cc.-

237 2173 370 2208 Bamb.
403 2173 447 2213 b‚·
485 2173 527 2208 b.-
564 2174 694 2219 optimi
728 2172 947 2208 inchoandas
978 2184 1023 2207 a:
1074 2172 1236 2208 Wirzeb.
1274 2171 1446 2207 inchoans
1485 2183 1530 2207 a.-
1568 2171 1701 2207 Bamb.
1735 2183 1758 2206 α

266 2269 270 2275 ,
351 2228 431 2266 208
463 2229 617 2276 cepisset
657 2237 703 2263 a:
740 2229 836 2265 Par.
881 2228 1010 2264 Bamb.
1052 2229 1072 2264 b
1107 2228 1198 2265 Tur.
1239 2232 1275 2263 et
1314 2228 1478 2264 Wirzeb.
1516 2239 1562 2262 m.
1589 2238 1679 2273 pr.;
1715 2227 1758 2262 b.-

237 2286 400 2333 E'rlany.
432 2286 477 2320 d.-
515 2285 609 2321 Par.
643 2284 680 2319 A
718 2284 801 2332 (sed
829 2296 933 2322 corr.
966 2283 1179 2332 coepisset),
1210 2284 1314 2320 Leid.
1356 2284 1387 2321 V
1413 2282 1531 2330 (corr.
1562 2294 1614 2319 ex
1643 2283 1767 2330 cepis-K

236 2340 312 2390 sed)
345 2342 521 2389 caepisset
551 2342 592 2378 b.-
623 2341 725 2378 Leid.
759 2341 795 2377 B
825 2341 1030 2389 coepissent
1061 2354 1105 2376 u:
1135 2341 1238 2377 Fris.
1353 2338 1542 2376 inchoandi
1573 2338 1757 2375 exordium

237 2397 400 2446 Cepisset
431 2397 632 2434 Manutius
793 2397 872 2434 209
911 2408 967 2445 sq.
1013 2398 1220 2433 seeundum
1265 2409 1286 2433 ο
1331 2397 1607 2433 constituerunt
1653 2395 1757 2431 Scri-

238 2457 370 2491 uerius
400 2459 435 2490 el
466 2455 644 2490 Halmius
674 2455 779 2490 anal.
816 2454 913 2490 Tull.
943 2454 968 2489 Ι
997 2453 1060 2490 16.
1119 2454 1218 2501 Argo
1249 2463 1318 2501 qua
1356 2453 1450 2488 uecti
1480 2451 1605 2500 Argiui
1635 2450 1755 2486 dilecti

238 2511 305 2547 uiri
333 2510 508 2546 Petebant
537 2510 633 2546 illam
664 2509 794 2558 pellem
824 2511 1019 2545 inauratam
1051 2509 1173 2545 arietis
1202 2510 1228 2545 d
1346 2507 1426 2545 209
1458 2507 1539 2555 quia
1571 2519 1614 2543 a:
1652 2507 1755 2543 Fris.

237 2568 330 2604 Par.
362 2568 395 2602 A
429 2567 519 2603 Tur.
546 2566 675 2613 Opilz;
705 2579 739 2602 o.
780 2567 840 2614 qui
873 2578 917 2602 a.-
948 2566 1037 2612 Erf.
1079 2566 1242 2602 Wirzeb.
1275 2575 1344 2612 qua
1374 2577 1417 2600 a:
1448 2564 1583 2600 Bamb.
1616 2564 1671 2599 ab

238 2624 363 2672 Argiui
395 2651 404 2659 .
429 2651 437 2659 .
463 2651 470 2659 .
505 2624 599 2659 uecti
630 2635 674 2658 a:
703 2624 742 2658 in
773 2633 852 2659 ras.
875 2623 971 2658 Par.
1051 2622 1085 2658 in
1117 2633 1155 2657 ea
1187 2620 1314 2657 delecti
1334 2632 1380 2656 a:
1411 2619 1524 2667 Erf.‚·
1553 2631 1595 2655 o.-
1626 2619 1757 2655 Bruoe.

237 2681 274 2715 in
305 2691 343 2716 ea
375 2679 495 2715 dilecti
527 2691 568 2716 o.-
599 2679 694 2716 Gud.
726 2679 823 2726 Req.
855 2679 891 2714 in
923 2677 1045 2714 eadem
1075 2677 1158 2714 lecti
1189 2689 1234 2713 a.-
1264 2677 1366 2713 Fris.
1397 2676 1561 2712 Wirzeb.
1593 2675 1687 2711 Par.
1719 2678 1757 2711 in

239 2746 319 2772 ras.
350 2737 386 2771 in
417 2735 539 2771 eadem
569 2735 631 2771 lati
662 2745 705 2771 a:
742 2735 835 2771 Tur.
867 2734 1009 2782 dilecti,
1041 2746 1110 2771 om.
1142 2734 1179 2769 in
1210 2743 1273 2779 ea,
1304 2744 1349 2768 α.-
1379 2731 1514 2768 Bamb.
1546 2732 1567 2767 b
1596 2731 1679 2767 lecti
1711 2743 1758 2767 a:

240 2792 374 2828 Bamb.
407 2804 430 2827 α
465 2791 584 2838 Opitz.
689 2791 755 2827 uiri
785 2803 829 2827 a:
861 2791 994 2834 Bamb.
1027 2803 1051 2827 a
1078 2794 1166 2837 post
1197 2789 1321 2837 Argiui
1351 2800 1398 2824 m.
1433 2787 1456 2823 2
1563 2798 1632 2836 qua
1663 2787 1758 2824 uecti

239 2850 275 2886 in
306 2849 414 2884 Aean]
445 2847 566 2885 dilecti
598 2859 631 2884 u.
665 2847 860 2895 Berylcius
890 2859 980 2884 αηη.
1009 2847 1154 2895 pkiloll.
1189 2845 1292 2882 1861
1323 2857 1363 2892 p.
1397 2843 1478 2881 634
