1942 3204
482 224 547 258 ux
573 222 800 259 lucuu'rls
825 222 1152 259 INCERTORVM
1178 221 1387 258 muvms
1631 221 1717 263 249

840 329 920 373 LII
953 327 1050 387 (22)

298 405 404 460 Quis
435 423 577 452 meum
610 409 841 452 nominans
873 409 1033 452 nomen
1067 405 1203 466 [aede]
1238 408 1404 451 exciet‘?

298 485 404 539 Quis
436 487 624 530 tumultu
657 485 869 530 inuocans
900 485 1142 531 incolarum
1173 486 1303 529 fidem
1323 486 1410 529 ——?

830 564 933 607 LIII
965 562 1064 622 (60)

297 642 384 694 Qm'
414 658 566 700 repens
599 643 926 700 semisomnum‚
957 644 1087 687 (inere
1119 643 1297 700 pulsans
1330 643 1454 701 graui

182 721 266 765 100
299 719 422 780 [Has]
456 722 590 778 fores,
621 721 804 778 strepitu
836 721 998 765 terret?

832 798 934 843 LIV
966 797 1064 858 (32)

294 876 398 920 Ioue
431 877 553 933 patre
584 879 825 934 prognatus
857 879 942 934 est,
972 880 1021 920 ut
1051 878 1298 934 perhibent,
1331 878 1560 935 Tantalus,

295 955 363 999 Ex
394 955 580 998 Tantalo
613 957 733 998 ortus
764 955 940 1012 Pelops,
972 970 1023 999 ex
1053 955 1213 1013 Pelope
1245 957 1390 1000 autem
1422 959 1540 1000 satus
1598 958 1601 962 “

296 1033 456 1076 Atreus
464 1068 475 1089 ,
506 1034 579 1090 qui
610 1035 809 1077 nostrum
840 1035 970 1090 porro
1002 1035 1218 1091 propag-vit
1249 1049 1398 1092 genus.

841 1111 919 1155 LV
952 1110 1050 1170 (33)

296 1189 368 1233 En
399 1189 564 1246 impero
596 1188 747 1247 Argis,
779 1191 948 1247 sceptra
979 1189 1087 1235 mihi
1117 1189 1247 1246 liquit
1276 1190 1454 1248 Pelops,

175 1285 307 1327 habet,
333 1296 453 1324 rurum
480 1285 684 1329 spondium.
718 1285 844 1319 Paeon
869 1285 1115 1319 duodenarius
1134 1283 1252 1330 [L11].
1286 1290 1322 1319 et
1352 1286 1414 1320 hic
1440 1287 1616 1320 circuitus
1640 1298 1716 1320 ma.—

177 1331 234 1374 gis
265 1341 374 1374 quam
403 1341 534 1365 uersus
565 1333 635 1364 est.
686 1331 771 1364 huic
805 1331 1039 1365 subernum*
1065 1331 1240 1365 denarius
1266 1325 1417 1377 [L111].'
1459 1332 1716 1373 (Archebu-

174 1376 267 1410 lius
291 1377 373 1411 Nic.
400 1377 557 1411 Loensis
583 1376 715 1420 Epiph.
740 1378 772 1409 V
788 1378 837 1417 8).
872 1377 978 1410 Haec
1004 1378 1079 1410 tria
1105 1377 1310 1419 fragmenta
1335 1378 1374 1411 in
1398 1378 1542 1422 Niptris
1558 1378 1716 1411 Pacuuii

174 1423 299 1466 posita
330 1423 446 1456 fuisse
479 1422 634 1458 conieci.
751 1423 836 1456 LIV
866 1422 1118 1464 Quintilianus
1148 1423 1200 1455 IX
1232 1425 1270 1466 3,
1299 1424 1342 1457 57
1375 1424 1585 1457 ‘inuenitur
1617 1424 1715 1467 apud

177 1471 308 1511 poetas
333 1470 498 1512 quoquc’
525 1467 591 1510 (sc.
617 1468 801 1512 gradatio)
834 1471 897 1502 ‘ut
928 1468 1025 1512 apud
1051 1469 1249 1502 Homerum
1284 1469 1330 1502 de
1363 1473 1532 1513 sceptro,
1566 1469 1660 1512 quod
1693 1480 1716 1502 a

175 1514 263 1547 Ioue
295 1514 342 1547 ad
373 1513 682 1557 Agamemnonem
703 1524 818 1557 usque
850 1513 1019 1547 deducit:
1057 1517 1094 1547 et
1119 1514 1216 1558 apnd
1246 1518 1446 1548 nostrum
1478 1516 1591 1548 etiam
1622 1518 1715 1548 tra-

177 1559 338 1603 gicum:
363 1561 490 1593 Ioue'
517 1570 547 1595 e.
566 1570 598 1602 q.
617 1570 645 1592 e.
671 1558 831 1603 (usque
858 1558 1044 1592 deducit
1166 1559 1394 1594 Tantalus
1420 1571 1490 1593 om.
1507 1560 1593 1594 Tur.
1613 1560 1717 1596 Flor.

179 1616 226 1640 m.
257 1615 311 1648 pr.
337 1605 483 1645 Guelf.‚
506 1608 623 1638 totum
655 1604 773 1638 locum
802 1616 871 1638 om.
903 1603 1014 1647 Alm.)
1062 1605 1262 1638 Diomedes
1291 1606 1327 1640 11
1357 1617 1391 1649 p.
1415 1608 1482 1640 443
1503 1606 1543 1642 P.
1577 1605 1716 1639 eisdem

179 1650 305 1684 uerbis
331 1650 558 1693 praemissis,
598 1650 657 1684 Cf.
684 1650 811 1694 Eurip.
837 1649 954 1694 Iphig.
981 1650 1093 1687 Taur.
1121 1652 1138 1683 1
1164 1661 1244 1694 sqq.
1337 1651 1403 1685 LV
1434 1651 1577 1685 Seneca
1608 1652 1716 1695 epist.

175 1697 220 1730 80
246 1695 332 1729 ‘ills
358 1696 420 1739 qui
446 1696 485 1729 in
510 1705 624 1730 scena
648 1695 747 1730 latus
771 1695 911 1729 incedit
935 1696 1082 1730 ethaeo
1098 1697 1290 1739 resupinus
1308 1697 1417 1731 dicit:
1445 1708 1498 1730 en
1522 1697 1715 1741 impero’

260 1804 394 1854 inpulit
415 1805 585 1842 Darmst.
607 1804 731 1842 intulit
765 1805 845 1842 Vae.
870 1804 990 1851 Gorl.‚
1015 1804 1178 1843 Bothe'us
1263 1806 1484 1854 Anapacsli
1512 1810 1616 1852 sunt,
1638 1818 1714 1843 non

175 1862 339 1910 dactyli,
371 1872 468 1911 quos
497 1861 599 1908 (item
629 1866 671 1899 ut
691 1864 856 1900 creticos
873 1861 932 1909 fr.
954 1861 1048 1908 LII)
1078 1863 1266 1910 confictos
1296 1873 1380 1900 esse
1410 1876 1434 1900 a
1463 1865 1715 1912 yrammatico

176 1919 370 1957 contendit
398 1919 441 1956 L.
466 1918 633 1956 Mueller
663 1919 811 1956 annau.
830 1916 980 1966 philon.
1014 1918 1122 1957 1868
1151 1930 1190 1966 p.
1214 1918 1318 1964 4343
1350 1931 1398 1957 ne
1428 1920 1602 1968 inspexit
1630 1922 1713 1968 qui-

175 1977 260 2014 dem
288 1977 392 2014 illius
419 1976 587 2014 libellum
619 1973 743 2012 CFW
766 1976 934 2013 Mueller
960 1977 1119 2023 prosod.
1150 1976 1282 2014 Plaut.
1311 1975 1396 2015 410
1540 1976 1592 2014 97
1626 1975 1714 2013 aede
1762 2023 1765 2025 -

176 2033 474 2080 Lachmannus‚
506 2043 578 2070 om.
609 2033 701 2070 libri
814 2033 866 2070 97
888 2043 944 2081 sq.
977 2035 1228 2082 exarquamuis
1260 2033 1365 2072 Gorl.
1469 2033 1522 2071 98
1554 2033 1715 2070 tumultu

178 2089 358 2140 Scaliqcr
389 2089 492 2128 Coni.
521 2101 560 2137 p.
583 2090 637 2128 56
668 2089 864 2127 tumultum
895 2090 1067 2127 Darmst.
1106 2094 1200 2128 teste
1242 2091 1428 2129 Vrlicksio
1459 2101 1555 2128 mus.
1589 2091 1714 2128 Rhen.

174 2146 301 2184 XXII
326 2145 407 2185 471
441 2146 619 2184 tumulum
659 2147 782 2185 Vatic.
930 2147 982 2185 99
1013 2158 1065 2196 sq.
1101 2148 1318 2186 Emendaui
1346 2152 1386 2186 ut
1409 2149 1534 2196 potui.
1582 2149 1714 2185 Altero

176 2213 295 2241 uersu
325 2204 510 2242 creticum
541 2204 765 2242 ditrochaeo
797 2208 924 2242 statuo
953 2206 1098 2252 excipi.
1145 2205 1357 2252 Praestant
1388 2210 1513 2242 tamen
1539 2205 1741 2253 fortassc'

175 2261 294 2297 haec.-
324 2260 386 2309 qui
406 2271 539 2309 repens
558 2260 612 2297 sic
632 2260 718 2297 mias
748 2259 859 2298 onere
882 2260 1002 2310 pulsat
1022 2262 1126 2310 graui
1147 2260 1192 2298 Mi
1214 2261 1335 2299 sores?
1356 2262 1513 2311 strepitu
1536 2262 1616 2311 quis
1641 2260 1716 2298 ter·

174 2316 253 2354 ret?
280 2327 370 2354 nam
401 2317 462 2366 qui
491 2327 622 2366 repens
651 2317 868 2367 semipulsus
898 2328 1009 2355 onere
1041 2319 1142 2367 graui
1171 2318 1269 2356 sores
1290 2320 1431 2368 crepitu
1452 2322 1591 2356 terrent
1612 2320 1714 2365 libri,

175 2375 252 2412 nisi
270 2375 373 2422 quod
391 2373 528 2411 honere
548 2373 631 2411 Vat.
655 2378 692 2411 et
706 2375 867 2424 scrcpitu
883 2375 1053 2412 Darmst.
1130 2375 1208 2414 101
1233 2381 1333 2424 patre
1354 2380 1557 2425 prognatus
1574 2378 1718 2423 scripsi

175 2435 375 2479 prognatus
407 2430 598 2468 Diomedis
619 2431 702 2468 cdd.
724 2435 817 2468 uett.
848 2437 1070 2480 propagatus
1092 2442 1112 2468 e
1133 2443 1236 2469 corr.
1265 2432 1414 2480 (fuerat
1443 2438 1714 2482 propugnatum

176 2492 218 2524 ut
239 2485 331 2534 uid.)
353 2487 525 2535 Ambros.
557 2492 808 2537 propugnatus
830 2487 1023 2526 Diomedis
1043 2489 1190 2526 Par-iss.
1215 2489 1295 2525 AB
1315 2490 1470 2527 Monac.
1493 2494 1714 2538 propagatus

179 2545 301 2581 ceteri
328 2544 419 2581 libri
446 2548 548 2592 patre
577 2549 708 2593 gnatus
733 2545 940 2593 proposuit
964 2545 1231 2583 Buecheler-us
1261 2557 1280 2583 e
1307 2545 1393 2582 Ioue
1420 2551 1622 2595 prognatus
1653 2556 1714 2582 re-

173 2601 343 2648 pudians
431 2601 564 2638 tantIus
585 2600 777 2638 Diomedis
797 2602 915 2641 Parr.
941 2601 1019 2638 AB
1039 2602 1194 2639 Monac.
1296 2602 1375 2640 102
1399 2608 1502 2640 ortus
1524 2615 1593 2639 om.
1624 2603 1713 2639 Dio-

175 2658 293 2695 medis
312 2658 395 2694 edd.
421 2662 512 2695 ueet.
601 2656 753 2707 Pelops,
784 2670 861 2696 non
882 2657 1012 2707 Pelops
1034 2660 1288 2707 efferendum.
1378 2664 1496 2696 autem
1528 2671 1598 2696 om.
1622 2659 1712 2695 Dio-

174 2714 292 2751 medis
313 2713 428 2751 Parr.
458 2714 492 2751 Α
509 2714 546 2751 Β
574 2714 728 2752 Monac.
835 2715 913 2753 103
945 2721 1088 2752 aetreus
1110 2716 1302 2754 Diomedis
1332 2716 1424 2753 Par.
1449 2715 1485 2751 B
1514 2720 1551 2751 ct
1582 2715 1714 2752 hcreus

176 2770 332 2808 Monac.
420 2782 532 2820 porro
553 2771 690 2808 Bamb.
712 2773 839 2821 suppl.
862 2773 1088 2821 Arqentor.,
1119 2784 1190 2809 om.
1214 2775 1336 2810 ceteri
1359 2773 1588 2817 Quintiliani
1606 2773 1713 2809 codd.

290 2833 467 2877 propagat
504 2828 678 2866 Ambros.
716 2841 764 2866 m.
803 2829 827 2866 2
864 2832 903 2866 in
941 2840 1047 2877 ras.‚
1085 2830 1242 2869 Monac.
1283 2839 1419 2877 pogen<
1460 2827 1545 2874 (om.
1583 2827 1715 2877 genus)

183 2883 319 2920 Bamb.
354 2885 483 2932 suppl.
518 2884 659 2934 parauit
693 2885 898 2934 Aryentor.
1017 2886 1098 2924 104
1135 2886 1229 2922 enim
1266 2885 1457 2934 pcroargis
1489 2884 1716 2929 Quintiliani

178 2939 312 2976 Bamb.
353 2942 479 2988 suppl.
519 2942 612 2978 cnim
654 2953 742 2991 pero
780 2954 890 2991 argus
921 2937 1127 2992 Lassbery.
1167 2942 1261 2979 enim
1302 2952 1502 2990 peroasgus
1542 2942 1650 2980 Flor.
1685 2942 1713 2979 u
