1942 3204
278 189 359 230 124
878 191 926 222 M.
950 190 1009 222 PA
1015 189 1187 223 GVVIVS

957 292 1127 335 Orestes

483 369 633 413 'Immo
667 371 779 412 enim
811 385 914 412 uero
947 384 1027 425 ego
1060 385 1172 426 sum,
1203 369 1400 426 inquam,
1431 369 1643 413 Orestes..
1676 404 1684 413 .
1717 404 1726 413 .

914 447 938 472 ’l‘
1146 447 1169 472 ἧς

1029 477 1052 501 ²10

942 524 1133 580 Vterque

277 600 387 644 3652
420 636 428 644 .
462 636 469 643 .
503 636 511 643 .
545 635 553 643 .
585 602 712 643 ambo
746 615 850 657 ergo
882 602 1015 657 igitur
1046 600 1174 644 simul
1205 617 1292 644 una
1319 602 1524 644 eniearier
1603 592 1606 594 Α
1751 613 1803 639 126

278 675 390 720 365³
422 677 765 734 Comprecamur.

845 755 951 798 XIV
983 754 1148 812 (Herm.
1180 755 1228 812 2)

394 832 632 874 Fortunam
664 832 863 874 insanam
895 834 985 875 esse
1018 835 1061 874 et
1092 848 1260 875 caecam
1291 831 1342 890 [et
1372 818 1544 876 brutam
1574 834 1803 890 perhibent

1243 909 1513 967 philosophi,

398 985 594 1041 saxoque
612 987 789 1045 'instare
821 986 869 1028 1²11
900 987 1080 1043 globoso
1111 988 1361 1042 praedicant
1391 989 1606 1031 uolubilei.

276 1081 410 1123 agitur,
437 1081 673 1124 ecquandone
699 1082 772 1114 nisi
789 1082 1097 1115 admirationibus
1114 1083 1328 1115 maximis?’
1354 1083 1496 1116 Ibidem
1518 1083 1557 1116 II
1580 1084 1636 1122 24,
1654 1085 1697 1116 ⁷0
1721 1085 1803 1115 ‘aut

276 1126 435 1168 Pylades
461 1137 541 1158 cum
567 1127 637 1167 sis,
663 1127 765 1160 diees
791 1132 826 1159 te
853 1138 934 1160 esse
960 1127 1150 1170 Orestem,
1175 1131 1215 1161 ut
1238 1129 1393 1162 moriare
1420 1140 1484 1171 pro
1509 1129 1651 1161 amieo?
1682 1131 1746 1160 aut
1770 1129 1802 1160 si

282 1181 384 1203 esses
409 1172 579 1211 Orestes,
611 1171 787 1213 Pyladem
812 1172 1018 1211 refelleres,
1050 1175 1087 1205 te
1112 1173 1307 1212 indicares,
1341 1177 1378 1206 et
1402 1175 1433 1206 si
1456 1174 1494 1206 id
1518 1185 1590 1207 non
1615 1174 1801 1216 probares,

275 1227 346 1258 quo
376 1217 495 1248 minus
522 1217 626 1249 ambo
658 1227 732 1249 una
766 1218 992 1251 necaremini
1030 1227 1101 1250 non
1139 1221 1376 1260 precarere?'
1422 1219 1524 1253 Idem
1555 1219 1660 1254 Lael.
1692 1221 1723 1258 7,
1757 1220 1800 1251 24

276 1262 371 1304 ‘qui
396 1261 619 1294 clamores
650 1265 748 1295 tota
778 1273 916 1295 cauea
941 1273 1081 1305 nuper
1112 1263 1155 1295 in
1180 1264 1381 1307 hospitis
1407 1268 1451 1297 et
1476 1264 1612 1297 amici
1642 1264 1726 1296 mei
1749 1263 1799 1297 M.

273 1307 471 1339 Pacuuii
502 1309 642 1339 noua'
680 1307 824 1349 (‘noui’
850 1308 1088 1341 Benedictob.
1119 1309 1253 1342 Salisb.
1283 1310 1361 1344 Erf.
1389 1309 1563 1352 vindob.)
1601 1308 1799 1342 ‘fabulal

275 1362 356 1384 eum
388 1352 584 1394 ignorante
615 1362 721 1395 rege,
753 1357 836 1386 uter
868 1356 965 1386 esset
989 1353 1156 1396 Orestes,
1187 1354 1347 1396 Pylades
1373 1355 1541 1388 Orestem
1572 1365 1610 1387 se
1643 1363 1724 1387 esse
1749 1354 1802 1386 di-

275 1401 393 1439 ceret,
423 1400 465 1429 ut
498 1408 561 1440 pro
592 1397 655 1430 illo
687 1402 897 1440 necaretur,
930 1398 1082 1431 Orestes
1113 1401 1254 1441 autem,
1289 1400 1342 1433 ita
1371 1403 1414 1433 ut
1437 1403 1534 1440 erat,
1567 1400 1735 1433 Orestem
1759 1409 1799 1432 se

274 1453 356 1475 esse
388 1445 656 1484 perseueraret.
697 1447 840 1477 stantes
872 1443 1099 1486 plaudebant
1121 1444 1159 1476 in
1188 1456 1226 1477 re
1252 1444 1366 1478 ficta.’
1393 1445 1440 1480 ef.
1464 1445 1691 1488 Augustinus
1716 1455 1800 1478 eon-

275 1488 363 1522 fess.
390 1487 442 1520 IV
466 1490 498 1520 6.
544 1488 587 1520 In
612 1488 767 1531 Chryse,
800 1500 873 1522 non
898 1490 936 1521 in
960 1489 1154 1523 Duloreste
1179 1490 1276 1522 hane
1308 1500 1478 1523 scaenam
1503 1491 1617 1522 fuisse
1643 1489 1800 1523 coniecit

275 1533 316 1566 Ο.
341 1533 492 1565 Iahnius
515 1533 639 1566 Herm.
666 1534 701 1565 11
727 1535 806 1567 233.
905 1534 989 1567 XIV
1013 1534 1119 1566 Rhet.
1147 1535 1194 1567 ad
1217 1535 1377 1568 Herenn.
1403 1536 1441 1569 II
1463 1537 1525 1577 23,
1551 1536 1594 1568 36
1620 1536 1798 1577 ‘itemque

274 1578 421 1610 infirma
445 1578 540 1610 ratio
567 1582 641 1620 est,
668 1589 762 1621 quae
788 1590 860 1611 non
884 1580 1131 1612 necessariam
1156 1590 1305 1613 eausam
1328 1581 1434 1614 affert
1459 1581 1715 1623 expositionis,
1738 1590 1801 1613 ue-

272 1623 328 1655 lut
352 1624 537 1655 Pacuuius
564 1621 790 1667 [366-375J.
830 1625 922 1657 Nam
947 1625 1005 1657 hie
1021 1625 1208 1658 Pacuuius
1232 1625 1374 1658 infirma
1399 1627 1543 1659 ratione
1568 1626 1693 1667 utitur,
1720 1635 1799 1658 cum

273 1669 327 1701 ait
351 1669 476 1701 uerius
501 1679 582 1701 esse
608 1670 821 1702 temeritate
847 1681 954 1712 quam
972 1671 1132 1702 Fortuna
1156 1681 1216 1703 res
1232 1671 1330 1714 regi:
1356 1682 1439 1703 nam
1456 1675 1611 1713 utraque
1629 1670 1799 1713 opinione

275 1713 572 1756 philosophorum
597 1714 676 1747 fieri
700 1717 837 1756 potuit,
864 1719 905 1748 ut
929 1716 961 1747 is
986 1717 1047 1757 qui
1071 1726 1135 1747 rex
1160 1716 1292 1749 fuisset
1316 1717 1503 1749 mendicus
1527 1717 1647 1749 factus
1673 1718 1799 1750 esset.’

274 1759 501 1799 Ibidem-24,
527 1760 570 1792 37
597 1760 706 1792 ‘item
731 1760 872 1793 infirma
898 1761 992 1794 ratio
1018 1764 1090 1801 est,
1127 1771 1221 1803 quae
1247 1762 1308 1794 uel
1334 1761 1399 1794 alii
1431 1761 1654 1804 expositioni
1677 1764 1799 1803 potest

275 1804 563 1846 adcommodari,
605 1807 647 1836 ut
679 1805 773 1838 facit
802 1806 1003 1843 Pacuuius,
1042 1806 1103 1848 qui
1140 1806 1293 1839 eandem
1330 1807 1439 1839 affert
1471 1807 1651 1839 rationem
1687 1816 1799 1848 quare

274 1860 407 1890 caeca,
434 1849 587 1882 eandem
614 1861 726 1893 quare
753 1852 860 1883 bruta
881 1852 1050 1883 'Fortuna
1076 1851 1247 1885 dicatur)
1284 1853 1417 1885 Versui
1440 1854 1506 1885 375
1530 1852 1799 1893 subiunguntur

272 1895 310 1926 in
335 1894 440 1926 libris
465 1894 577 1927 haee:
605 1895 845 1938 naufragio
870 1907 1023 1938 nempe
1050 1906 1131 1930 res,
1168 1908 1270 1939 ergo
1295 1898 1339 1929 id
1363 1897 1556 1929 fructum
1580 1896 1696 1929 forte
1722 1899 1798 1929 aut

275 1940 462 1972 fortuna
487 1940 657 1982 obtigit
681 1942 765 1974 Par.
790 1952 845 1983 pr.
869 1952 915 1976 m.
942 1941 1184 1984 naufragio
1209 1953 1278 1974 res
1308 1943 1406 1975 ista
1437 1942 1645 1984 contigit.
1693 1952 1797 1984 ergo

272 1985 317 2016 id
350 1985 522 2016 factum
547 1987 809 2019 temeritate
840 1997 923 2018 non
955 1987 1139 2018 fortuna
1170 1987 1341 2029 obtigit
1365 1988 1449 2020 Par.
1476 1997 1567 2020 corr.
1593 1986 1721 2019 eadem
1753 1997 1796 2020 m.

273 2030 521 2071 naufragio
546 2041 700 2073 nempe
726 2042 812 2065 rem
836 2041 939 2074 ergo
965 2031 1009 2063 id
1035 2031 1187 2063 fructu
1212 2032 1331 2064 forte
1362 2035 1438 2064 aut
1469 2033 1652 2065 fortuna
1678 2032 1797 2065 obti-

274 2075 343 2117 git
363 2075 442 2106 Erf.
467 2077 504 2107 et
521 2075 759 2118 Wuerzburg.
798 2077 1045 2118 naufragio
1071 2086 1219 2119 nempe
1246 2087 1314 2111 res
1339 2078 1430 2110 ista
1456 2077 1666 2119 contigit.
1692 2087 1796 2119 ergo

390 2190 500 2231 365²
521 2205 577 2243 sq.
611 2194 713 2231 ambo
746 2206 835 2244 ergo
867 2194 993 2244 (igitur
1023 2195 1146 2243 Vinci.)
1174 2207 1444 2244 sunaneganum
1472 2196 1541 2244 (sic
1568 2197 1695 2234 Palat.
1724 2198 1797 2234 Er-

270 2253 375 2300 lany.
396 2252 656 2300 sunaniganum
683 2254 745 2288 uel
773 2263 909 2288 summa
938 2254 1099 2302 negarim
1131 2252 1210 2299 alii)
1241 2264 1428 2301 precamur
1455 2254 1546 2290 libri
1573 2253 1675 2290 ambo
1706 2265 1795 2303 ergo

273 2319 343 2344 una
371 2308 531 2344 neearier
561 2306 977 2356 precamur'Maduz·cus
996 2309 1098 2346 ambo
1121 2310 1174 2346 sie
1204 2320 1272 2345 una
1302 2310 1475 2346 eniearier
1494 2322 1529 2358 p.
1552 2309 1795 2358 Stieylilzius,

268 2368 482 2411 praeeunte
505 2365 556 2400 sie
578 2365 801 2401 Goerenzio.
834 2364 936 2402 ambo
959 2377 1047 2414 ergo
1069 2367 1121 2402 sic
1143 2377 1209 2401 unu
1233 2365 1404 2402 eniearier
1424 2365 1699 2414 Compree‘amur
1721 2365 1796 2414 (uel

272 2431 460 2468 precamur
489 2423 528 2458 in
556 2422 675 2458 medio
705 2420 837 2468 uersu)
868 2421 910 2457 G.
934 2423 1197 2459 Hermannus.
1228 2421 1349 2458 ambos
1383 2432 1471 2470 ergo
1502 2423 1572 2458 una
1599 2433 1685 2458 neca
1714 2422 1795 2469 (aut

273 2476 376 2513 ambo
407 2476 496 2525 e'rgo
525 2488 591 2513 uos
624 2489 693 2513 una
717 2477 786 2524 n.):
818 2478 1009 2514 Preeirmur
1031 2479 1308 2516 Bueclaelerus.
1338 2479 1533 2526 Berylcius
1553 2489 1646 2515 mus,
1669 2480 1791 2516 Rhen.

271 2533 375 2570 XIX
394 2533 473 2570 605
504 2534 608 2570 lzunc
636 2536 761 2571 locum
782 2536 839 2570 sic
859 2536 1064 2582 disposuit.-
1094 2535 1162 2570 PY.
1195 2534 1265 2583 ego
1296 2545 1374 2571 sum
1397 2534 1554 2571 Orestes.
1586 2535 1655 2572 ΟΒ.
1687 2535 1793 2571 immo

272 2590 365 2626 enim
386 2601 475 2626 uero
498 2601 566 2638 ego
589 2602 668 2626 sum
695 2591 840 2638 inquam
863 2590 1018 2628 Orestes.
1041 2591 1114 2628 TH.
1145 2590 1248 2628 umbo
1270 2602 1358 2640 ergo
1382 2602 1448 2627 una
1475 2588 1480 2638 1
1507 2592 1701 2627 ηεοεὶιῃὶυὶῗ
1723 2591 1792 2627 OR.

271 2646 340 2682 PY.
368 2647 566 2694 preeirmur.
683 2647 920 2684 366—375
952 2649 1219 2685 Pertractauit
1255 2649 1358 2684 hunc
1385 2650 1510 2684 locum
1540 2649 1580 2683 in
1608 2648 1795 2696 Philoloyz‘

284 2703 358 2741 VII
379 2715 421 2750 p.
453 2703 533 2740 383
564 2715 646 2751 sqq.
677 2703 957 2741 Fleckeisenus
1100 2705 1179 2742 367
1211 2715 1370 2752 saxoque
1399 2705 1532 2740 instare
1569 2704 1606 2739 in
1637 2703 1792 2751 globoso

270 2759 475 2807 praedicant
507 2759 655 2796 uolubili
677 2760 891 2797 Salmasius
910 2762 1058 2797 Exere.
1080 2762 1180 2798 Plin.
1194 2772 1238 2807 p.
1260 2760 1356 2807 873,
1382 2760 1660 2796 Fleckeisenus
1688 2772 1791 2797 saxo-

275 2827 344 2863 que
375 2817 507 2852 iustare
537 2817 572 2852 in
603 2815 733 2864 globos
770 2827 878 2864 posse
908 2817 1027 2854 (licant
1057 2816 1206 2854 uolubili
1236 2817 1329 2853 Par.
1362 2817 1535 2853 Wuerzb.
1566 2816 1677 2864 Erf.,
1719 2819 1795 2853 nisi

271 2873 372 2919 quod
400 2883 554 2920 seroque
586 2873 675 2920 Erf.
714 2884 871 2921 saxoque
901 2874 1035 2910 instare
1073 2873 1228 2922 globoso
1257 2872 1462 2922 praedicant
1492 2872 1687 2910 uolubilem
1718 2873 1792 2921 (uel
