1942 3204
487 208 552 243 Ex
575 206 805 244 memus
829 207 1152 244 INCERTORVM
1178 207 1390 243 FAvaS
1622 206 1705 249 267

866 331 1009 376 CXIV
1056 352 1059 354 ·

289 454 301 474 .,
343 456 351 464 .
393 423 564 466 tantum
597 422 803 479 gaudium
835 422 996 467 oboriri
1027 423 1078 466 ex
1108 421 1299 466 tumultu
1331 422 1537 465 maximo!

878 528 999 574 CXV

287 619 374 664 Ctir
404 621 519 678 fugit
550 594 759 683 fratrem?
791 621 872 664 scit
902 621 1024 678 ipse,

864 715 1006 761 CXVI

167 795 278 838 213¹
804 795 894 841 uas'
926 794 1145 852 argenteis

924 874 948 900 ῃ

803 933 952 990 palmi’
985 931 1176 976 crinibus

928 1011 951 1038 εκ

287 1071 424 1115 Tecti’
457 1071 605 1115 fractis

855 1149 1021 1195 CXVII

167 1228 255 1271 214
286 1227 416 1272 Pater
445 1228 641 1285 inquam,
671 1228 877 1286 hospites,
908 1230 1032 1286 pater
1062 1243 1130 1272 me
1161 1228 1324 1272 himine
1356 1226 1542 1285 orbaul't,
1573 1230 1707 1285 pater.

167 1360 242 1393 sint
265 1369 405 1403 genera
430 1363 624 1404 quattuor,
657 1371 676 1394 e
709 1361 842 1404 quibus
866 1361 1040 1394 honestas
1065 1359 1302 1404 officiumque
1327 1362 1513 1398 manaret,
1545 1360 1708 1404 splendi-

167 1405 358 1443 dissimum
389 1405 526 1446 uideri,
561 1406 657 1449 quod
689 1407 808 1439 animo
839 1417 971 1449 magno
1004 1405 1177 1448 elatoque
1208 1406 1461 1449 humanasque
1500 1416 1559 1438 res
1585 1406 1707 1449 despi-

167 1451 290 1485 ciente
313 1451 453 1485 factvm
483 1452 547 1486 sit.
595 1452 727 1495 Itaque
758 1452 796 1485 in
828 1452 972 1496 probris
1002 1452 1159 1485 maxime
1191 1451 1228 1484 in
1253 1454 1423 1495 promptu
1455 1455 1531 1492 est,
1562 1452 1595 1484 si
1620 1452 1707 1494 quid

167 1496 242 1530 tale
267 1496 341 1530 dici
366 1499 508 1540 potest:
533 1507 612 1530 uos
639 1497 774 1530 enim’
799 1507 831 1532 e.
858 1508 891 1540 q.
918 1507 946 1530 s.
995 1500 1057 1530 ‘et
1081 1497 1114 1530 si
1140 1496 1226 1541 quid
1251 1497 1449 1530 eiusmodi:
1475 1495 1707 1530 Sa‘macida’

167 1553 199 1576 e.
227 1552 258 1585 q.
284 1552 312 1575 s.
361 1541 584 1575 Coniectura
618 1541 806 1586 Meleagro
831 1543 926 1576 Attii
950 1542 1065 1576 tribui
1190 1541 1306 1576 CXIV
1338 1543 1476 1576 Festus
1501 1553 1537 1585 p.
1565 1543 1630 1576 190
1653 1542 1705 1576 M.

167 1587 402 1622 ‘oboritur
432 1587 663 1623 adnascitur:
701 1598 784 1622 nam
816 1588 1127 1632 praepositionem
1160 1588 1212 1622 ob
1242 1599 1308 1632 pro
1345 1588 1397 1621 ad
1435 1586 1582 1621 solitam
1619 1589 1707 1632 poni

166 1634 279 1667 testis
308 1633 370 1667 hic
399 1643 547 1667 uersus:
580 1637 776 1667 tantnm’
804 1645 835 1667 e.
862 1645 896 1678 q.
923 1644 953 1668 s.
1002 1636 1063 1666 ‘et
1094 1634 1251 1667 Ennius:
1283 1633 1329 1667 ob
1354 1633 1529 1666 Romam'
1560 1643 1593 1667 e.
1619 1644 1652 1677 q.
1679 1644 1707 1667 s.

258 1678 356 1712 CXV
387 1678 530 1712 Seneca
562 1682 731 1714 controu.
759 1679 778 1712 1
804 1681 821 1712 1
853 1690 887 1723 p.
914 1679 974 1718 65,
1010 1681 1050 1712 19
1082 1678 1124 1716 Β.
1158 1679 1340 1713 ‘colorem
1371 1689 1417 1712 ex
1448 1678 1568 1712 altera
1598 1682 1706 1723 parte

167 1734 262 1769 qnae
288 1723 413 1758 durior
438 1727 495 1758 est
518 1724 633 1758 Latro
658 1724 787 1758 aiebat
816 1724 913 1758 hunc
937 1725 1181 1768 sequendum,
1213 1728 1256 1758 ut
1285 1725 1588 1767 grauissimarum
1611 1725 1707 1758 iniu-

165 1771 300 1804 riarum
317 1769 562 1804 inexorabilia
586 1774 623 1803 et
640 1770 809 1804 ardentia
824 1770 1080 1804 induceremus
1098 1770 1199 1805 odia.
1231 1769 1460 1813 Thyesteo
1485 1780 1603 1803 more
1630 1771 1707 1804 aie-

164 1816 232 1849 bat
257 1818 400 1859 patrem
425 1826 498 1849 non
522 1815 634 1850 irasci
657 1818 802 1849 tantum
826 1815 978 1856 debere,
1006 1816 1070 1850 sed
1097 1817 1231 1851 furere.
1273 1816 1351 1859 ipse
1376 1818 1414 1848 in
1435 1815 1706 1849 declamatione

165 1871 255 1896 usus
280 1864 338 1894 cst
361 1861 512 1894 summis
535 1861 760 1899 clamoribus
782 1861 866 1895 illo
890 1872 1026 1895 uersu
1051 1861 1248 1905 tragico=
1276 1864 1374 1895 cur'
1401 1872 1433 1895 e.
1461 1870 1495 1903 q.
1521 1871 1550 1894 s.
1592 1862 1706 1894 Vario

166 1906 355 1950 Thyestae
382 1906 514 1940 tribuit
537 1906 800 1941 Buechelerus.
905 1906 1022 1940 CXVI
1047 1906 1125 1941 Cic.
1151 1916 1203 1941 or.
1229 1907 1292 1949 45,
1321 1909 1384 1941 153
1410 1905 1497 1940 ‘sed
1522 1906 1612 1950 quid
1637 1917 1705 1949 ego

166 1950 346 1986 uocales?
379 1951 459 1986 siue
485 1951 678 1986 uocalibus
702 1963 812 1995 saepe
837 1952 1037 1986 breuitatis
1063 1963 1177 1986 causa
1202 1952 1486 1994 contrahebant,
1511 1956 1553 1985 ut
1576 1953 1629 1986 ita
1653 1952 1706 1985 di-

167 1999 312 2031 cerent:
337 1997 467 2031 multi
492 1997 650 2031 modis’
676 1998 739 2037 (cf.
758 1998 847 2034 Pac.
865 1997 965 2040 307),
992 2001 1096 2031 ‘uas
1121 1998 1380 2042 argenteis,
1407 1997 1523 2042 palm
1550 2002 1594 2031 et
1619 1997 1704 2032 cri-

166 2043 318 2087 nibus,
350 2047 393 2077 te
405 2044 470 2077 cti
498 2042 693 2077 fractis!
742 2043 853 2077 Ennii
882 2043 944 2078 uel
969 2044 1106 2078 Naeuii
1135 2044 1227 2077 haec
1259 2053 1340 2078 esse
1372 2043 1585 2087 suspicatur
1609 2044 1704 2077 Bue-

166 2088 336 2123 chelerns
360 2088 405 2123 de
429 2088 496 2122 lat.
515 2088 606 2122 decl⁴
627 2089 681 2124 66.
760 2088 896 2123 cxvll
915 2089 1108 2123 Charisius
1124 2087 1158 2123 V
1174 2101 1209 2133 p.
1227 2091 1294 2123 250
1312 2089 1351 2122 Ρ.
1378 2088 1705 2133 ‘epanalepsis

168 2136 243 2177 est,
276 2145 357 2168 cum
389 2133 519 2168 eadem
544 2134 657 2168 dictio
687 2135 725 2168 in
750 2135 934 2179 principio
965 2145 1095 2169 uersus
1121 2139 1159 2168 et
1183 2136 1222 2168 in
1248 2134 1420 2169 clausula
1445 2134 1612 2178 ponitur,
1645 2138 1703 2167 ut:

166 2182 302 2224 pater
325 2180 531 2224 inquam’
549 2191 581 2216 e.
600 2191 632 2224 q.
651 2191 679 2214 s.
705 2180 904 2214 Diomedes
921 2191 955 2224 p.
975 2182 1042 2215 440
1059 2181 1099 2214 Ρ.
1126 2180 1384 2224 ‘epanalepsis
1407 2206 1415 2214 .
1430 2205 1438 2213 .
1453 2205 1462 2214 .
1492 2184 1628 2222 pater
1652 2181 1705 2212 ἰη-

167 2235 276 2269 quam
293 2228 371 2258 me’
398 2235 429 2259 e.
450 2235 483 2268 q.
503 2234 531 2262 s.
556 2225 735 2259 Claudius
760 2225 942 2259 Sacerdos
966 2226 983 2259 1
1003 2237 1038 2270 p.
1057 2227 1101 2260 35
1119 2225 1225 2259 Endl.
1252 2226 1546 2270 ‘epanalempsis
1570 2226 1612 2259 fit
1636 2225 1706 2258 hoc

167 2270 293 2304 modoz
317 2270 413 2304 idem
437 2270 590 2304 uerbum
608 2271 758 2315 ponitur
783 2272 820 2304 in
838 2271 1024 2313 clausula,
1057 2271 1153 2314 quod
1178 2272 1215 2304 in
1233 2271 1416 2315 principio
1434 2271 1621 2309 dictionis,
1647 2275 1706 2303 ut:

168 2319 300 2360 pater
324 2316 503 2360 inquam
529 2319 610 2350 me’
636 2327 666 2351 c.
686 2327 721 2360 q.
740 2328 770 2351 s.
809 2316 1007 2351 Phoenicis
1033 2317 1193 2350 Enniani
1219 2316 1407 2360 querellae
1433 2321 1587 2360 possunt
1613 2326 1706 2351 esse.

251 2465 389 2502 animos
420 2466 546 2514 geritis
568 2461 767 2503 muliebres
793 2465 898 2503 Oetae.
921 2466 1043 2504 Gudd.
1066 2477 1087 2503 c
1107 2475 1127 2502 e
1150 2465 1272 2503 Bern.
1294 2467 1320 2503 d
1412 2477 1451 2503 ea
1484 2466 1705 2515 Geppertus

165 2523 190 2559 1.
212 2523 239 2559 l.
264 2520 343 2558 112
433 2522 560 2571 uit-ago
591 2523 807 2560 deteriores
898 2521 978 2559 211
1002 2522 1172 2570 gaudium
1195 2523 1243 2559 mi
1264 2521 1399 2560 oboriri
1425 2523 1466 2560 0.
1490 2522 1705 2561 Muellerus

255 2578 423 2626 Expleri
447 2583 604 2626 poterat
624 2588 765 2616 uersus
794 2581 870 2616 sic.-
902 2579 1040 2616 [tntum
1071 2590 1168 2616 nunc
1198 2578 1334 2616 oboriri
1357 2579 1546 2628 gaudium,
1580 2582 1640 2617 uel
1671 2584 1707 2618 si

164 2636 337 2673 datiuum
367 2636 559 2684 requirr's,
591 2636 730 2673 timum
761 2634 932 2684 gaudium
963 2634 1100 2673 oboriri
1131 2635 1200 2672 illis
1298 2635 1379 2673 212
1412 2635 1505 2685 rugit
1528 2637 1702 2674 Bueche-

164 2693 271 2730 ler-us
301 2691 397 2741 rugis
417 2692 509 2730 libri
598 2687 709 2730 213²
729 2692 823 2741 palm
845 2698 882 2729 et
906 2691 1066 2729 crinibus
1095 2694 1204 2730 codd.
1226 2692 1341 2741 passi’
1363 2692 1522 2730 crinibus
1553 2693 1702 2731 Lumbi-

165 2759 260 2791 mes‚·
297 2751 406 2786 immo
443 2748 562 2798 palmi·
601 2748 762 2786 crinibus
799 2750 1065 2797 scribendum,
1104 2749 1157 2797 cf.
1200 2750 1298 2786 Eur.
1331 2749 1482 2787 Hecub.
1516 2749 1599 2787 815
1636 2746 1704 2787 καὶ

165 2800 272 2854 χερσὶ
300 2801 368 2842 nixi
401 2802 573 2855 κόμαισι.
693 2805 774 2843 214
813 2805 994 2855 hospites,
1034 2812 1136 2855 pater
1175 2816 1230 2843 mc
1271 2809 1416 2853 scripsi
1453 2806 1607 2855 hospitis
1646 2818 1703 2844 mc

168 2861 350 2899 Claudius
379 2873 436 2899 me
467 2862 666 2900 Charisius
695 2867 733 2900 et
760 2863 961 2900 Diomedes
1075 2868 1178 2912 pater
1208 2865 1339 2900 exieus
1373 2874 1512 2902 uersus
1542 2875 1631 2903 num
1660 2866 1702 2903 in

167 2916 333 2956 Charisii
361 2920 445 2957 cod.
475 2920 648 2958 extiterit
677 2922 887 2957 incertum.-
917 2931 1022 2958 'tunc
1053 2931 1129 2957 non
1161 2925 1330 2968 apparet
1567 2919 1580 2934 ⁹
