1942 3204
502 227 571 263 Ex
595 226 825 263 mcER‘rxs
851 226 1172 262 INCERTORVM
1197 218 1409 261 FABVLIS‘
1641 223 1726 267 253

834 332 955 377 LXV
988 330 1086 391 (35)

191 412 275 457 120
307 412 569 469 Thespr6te,
600 412 636 454 si
668 412 764 468 quis
797 412 1010 469 sanguine
1042 411 1236 455 exortam
1267 412 1344 454 tuo

304 490 475 534 Prolem
507 489 623 533 inter
653 504 750 533 aras
783 490 998 534 sacrificas
1029 503 1196 533 sacram
1227 486 1440 545 immolet,

306 567 418 620 Quid
451 568 630 611 meritus
660 567 731 610 hie
764 567 837 624 sit,
868 567 1047 611 dubium
1079 567 1123 610 id
1155 582 1211 610 an
1243 567 1444 623 cuiquam
1476 565 1602 609 fuat?

751 632 766 639 ”
819 645 963 689 LXVI
995 643 1092 704 (37)

847 724 929 767 rite
961 723 1253 780 Thesprotum
1283 723 1418 780 pudet

307 800 450 859 Atrei,
482 802 596 859 quod
628 802 719 858 ipse
752 817 778 844 a
810 800 996 845 Tantalo
1029 801 1160 845 ducat
1190 815 1341 859 genus.

394 871 407 879 ⁸
810 878 978 923 LXVII
1010 877 1108 937 (31)
1165 872 1167 874 ’

192 958 276 1003 125
308 956 454 1002 ‘Erras
487 973 620 1001 erras:
654 973 756 1001 nam
788 957 1054 1000 exultantem
1085 960 1128 1000 te
1160 958 1203 1000 et
1234 957 1545 1014 praefidentem
1576 957 1656 1000 tibi

189 1067 243 1108 12,
260 1067 281 1100 2
307 1066 456 1110 ‘itaque
482 1067 584 1100 exire
611 1076 723 1108 aueo,
748 1066 823 1100 ubi
849 1076 931 1099 nec
956 1065 1297 1109 Pelopidarum,
1323 1065 1475 1108 inquit.'
1508 1064 1607 1098 Idem
1624 1065 1723 1102 Phil.

188 1111 278 1146 XIII
292 1114 349 1153 21,
367 1114 411 1146 49
437 1112 599 1146 ‘moueri
625 1112 776 1145 sedibus
801 1111 885 1145 huie
908 1111 992 1144 urbi
1016 1111 1147 1144 melius
1173 1115 1229 1144 est
1253 1113 1365 1153 atque
1390 1111 1429 1144 in
1446 1110 1560 1152 alias,
1587 1111 1620 1144 si
1645 1110 1727 1144 fieri

187 1159 319 1202 possit,
346 1162 465 1191 terras
490 1157 714 1200 demigrare,
746 1157 844 1190 unde
869 1157 1167 1191 Antoniorum
1199 1167 1278 1189 nec
1306 1156 1432 1189 facta
1463 1167 1543 1189 nec
1570 1167 1725 1189 nomen

188 1204 370 1244 audiat,
402 1206 533 1246 quam’
565 1214 596 1236 e.
622 1214 655 1246 q.
683 1210 723 1238 s.·
749 1202 805 1236 Cf.
833 1202 997 1246 Langius
1022 1201 1129 1236 Vind.
1155 1213 1190 1246 p.
1214 1203 1269 1238 34.
1294 1201 1459 1245 Ascripsi
1484 1203 1595 1236 Atreo
1620 1202 1725 1235 Attii.

304 1249 404 1282 LXV
429 1249 622 1282 Charisius
647 1248 699 1281 1V
722 1259 757 1292 p.
775 1249 843 1282 254
859 1248 900 1281 P.
928 1251 1016 1291 ‘per
1041 1248 1286 1280 transitum
1311 1248 1389 1280 siue
1416 1249 1724 1281 transmutatione

187 1305 442 1338 personarum,
468 1304 550 1328 cum
566 1305 588 1327 a
606 1296 732 1327 nostra
749 1293 796 1327 ad
814 1293 970 1327 alteram
987 1294 1184 1327 transimus
1206 1295 1243 1326 et
1260 1303 1327 1336 per
1343 1292 1443 1326 illam
1461 1292 1724 1336 transfiguran-

187 1348 244 1375 tes
261 1339 357 1384 quod
373 1340 539 1374 uolumus
557 1340 768 1380 retinemus,
794 1343 852 1372 ut:
877 1339 1131 1383 Thesprote
1143 1341 1152 1357 ’
1172 1349 1203 1372 e.
1222 1349 1256 1382 q.
1275 1348 1304 1371 s.
1332 1338 1409 1372 ‘hic
1427 1349 1450 1372 a
1468 1349 1535 1372 sua
1553 1338 1722 1382 persona⁷

187 1383 290 1430 (sua
307 1395 376 1422 om.
403 1385 497 1427 cod„
522 1385 668 1418 addidi:
693 1395 886 1429 persona
913 1395 958 1418 ex
982 1384 1046 1418 illo
1072 1395 1151 1418 sna
1174 1389 1300 1418 natum
1326 1394 1406 1418 esse
1430 1388 1538 1428 putat
1561 1384 1726 1417 Bueche-

187 1431 303 1474 ler-us)
337 1432 398 1464 ‘in
429 1431 542 1464 aliam
572 1441 768 1475 personam
805 1431 972 1473 transiit,
1005 1433 1046 1463 ut
1076 1433 1254 1473 argutaris
1278 1440 1343 1473 per
1371 1429 1474 1463 illam
1500 1430 1724 1469 ostenderet,

187 1476 275 1521 quid
299 1476 412 1510 uellet
437 1478 658 1520 iucrepare.’
762 1475 951 1519 Pelopidis
984 1476 1077 1510 Attii
1109 1480 1147 1509 et
1176 1475 1247 1508 hoc
1280 1478 1318 1508 et
1350 1485 1509 1518 sequens
1540 1476 1584 1508 fr.
1612 1477 1724 1509 inseri

187 1522 306 1556 uoluit
332 1522 562 1556 Welckerus.
677 1521 798 1555 LXVI
829 1521 1019 1554 Charisius
1050 1522 1101 1554 lv
1127 1532 1162 1564 p.
1186 1522 1252 1554 247
1278 1521 1319 1554 Ρ.
1355 1524 1636 1554 ‘sarcasmos
1668 1525 1726 1554 est

187 1567 391 1611 allegoriae
422 1567 540 1611 figura
573 1566 765 1600 deridendi
790 1577 905 1602 causa
930 1565 1034 1608 ficta,
1060 1569 1119 1599 ut:
1152 1566 1238 1599 rite
1269 1591 1278 1600 .
1298 1591 1306 1599 .
1326 1591 1334 1598 .
1365 1576 1527 1610 genus;
1560 1577 1627 1610 per
1656 1566 1725 1599 hoc

189 1614 285 1647 enim
310 1612 391 1645 uult
414 1613 602 1656 intellegi,
633 1612 832 1655 ignobilem
858 1622 939 1645 esse
964 1612 1240 1656 Thesprotum.'
1358 1611 1499 1645 LXVII
1524 1611 1654 1645 Cicero
1682 1612 1726 1645 de

188 1663 280 1694 orat.
306 1657 363 1691 111
387 1659 449 1700 41,
476 1659 540 1692 166
573 1661 678 1691 ‘nam
710 1657 820 1695 illud,
851 1657 948 1701 quod
981 1668 1025 1690 ex
1051 1658 1120 1691 hoc
1145 1667 1282 1700 genere
1305 1657 1472 1701 profluit,
1502 1668 1575 1690 non
1606 1662 1663 1691 est
1688 1659 1725 1690 in

189 1715 262 1738 uno
286 1704 400 1738 uerbo
433 1703 634 1746 translato,
667 1703 730 1736 sed
761 1713 804 1736 ex
836 1703 1005 1746 pluribus
1036 1703 1263 1736 continuatis
1292 1703 1518 1745 conectitur,
1550 1707 1592 1736 ut
1623 1703 1725 1736 aliud

189 1750 351 1792 dicatur,
377 1749 477 1783 aliud
502 1748 790 1792 intellegendum
814 1750 864 1782 sit
890 1746 1092 1792 [hxxlvj.
1140 1754 1254 1790 atque
1278 1747 1385 1781 illud:
1420 1759 1546 1781 erras
1578 1751 1724 1781 erras’

189 1807 221 1830 e.
239 1805 273 1838 q.
293 1805 322 1828 s.
356 1798 526 1838 ‘sumpta
551 1804 588 1828 re
612 1794 721 1828 simili
745 1794 862 1827 uerba
888 1794 968 1827 eius
993 1794 1046 1827 rei
1072 1794 1222 1838 propria
1246 1793 1421 1837 deinceps
1447 1794 1485 1826 in
1508 1805 1586 1827 rem
1601 1794 1725 1831 aliam,

190 1845 233 1874 ut
256 1841 351 1881 dixi,
378 1840 680 1879 transferuntur)
712 1839 831 1873 Iulius
856 1840 985 1873 Victor
1009 1850 1040 1875 c.
1066 1841 1110 1872 20
1134 1850 1168 1883 p.
1195 1840 1262 1872 252
1287 1839 1349 1874 Or.
1387 1839 1515 1880 (rhett.
1540 1840 1641 1872 Latt.
1666 1840 1726 1875 ed.

188 1886 310 1921 Halm.
363 1910 371 1919 .
396 1884 479 1928 432)
503 1885 721 1918 ‘translatio
744 1910 754 1919 .
773 1909 781 1918 .
803 1909 812 1918 .
840 1889 882 1918 ut
906 1884 1008 1918 aliud
1033 1884 1137 1918 dicas
1163 1889 1200 1918 et
1224 1884 1326 1918 aliud
1351 1884 1639 1928 intellegendum
1664 1886 1726 1925 sit,

189 1936 231 1966 ut
255 1936 314 1965 est
356 1930 525 1974 LXXIV]
558 1934 596 1964 et
625 1931 806 1974 imperii
836 1931 1063 1964 insistent
1092 1930 1224 1973 iugo.’
1275 1930 1444 1964 Conlatis
1474 1941 1519 1963 ex
1551 1930 1726 1972 Aeschyli

188 1978 318 2022 Agnm.
345 1978 433 2011 1610
456 1977 504 2012 H.
527 1971 596 2010 τὸν
626 1972 672 2010 δὲ
704 1971 756 2020 μὴ
782 1970 1005 2019 πειθάνορα
1032 1970 1162 2018 Ζεύξω
1192 1974 1367 2019 βαρείαις
1398 1969 1484 2009 οὔτι
1514 1971 1567 2020 μὴ
1598 1985 1725 2019 σειρα-

189 2096 256 2124 nec
285 2084 538 2135 Pelopidarum
568 2084 660 2122 sacta
692 2095 811 2134 neque
843 2083 968 2121 samam
1000 2083 1140 2121 audiam
1239 2083 1320 2123 120
1352 2083 1567 2133 thesprothe
1600 2084 1725 2131 Neap.

278 2142 355 2180 121
388 2153 486 2180 arass
511 2145 550 2180 in
578 2144 658 2190 fine
689 2153 828 2180 uersus
858 2142 942 2179 cod.
973 2152 1051 2178 aras
1081 2153 1223 2179 sacrare
1253 2152 1388 2179 sacram
1411 2142 1469 2179 cd.
1488 2143 1614 2189 princ.
1647 2152 1726 2177 aras

191 2211 326 2238 sacram
357 2210 498 2237 sacrare
518 2199 725 2239 Fabricius
754 2210 832 2236 aras
861 2209 980 2235 sacras
1009 2203 1182 2235 sacratam
1205 2199 1361 2236 Grotius
1390 2198 1492 2236 Bibl.
1524 2200 1611 2235 crit.
1635 2209 1724 2235 nou.

190 2257 254 2294 IV
282 2267 360 2293 aras
390 2267 525 2293 sacram
554 2267 673 2293 sacras
694 2256 859 2294 Bothius
887 2266 966 2292 aras
986 2255 1160 2305 sacrilega
1183 2267 1287 2292 manu
1309 2255 1432 2293 CFW
1450 2255 1617 2292 Mueller
1631 2266 1727 2302 pro·

192 2314 271 2351 sod.
292 2313 420 2350 plaut.
437 2312 520 2351 526
611 2311 690 2349 122
712 2311 859 2349 dubium
880 2323 924 2349 an
945 2313 1027 2349 cod.
1050 2311 1198 2349 dubium
1221 2324 1263 2349 an
1286 2312 1320 2349 id
1346 2313 1510 2350 Bolhius
1529 2311 1726 2348 dubiumne

190 2370 226 2407 id
255 2370 411 2407 Grotius
439 2368 633 2406 dubiumne
665 2374 704 2406 nt
726 2369 1002 2407 Buechelerus.
1048 2369 1138 2407 Vide
1159 2381 1210 2407 an
1231 2369 1447 2416 dubiumne,
1478 2369 1509 2405 ai
1539 2370 1725 2415 scriptum

185 2426 311 2475 suerit
395 2426 473 2463 ruat
494 2424 702 2463 Fabricius
721 2427 807 2462 olim
829 2424 888 2462 fiat
908 2427 992 2463 cod.
1016 2426 1085 2463 siet
1105 2426 1332 2472 Fabricius,
1356 2426 1562 2463 Pulschius
1639 2424 1725 2473 quid

191 2484 248 2521 hic
265 2484 314 2520 sit
335 2483 497 2530 meritus,
518 2482 664 2520 dubium
687 2482 935 2532 hauquaquam
956 2483 1026 2519 iam
1048 2482 1125 2519 suat
1146 2483 1313 2521 Mueller
1331 2484 1356 2520 I.
1378 2483 1402 2519 l.
1495 2481 1574 2519 123
1596 2483 1724 2518 merito

192 2541 348 2578 Grotius
379 2540 481 2577 Bibl.
513 2541 598 2577 crit.
631 2551 719 2578 nou.
742 2540 763 2576 1
777 2540 862 2588 Vp.
888 2539 967 2576 179
1055 2539 1168 2588 pudet
1199 2540 1356 2578 Grotius
1387 2539 1518 2588 pudeat
1540 2539 1666 2586 Neap.
1690 2542 1726 2574 et

189 2608 277 2635 exc.
299 2597 402 2634 Leid.
495 2595 574 2633 124
605 2597 703 2633 Atrei
726 2596 994 2634 Buecheler-us
1015 2597 1066 2633 rei
1089 2597 1215 2644 Neap.
1237 2607 1326 2635 exc.
1349 2597 1456 2634 Leia.
1487 2596 1613 2645 generi
1635 2606 1724 2631 con·

189 2656 358 2692 ieceram
446 2652 543 2702 qnod
569 2653 694 2701 Neap.
725 2664 758 2702 q.
782 2663 870 2691 exc.
891 2652 996 2691 Leia.
1084 2652 1127 2690 ad
1159 2664 1248 2691 exc.
1270 2654 1372 2690 Leid.
1461 2652 1567 2688 ducat
1600 2652 1724 2698 Neap.

190 2710 270 2748 duci
302 2722 389 2749 exc.
411 2710 516 2748 Leia.
548 2709 671 2747 ductat
692 2710 854 2750 Boehius
874 2709 974 2747 ducit
994 2710 1154 2747 *Keitius
1265 2710 1344 2747 125
1377 2719 1475 2745 erras
1506 2710 1620 2746 semel
1652 2720 1722 2744 om.

192 2767 276 2805 Erl.
307 2768 464 2805 Abrinc.
508 2767 603 2805 Vici.
634 2767 754 2806 Gudd.
784 2779 807 2803 α
831 2777 852 2803 c
883 2766 1037 2815 Luyom.
1067 2771 1232 2815 praeter
1265 2767 1314 2803 17
1347 2775 1477 2803 omnes
1578 2775 1656 2800 nam
1689 2770 1725 2800 et

191 2823 337 2862 uidente
369 2829 405 2862 te
435 2829 470 2861 et
501 2822 722 2873 praesidente
751 2822 994 2872 (praesidente
1029 2824 1110 2861 Erl.
1132 2823 1168 2870 b)
1200 2822 1262 2860 ubi
1293 2823 1450 2859 Abrinc.
1484 2821 1568 2858 Erl.
1591 2822 1612 2858 b
1643 2832 1724 2857 naui

192 2884 228 2916 et
259 2880 404 2918 uidente
433 2886 470 2918 et
500 2879 728 2930 praesidente
750 2879 812 2917 tibi
834 2880 917 2917 Erl.
940 2893 964 2917 a
1052 2880 1248 2917 uiolentem
1278 2879 1400 2916 millo
1432 2877 1579 2914 uidente
1598 2879 1725 2916 latere

191 2937 346 2974 uidetur
377 2937 618 2975 Buecheler«)
