1942 3204
291 223 369 264 166
926 225 1166 259 I,.·AT'1·1vs

931 329 1060 372 XVII
1092 327 1158 386 (7)

406 406 571 462 'Egone
604 405 816 462 Argiuum
847 407 1073 462 imperium
1105 407 1316 463 attingam
1348 410 1423 450 aut
1452 399 1629 464 Pelopia
1659 408 1811 464 digner

1352 485 1510 527 domo?

408 560 500 609 Quo
539 575 605 602 Ine
645 562 897 603 ostendam?
943 562 1056 617 quod
1100 563 1309 617 templum
1347 562 1525 604 adeam?
1569 577 1694 618 quem
1738 564 1810 606 ore

1348 640 1520 682 funesto
1553 639 1775 695 alloquar?

910 727 1060 770 XVIII
1093 726 1190 785 (12)

407 803 579 858 'Ecquis
611 804 694 847 hoc
726 805 1071 847 animaduortet?
1102 805 1278 848 uincite!

931 899 1036 942 XIX
1070 897 1165 957 (15)

405 975 653 1031 Numquam
684 975 813 1018 istam
843 977 1096 1019 imminuam
1128 981 1274 1020 curam
1304 978 1529 1020 infitiando
1561 979 1651 1021 tibi.

536 1070 619 1113 XX
653 1068 753 1129 (inc.
785 1072 866 1115 inc.
897 1072 983 1114 fab.
1015 1072 1177 1115 XVIII.
1209 1073 1322 1115 Enn.
1353 1073 1456 1116 Hec.
1492 1072 1565 1131 17)

290 1153 399 1198 234¹
420 1155 586 1197 Probae
619 1155 699 1197 etsi
729 1155 775 1197 in
807 1158 997 1213 segetem
1029 1158 1129 1198 sunt
1162 1156 1414 1198 deteriorem
1445 1157 1569 1199 datae
1761 1173 1813 1199 072

411 1232 596 1289 Fruges,
626 1234 773 1275 tamen
803 1233 920 1289 ipsae
955 1234 1105 1289 suapte
1136 1236 1292 1276 natura
1323 1235 1499 1277 enitent.

379 1363 484 1396 XVII
507 1362 602 1398 Non.
627 1363 710 1404 281,
736 1364 759 1396 4
783 1363 1017 1407 ‘dignatus
1043 1364 1229 1406 significat
1255 1364 1385 1407 dignus
1409 1365 1558 1399 habitus
1588 1392 1596 1400 .
1616 1391 1625 1401 .
1644 1393 1652 1401 .
1682 1367 1821 1404 Accius·

291 1410 329 1442 in
352 1408 591 1452 Neoptolemo
616 1433 624 1442 .
639 1433 646 1441 .
662 1433 670 1440 .
693 1409 789 1441 idem
814 1410 852 1442 in
875 1409 988 1443 Atreo
1012 1434 1019 1442 .
1035 1435 1043 1443 .
1058 1413 1086 1441 .’
1186 1410 1307 1443 XVIII
1333 1410 1463 1443 Cicero
1489 1411 1533 1444 de
1558 1415 1652 1446 orat.
1677 1415 1735 1448 ΙΙΙ
1758 1417 1813 1457 58,

290 1456 356 1488 217
383 1453 481 1496 (uide
507 1452 606 1495 XVI)
632 1453 734 1487 Idem
759 1455 868 1488 Tusc.
894 1455 988 1498 disp.
1014 1454 1066 1488 IV
1081 1455 1137 1498 25,
1164 1455 1206 1488 55
1233 1457 1413 1498 ‘ecquis
1509 1457 1704 1492 uincite!
1729 1471 1815 1493 num

293 1502 357 1533 aut
386 1499 508 1541 egisse
540 1509 709 1542 umquam
740 1499 875 1532 iratum
905 1501 1124 1543 Aesopum
1149 1503 1213 1533 aut
1243 1501 1436 1543 scripsisse
1467 1502 1657 1537 existimas
1680 1506 1815 1539 iratum

289 1543 476 1578 Accium?'
496 1544 685 1583 (aetium
709 1545 835 1587 Brux.)
905 1545 994 1578 XIX
1012 1545 1141 1578 Cicero
1159 1545 1198 1578 in
1214 1545 1290 1580 Pis.
1308 1548 1362 1584 33,
1380 1548 1423 1579 82
1449 1550 1695 1592 ‘quamquam‚
1715 1551 1812 1593 qnod

292 1590 338 1623 ad
363 1601 420 1622 me
448 1590 599 1630 attinet,
625 1600 824 1632 numquam
847 1591 977 1623 istam’
1005 1601 1037 1624 e.
1055 1600 1087 1633 q.
1108 1601 1136 1623 s.
1177 1592 1354 1624 Asconius
1378 1592 1416 1623 in
1440 1592 1464 1624 l.
1489 1592 1512 1625 l.
1540 1596 1667 1638 ‘prope
1692 1597 1816 1630 notius

292 1638 366 1674 est,
391 1645 498 1678 quam
522 1638 564 1667 ut
588 1635 825 1668 indicandum
850 1637 917 1675 sit,
943 1636 1039 1669 hunc
1063 1646 1206 1669 uersum
1231 1647 1312 1669 esse
1337 1637 1378 1668 L.
1395 1637 1486 1670 Acci
1501 1642 1635 1680 poetae
1661 1644 1699 1674 et
1723 1641 1816 1675 dici

291 1692 313 1713 a
338 1681 536 1722 Thyeste
560 1681 724 1713 Atreo.’
757 1679 831 1723 (ab
855 1681 993 1714 Atreo
1018 1681 1212 1724 Thyesti
1235 1683 1465 1715 Duentzerus
1482 1683 1634 1726 Ephem.
1653 1686 1814 1720 Damnst.

294 1727 378 1759 1839
403 1737 439 1768 p.
455 1724 551 1766 292.)
628 1726 695 1758 XX
721 1726 850 1759 Cicero
873 1727 982 1759 Tusc.
1010 1726 1102 1770 disp.
1119 1726 1205 1768 115,
1233 1729 1275 1760 13
1301 1730 1400 1760 ‘nam
1423 1731 1465 1760 ut
1490 1731 1571 1771 agri
1595 1741 1667 1763 non
1691 1742 1816 1765 omnes

294 1767 466 1813 frugiferi
496 1773 580 1803 sunt
612 1772 674 1814 qui
699 1771 884 1815 coluntur,
918 1772 1123 1814 falsumque
1154 1772 1244 1805 illud
1266 1770 1398 1814 {Accit
1431 1774 1595 1815 probae
1625 1801 1634 1810 .
1653 1801 1661 1809 .
1683 1802 1690 1809 .
1721 1779 1816 1810 eni-

291 1819 406 1856 tent,
436 1816 488 1848 sic
512 1816 623 1848 animi
646 1827 719 1849 non
745 1827 870 1850 omnes
897 1817 988 1850 culti
1005 1818 1162 1851 fructum
1186 1818 1337 1851 ferunt.’
1375 1818 1519 1859 (Acciz
1546 1821 1713 1862 probae
1737 1822 1816 1855 Mu-

293 1864 390 1894 retus
407 1871 485 1893 uar.
504 1861 586 1894 lect.
604 1861 690 1895 XVI
707 1863 751 1895 20
775 1863 1021 1906 acinprobe
1041 1863 1132 1897 Gud.
1149 1863 1261 1897 Brux.
1286 1864 1542 1906 acimprobe
1561 1866 1668 1909 Reg.)
1695 1866 1816 1902 Schol.

291 1908 402 1938 Laur.
429 1906 476 1939 ad
493 1907 601 1949 Verg.
627 1918 685 1950 ge.
711 1907 728 1939 Ι
752 1909 772 1940 2
798 1906 954 1950 (editum
980 1918 1002 1940 a
1026 1908 1094 1942 Th.
1117 1908 1340 1941 Mommseno
1364 1919 1455 1942 mus.
1487 1910 1604 1943 Rhen.
1630 1911 1717 1945 XVI
1733 1913 1814 1953 443)

293 1955 376 1984 ‘nec
401 1962 491 1984 sane
517 1955 695 1995 segetes
720 1953 941 1995 simpliciter
957 1963 1020 1996 pro
1044 1956 1144 1986 terra
1160 1956 1355 1996 ponuntur,
1383 1951 1483 1998 [sed]
1509 1966 1573 1998 pro
1591 1958 1690 1989 terra
1708 1960 1816 1990 arata

375 1997 563 2030 Accius’
591 1997 736 2039 (acius
762 1998 856 2040 cod.)
881 1999 941 2031 ‘in
963 1999 1139 2031 Atreo:’
1172 1998 1311 2040 (atrio
1337 1999 1432 2041 eod.)
1464 2001 1590 2032 ‘siin
1613 2006 1815 2044 segetem

294 2042 567 2074 deteriorem
594 2042 727 2076 datae
752 2046 853 2076 sunt
877 2044 1051 2086 fruges’
1083 2042 1267 2087 (spuges
1293 2043 1386 2086 ced.)
1433 2045 1514 2078 Non
1546 2046 1654 2080 nimis
1679 2047 1816 2082 similia

297 2090 380 2119 sunt
404 2087 607 2130 Euripidea
630 2088 806 2121 Hecubae
831 2099 864 2121 u.
890 2090 969 2122 592:

656 2138 797 2179 οὔκουν
822 2140 972 2187 δεινὸν,
999 2143 1034 2179 εἰ
1056 2144 1103 2189 γῆ
1130 2142 1199 2188 μὲν
1224 2141 1322 2190 κακὴ

563 2189 731 2234 τυχοῦσα
747 2189 893 2231 ,καιροῦ
915 2188 1066 2224 θεόθεν
1091 2181 1132 2225 εὖ
1157 2186 1298 2235 στάχυν
1324 2189 1451 2236 φέρει,

566 2229 707 2279 χρηστὴ
733 2231 772 2269 δ’
799 2230 1009 2280 ἁμαρτοῦσ’
1037 2227 1087 2270 ὧν
1113 2232 1233 2280 χρεὼν
1258 2231 1379 2281 αὐτὴν
1403 2239 1534 2281 τυχεῖν

565 2277 684 2315 κακὸν
711 2280 846 2315 δίδωσι
869 2276 1027 2326 καρπόν.

295 2413 411 2450 Lucr.
432 2412 479 2449 II
499 2413 578 2451 638
602 2412 764 2450 mandem
786 2414 992 2452 Lambinus
1077 2420 1195 2462 natos,
1227 2425 1351 2451 eorum
1373 2415 1509 2451 uiscera
1531 2417 1678 2465 apponit
1700 2417 1816 2454 Bent-

295 2471 403 2516 leius‚
435 2472 633 2518 sequentia
664 2473 703 2506 in
738 2470 848 2508 Tuse.
882 2472 1002 2508 uerba
1033 2473 1236 2509 adsumens
1366 2471 1444 2508 231
1478 2472 1622 2521 Pelopia
1664 2474 1817 2511 Vossius

295 2526 439 2574 Pelopis
467 2527 558 2563 libri
679 2526 759 2564 232
792 2529 876 2576 quoi
907 2539 962 2565 me
995 2528 1145 2576 Lipsius
1175 2528 1300 2575 Epist.
1332 2532 1479 2576 quaese.
1500 2529 1607 2567 JV8
1709 2541 1816 2578 quem

298 2594 360 2619 ore
390 2593 476 2619 mss.
499 2583 621 2619 Fabri
641 2588 676 2619 et
696 2584 886 2632 Mereeri,
909 2586 1062 2632 Lipsius
1093 2596 1184 2633 quae
1214 2595 1314 2621 more
1345 2587 1466 2621 ceteri
1492 2586 1582 2622 libri
1655 2585 1817 2634 alloquar

298 2640 501 2676 Mereerus
530 2638 718 2688 colloquar
744 2641 836 2677 libri
921 2641 1000 2679 233
1033 2646 1068 2678 et
1099 2642 1179 2690 quis
1207 2642 1298 2679 libri
1325 2641 1438 2678 Tuse.
1469 2642 1548 2690 quis
1579 2643 1642 2678 uel
1671 2647 1707 2678 et
1737 2644 1817 2690 quis

299 2698 360 2734 uel
390 2695 423 2732 ei
454 2697 533 2744 quis
564 2698 626 2733 uel
655 2698 757 2745 equis
786 2699 877 2734 libri
905 2700 950 2735 de
981 2702 1079 2735 orat.
1113 2699 1217 2747 ecqui
1247 2698 1465 2746 Geppertus
1491 2700 1518 2735 l.
1548 2699 1574 2734 l.
1601 2697 1694 2745 114,
1725 2711 1815 2747 quo-

299 2765 383 2790 cum
414 2756 622 2790 consentiet
652 2755 694 2790 ni
717 2754 751 2801 f.
775 2754 840 2790 CF
848 2755 895 2790 W
913 2755 1077 2792 Mueller
1106 2753 1174 2803 (ef.
1201 2756 1356 2803 prosod.
1383 2754 1512 2792 Plaut.
1537 2753 1619 2790 424
1639 2754 1713 2802 sq.)

299 2810 369 2846 hoc
398 2821 468 2847 om.
493 2810 587 2847 Gud.
610 2821 631 2846 c
661 2814 697 2847 et
717 2811 821 2847 codd.
847 2810 884 2848 C.
910 2811 1099 2859 Stephani
1215 2811 1477 2848 anImaduortet
1496 2810 1652 2848 Abrine.
1683 2813 1727 2848 de
1758 2824 1814 2849 or.

301 2866 560 2903 animaduertat
591 2867 672 2904 Erl.
705 2877 791 2904 cum
821 2869 907 2904 aliis
937 2867 1187 2905 animaduertit
1214 2869 1305 2905 libri
1323 2869 1503 2916 plerique
1605 2867 1686 2906 234
1715 2868 1817 2905 inmi-

301 2933 405 2958 nuam
436 2923 599 2971 Erlany.
687 2922 876 2961 InficIando
907 2925 1069 2973 Erlanq.
