1942 3204
799 211 842 251 Q.
870 209 1047 244 immvs
1641 210 1696 251 25

277 315 450 360 Atixilio
483 317 558 358 aut
590 315 686 357 exili
721 318 795 357 mit
828 317 957 371 fugae
990 317 1100 358 freta
1132 315 1242 357 sini?

273 391 397 436 'Arce
430 378 472 435 et
504 393 608 435 urbe
640 393 746 435 6rba
777 408 884 436 sum.
946 408 1030 449 quo
1064 393 1294 436 accedam?
1334 409 1418 449 quo
1451 395 1693 450 aipplieem?

274 469 359 514 Cui
393 485 472 514 nee
509 485 608 514 arae
652 470 817 526 paeitriae
861 470 978 515 domi
1016 456 1151 527 stant,
1194 472 1358 514 fractae
1405 474 1447 513 et
1491 472 1693 515 disiectae

1012 549 1174 604 iacent,

274 626 395 670 inna
428 614 601 669 flamina
632 625 887 682 deflagrata,
918 627 1024 669 tosti
1055 627 1132 669 alti
1165 629 1284 670 stant
1317 627 1501 683 perietes

186 706 244 750 80
275 704 517 749 Deformati
549 707 677 760 atque
709 704 849 747 abiete
881 705 1022 761 crispa

797 782 819 807 ιιι
1027 784 1050 809 212

911 812 935 838 ae

392 847 428 903 O
461 860 595 916 peter,
627 875 652 902 0
684 860 844 916 patria,
876 876 901 903 o
932 858 1095 903 Priami
1128 861 1300 916 domus,

395 937 603 994 Saeptum
633 937 820 982 altisono
837 937 1028 1007 ‘cardine
1059 939 1287 994 templum!

394 1014 496 1059 Vidi
528 1016 609 1073 ego
641 1018 684 1058 te
717 1018 886 1059 astante
920 1031 1000 1072 ope
1033 1017 1259 1059 barbarica

157 1152 230 1182 tam
256 1147 461 1192 egregium!
499 1157 718 1191 quamquam
750 1149 797 1182 ab
828 1148 885 1181 his
916 1147 1132 1182 cantoribus
1156 1147 1403 1192 Euphorionis
1434 1149 1693 1182 contemnitur.

155 1195 278 1227 Sentit
302 1194 424 1227 omnia
450 1193 647 1237 repentina
673 1197 710 1226 et
734 1194 957 1238 necopinata
982 1203 1063 1227 esse
1089 1193 1274 1237 grauiora.
1308 1194 1558 1238 Exaggeratis
1582 1194 1696 1238 igitur

155 1240 289 1284 regiis‘
316 1238 385 1283 (sic
410 1241 493 1282 post
516 1239 710 1273 Danisium
737 1239 1038 1283 Wesenbergius.
1080 1240 1220 1281 ‘regis'
1247 1240 1378 1283 optimi
1402 1238 1502 1283 libri)
1528 1241 1693 1283 ‘opibus,

155 1295 250 1329 quse
275 1284 500 1319 uidebantur
524 1285 770 1329 sempiternae
799 1285 895 1328 fore,
922 1284 1010 1328 quid
1034 1285 1228 1328 adiungit?
1257 1283 1426 1329 [86—88]
1455 1285 1694 1319 Praeclarum

156 1331 322 1364 carmen!
361 1333 418 1364 est
444 1331 540 1363 enim
565 1334 602 1364 et
627 1330 738 1364 rebus
763 1333 801 1364 et
823 1331 949 1364 uerbis
974 1334 1010 1364 et
1036 1330 1150 1364 modis
1177 1331 1359 1374 1ugubre.’
1408 1331 1509 1365 Idem
1534 1331 1578 1364 de
1605 1335 1695 1364 orat.

154 1376 210 1410 111
233 1378 290 1418 47,
317 1378 381 1410 183
407 1379 547 1419 ‘paeon
576 1401 583 1408 .
605 1401 614 1410 .
634 1401 641 1409 .
671 1387 738 1420 par
771 1376 848 1410 fere
881 1376 1035 1418 cretico,
1069 1376 1130 1419 qui
1161 1380 1219 1410 est
1252 1387 1297 1410 ex
1327 1377 1438 1421 longa
1463 1381 1500 1410 et
1524 1377 1628 1410 breui
1655 1379 1695 1409 et

155 1421 285 1466 longa,
316 1425 359 1454 ut
392 1419 491 1465 [751⁹
522 1421 678 1455 laudata
706 1421 772 1455 illa
801 1421 932 1455 Rufino
969 1421 1013 1454 de
1051 1425 1155 1455 metr.
1187 1433 1222 1466 p.
1248 1423 1338 1456 2716
1362 1423 1407 1456 Ρ
1433 1421 1558 1465 (rhett.
1591 1423 1694 1455 Latt.

156 1478 190 1511 p.
206 1469 273 1502 578
290 1467 354 1510 Η.)
389 1466 520 1500 Cicero
545 1466 590 1501 de
615 1472 707 1501 orat.
731 1467 789 1501 111
814 1468 967 1510 26,101
994 1466 1204 1511 (postquam
1229 1467 1273 1501 de
1298 1468 1433 1503 Roscio
1459 1468 1597 1502 dietum
1625 1467 1695 1510 est)

157 1513 292 1557 ‘quid‘i
318 1512 380 1546 ilie
406 1512 519 1546 alter:
545 1513 647 1557 quid
674 1516 822 1567 petsm
859 1512 1079 1602 8raesidi‘i‘
1104 1523 1212 1556 quam
1229 1513 1376 1554 leniter,
1405 1524 1511 1557 quam
1529 1514 1695 1555 remisse,

156 1568 264 1602 quam
289 1569 359 1592 non
386 1559 556 1592 actuose!
582 1559 699 1592 instat
724 1559 820 1592 enim
964 1558 1003 1592 in
1028 1569 1099 1602 quo
1123 1562 1233 1592 tanta
1251 1559 1473 1593 commoneri
1498 1559 1598 1592 aetio
1623 1569 1695 1592 nou

156 1607 296 1648 posset,
324 1604 355 1637 si
382 1607 482 1637 esset
507 1608 725 1648 consumpta
742 1556 938 1647 superigorle
949 1607 1049 1638 motu
1075 1607 1111 1637 et
1129 1604 1335 1638 exhausta’
1370 1605 1522 1638 Seruius
1547 1605 1585 1638 in
1603 1605 1693 1638 Aen.

155 1650 192 1684 11
217 1650 283 1683 241
317 1652 358 1683 ‘o
383 1650 556 1692 patria:
587 1659 718 1684 uersus
743 1650 964 1687 Ennianus)
1014 1649 1146 1683 cicero
1173 1650 1278 1686 Orat.
1303 1651 1360 1692 27,
1386 1653 1429 1684 93
1462 1650 1557 1684 ‘alio
1588 1650 1696 1684 modo

155 1693 350 1729 transtulit
381 1704 464 1728 cum
495 1694 587 1727 dixit
615 1695 758 1729 Ennius
789 1706 893 1728 arce
925 1698 971 1728 et
994 1694 1103 1729 urbe
1129 1696 1236 1730 orba
1259 1706 1369 1739 sum,
1402 1695 1478 1730 alio
1502 1695 1628 1736 modo,
1663 1696 1698 1728 si

157 1750 222 1784 pro
250 1740 373 1784 patris.
398 1750 522 1774 arcem
545 1740 730 1775 dixisset.
763 1740 863 1774 Idem
887 1740 931 1773 de
957 1744 1048 1774 orat.
1075 1740 1132 1774 111
1148 1742 1210 1781 58
1226 1743 1292 1774 217
1319 1740 1461 1775 ‘aliud’
1489 1740 1608 1783 (uocis
1633 1752 1696 1784 ge—

156 1796 225 1820 nus
253 1786 326 1819 sibi
356 1786 482 1828 sumit)
513 1786 726 1820 ‘miseratio
761 1797 806 1819 ae
836 1797 996 1820 maeror.
1029 1786 1212 1827 flexibile,
1245 1787 1411 1830 plenum,
1435 1787 1696 1830 interruptum,

156 1830 270 1866 flebili
293 1842 386 1865 uoce
409 1856 440 1865 ..
455 1856 463 1864 .
487 1834 524 1865 et
546 1830 614 1865 ills.
631 1829 703 1875 [81]
730 1835 768 1865 et
793 1842 886 1875 quae
913 1834 1115 1875 sequuntur
1139 1830 1211 1874 [86.
1230 1830 1317 1876 87].’
1352 1831 1453 1865 Idem
1470 1832 1582 1866 Tusc.
1600 1831 1694 1875 disp.

155 1878 174 1911 1
197 1878 261 1918 36,
284 1878 328 1911 85
354 1876 558 1910 ‘Priamum
581 1876 819 1910 ..hostilis
844 1887 973 1910 manus
998 1877 1197 1913 interemit
1246 1878 1318 1910 Hie
1350 1878 1382 1910 si
1406 1878 1504 1911 uiuis
1528 1876 1616 1910 filiis
1640 1878 1694 1910 in-

157 1922 290 1956 columi
320 1932 434 1966 regno
465 1922 663 1957 occidisset
689 1926 872 1956 astante
898 1933 979 1966 ope
1010 1922 1255 1957 barbarica
1281 1920 1370 1967 [84],
1403 1926 1523 1956 utrum
1550 1922 1696 1956 tandem

157 1978 179 2001 a
203 1968 310 2001 bonis
335 1978 384 2001 an
407 1978 430 2001 a
454 1968 563 2002 malis
587 1967 847 2002 discessisset?
887 1969 978 2002 Tum
1011 1968 1178 2012 profecto
1209 1968 1400 2002 uideretur
1429 1979 1451 2001 a
1481 1969 1599 2002 bonis.
1648 1969 1698 2002 At

158 2017 259 2047 certe
283 2013 320 2047 ei
343 2012 474 2046 melius
499 2013 704 2055 euenisset,
735 2024 804 2048 nec
837 2018 914 2053 tam
946 2013 1121 2047 flebiliter
1150 2014 1217 2047 illa
1249 2018 1472 2048 canerentur
1498 2011 1602 2058 [86—
1607 2012 1696 2057 88].’

157 2058 309 2092 Seruius
333 2059 372 2092 in
395 2059 484 2094 Aen.
509 2059 527 2092 1
552 2060 618 2093 727
651 2059 734 2103 ‘leg
736 2060 811 2093 itur
842 2063 880 2093 et
912 2059 1192 2094 lacuaribus.
1241 2059 1372 2093 Cicero
1403 2059 1697 2092 'luseulansrum

159 2101 248 2148 [84].
255 2106 267 2124 ’
310 2103 442 2138 Cicero
467 2104 577 2139 Tusc.
603 2105 696 2148 disp.
722 2105 778 2138 ΙΙΙ
803 2106 866 2146 22,
892 2106 936 2138 53
961 2105 1021 2137 ‘hi
1045 2107 1220 2148 poterant
1245 2115 1368 2138 omnes
1394 2105 1522 2138 eadem
1546 2104 1613 2138 ills
1637 2104 1696 2137 de’

158 2154 293 2192 (quae
318 2149 512 2184 Dobraeus
537 2149 691 2184 Aduers.
714 2151 750 2184 11
776 2151 859 2185 373:
885 2150 951 2184 sed
975 2154 1075 2184 reete
1101 2150 1261 2184 contulit
1285 2151 1455 2184 Baiterus
1485 2150 1529 2183 de
1555 2150 1617 2184 off.
1641 2151 1697 2184 111

244 2300 296 2338 76
318 2300 449 2338 auxilio
470 2305 532 2337 aut
552 2299 635 2337 exili
657 2302 810 2349 scripsi.
832 2300 964 2338 auxilio
985 2301 1080 2338 exilii
1098 2302 1195 2351 Req.
1214 2302 1310 2339 Gud.
1329 2302 1461 2340 Bruae.
1483 2299 1581 2348 (exili
1597 2301 1697 2338 Pith.

160 2358 282 2395 Ber-n.
315 2368 401 2395 cum
431 2359 573 2395 ceteris
605 2356 755 2404 Orellii‚
797 2357 1008 2406 Bentleius)
1039 2358 1193 2407 auxilio,
1229 2370 1300 2396 om.
1332 2358 1436 2406 exili,
1469 2359 1577 2396 codd.
1608 2359 1696 2406 aliq.

159 2420 222 2451 aut
251 2414 382 2451 auxilio
413 2412 495 2451 exili
527 2414 570 2451 G.
602 2414 860 2467 Hermannus,
887 2412 1020 2453 Elem.v
1041 2417 1077 2452 d.
1109 2428 1155 2452 m.
1181 2427 1224 2463 p.
1257 2415 1338 2454 205
1371 2416 1476 2463 Epit.
1500 2427 1544 2463 p.
1577 2415 1628 2452 81

159 2471 266 2521 fugae
287 2482 387 2509 unus
410 2470 546 2518 θέωνι,
571 2471 771 2509 Bentleius
800 2471 886 2520 suga
908 2474 1030 2509 ceteri
1046 2473 1137 2510 libri
1166 2472 1263 2522 fugai
1286 2472 1482 2522 Berylcius
1507 2473 1554 2509 de
1575 2482 1696 2509 carm.

161 2527 242 2565 Sal.
271 2539 310 2575 p.
341 2527 421 2575 XI,
460 2530 527 2577 qui
561 2531 758 2566 senarium
785 2531 990 2576 proposuit
1106 2529 1157 2566 77
1196 2541 1313 2566 arcem
1352 2534 1388 2566 et
1430 2528 1553 2565 urbem
1590 2528 1697 2565 orbas

172 2585 289 2622 Vileb.
311 2584 421 2621 Eius.
441 2584 582 2622 Dresd.
614 2587 683 2623 alii
709 2587 746 2622 in
779 2590 880 2623 orat.
911 2591 1035 2623 arcent
1066 2585 1190 2623 urbem
1222 2585 1343 2622 orbam
1365 2587 1523 2623 Abrinc.
1554 2586 1640 2621 ibid.

160 2640 323 2678 accedam
353 2642 444 2678 libri
473 2642 620 2689 optimi,
654 2640 855 2680 Bentleius
884 2642 1038 2679 accidam
1065 2643 1182 2679 Bern.
1205 2644 1239 2679 b.
1263 2654 1382 2690 corn,
1416 2644 1518 2690 uulq.
1544 2642 1696 2679 Cretica

160 2698 264 2735 illius
293 2708 444 2746 quoque
470 2698 625 2746 formae
655 2709 837 2737 mensura
927 2699 979 2737 78
1011 2699 1115 2748 palri'
1147 2700 1349 2736 Bentleius
1439 2699 1490 2735 79
1522 2698 1580 2734 aiii
1608 2699 1700 2735 libri

161 2756 292 2802 optimi
367 2754 423 2793 80
443 2753 579 2803 abieete
602 2755 698 2794 Gud.
721 2755 838 2802 abjete
859 2756 1057 2806 Bergylcius
1077 2757 1240 2804 prem.
1261 2756 1389 2793 Marb.
1411 2755 1515 2793 1851
1535 2766 1579 2802 p.
1603 2754 1699 2792 220.

163 2810 240 2848 Sed
268 2810 324 2859 cf.
355 2811 632 2849 Lachmannus
661 2814 701 2850 in
730 2813 848 2850 Lacr.
881 2813 930 2851 11
953 2813 1031 2851 991
1151 2813 1317 2850 81-88
1350 2814 1496 2849 solutos
1525 2822 1697 2864 ateapaq-

162 2872 239 2905 sios
269 2870 426 2916 aqnouit
457 2869 500 2906 G.
530 2869 784 2908 Hermannus
814 2870 935 2908 Elem.
967 2871 1004 2907 d.
1035 2882 1080 2907 m.
1110 2881 1153 2917 p.
1186 2869 1266 2906 389
1412 2868 1465 2906 83
1497 2867 1698 2905 adstantem

162 2926 292 2971 optimi
319 2924 411 2962 libri
442 2925 555 2963 Tusc.
587 2926 655 2964 111
687 2925 737 2964 19
