1942 3204
825 194 867 227 L.
893 192 1068 227 ATT1vs
1633 192 1711 234 147

861 298 924 342 IV
979 300 1006 341 8

294 375 377 420 Sed
409 376 622 432 quaenam
654 375 761 418 haec
800 297 976 419 mulier(
992 297 1059 419 gst
1088 375 1269 419 'funesta
1307 377 1444 432 ueste,
1480 379 1610 419 tonsu
1651 377 1713 419 111-

1246 454 1403 510 gubri?

875 513 915 557 V
973 515 993 556 l

295 626 303 635 .
348 590 388 634 ss
417 591 522 634 satis
553 593 667 634 recte
700 594 776 634 aut
806 592 910 634 uera
941 511 1109 634 §agione
1141 594 1349 648 augurem

860 669 923 713 VI
956 668 1023 727 (9)

293 747 457 790 Tamen
487 748 531 789 et
550 749 742 791 staturae
762 747 1020 804 graieilitudo
1041 747 1353 804 pr6pemodum
1373 751 1416 790 et
1434 748 1576 790 luctus
1598 747 1715 803 facit,

292 825 359 869 Ne
391 825 596 868 dubitem.

851 903 937 947 VII
970 902 1038 962 (6)

202 982 261 1023 90
291 979 411 1033 Qm'n,
439 996 581 1023 meum
613 981 780 1024 sem'um
812 985 908 1024 etim
941 982 1089 1026 dolore
1122 984 1197 1025 tuo
1231 983 1491 1040 coniungam
1525 985 1568 1025 et
1600 984 1712 1025 edm-

1247 1077 1395 1118 parem

891 1139 1002 1183 VIII

291 1216 604 1259 Pertolerarem
636 1215 773 1259 ustam
806 1217 1033 1274 cladesque
1066 1218 1335 1261 exanclarem
1367 1218 1618 1274 inp6tibilis.

860 1295 924 1338 IX
958 1294 1026 1353 (3)

292 1372 407 1416 Cedo
439 1373 542 1428 quid
574 1373 612 1415 ei
644 1365 890 1416 redh6stis‘?
921 1376 1014 1416 tun]
1034 1372 1254 1417 ›Comaeto
1288 1375 1454 1417 obbitet
1484 1374 1654 1417 faieilius

263 1479 314 1513 IV
337 1479 430 1513 Non.
464 1482 547 1523 179,
582 1482 624 1514 18
655 1483 835 1514 ‘tonsus
867 1491 930 1524 pro
955 1483 1108 1515 tonsura
1241 1481 1373 1515 Accius
1404 1481 1706 1523 Amfitryone:

172 1524 259 1566 sed’
293 1535 327 1558 e.
353 1535 386 1568 q.
411 1536 440 1558 s.
557 1526 588 1558 V
612 1526 705 1559 Non.
728 1527 813 1569 409,
840 1529 861 1559 3
894 1529 1101 1570 ‘aug-uro.
1138 1527 1273 1561 Accius
1299 1528 1488 1561 Oenomao
1520 1553 1527 1561 .
1550 1552 1559 1560 .
1579 1551 1586 1559 .
1618 1525 1713 1559 idem

172 1570 457 1613 Amfitryone
486 1574 560 1604 ...’
599 1571 810 1615 (augurio
927 1573 1205 1606 Amfitrione
1230 1571 1375 1616 Bamb.)
1446 1574 1498 1607 VI
1523 1573 1615 1607 Non.
1635 1573 1713 1610 116,

172 1617 193 1647 2
225 1616 531 1659 ‘graeilitudo
563 1620 601 1650 et
632 1617 819 1659 gracilens
851 1628 915 1661 pro
947 1618 1099 1661 gracilis
1136 1643 1144 1651 .
1165 1642 1202 1652 ..
1240 1619 1374 1652 Accius
1405 1619 1712 1661 Amfitryone:

173 1663 320 1694 tnmen'
346 1672 377 1696 e.
405 1672 438 1704 q.
465 1672 493 1695 s.
587 1662 656 1695 vn
680 1662 774 1698 Non.
798 1664 878 1705 255,
903 1664 946 1696 29
972 1666 1255 1707 ‘comparare
1283 1668 1342 1697 est
1365 1665 1530 1706 sociare,
1558 1663 1711 1696 coniun-

173 1716 271 1748 gere.
314 1707 447 1740 Accius
471 1708 508 1741 in
527 1707 828 1750 Amfitryone:
854 1709 963 1751 quin’
989 1719 1019 1742 e.
1044 1719 1075 1752 q.
1101 1719 1131 1744 Β.
1224 1709 1314 1743 VIII
1338 1710 1430 1743 Non.
1449 1711 1528 1750 292,
1547 1711 1589 1742 12
1621 1711 1713 1741 ‘ex-

174 1752 364 1785 anclare
391 1753 498 1786 etiam
524 1753 713 1797 signifieat
738 1754 881 1797 perpeti
904 1779 912 1787 .
933 1779 941 1788 .
961 1779 969 1787 .
994 1754 1127 1788 Accius
1152 1755 1330 1788 Diomede
1354 1781 1363 1788 .
1385 1780 1392 1788 .
1413 1780 1421 1788 .
1451 1755 1547 1787 idem
1574 1755 1646 1786 Am
1658 1754 1735 1787 fi-x

172 1800 332 1840 tryone
357 1801 434 1832 ...²
473 1799 582 1832 Hunc
605 1799 726 1832 locum
750 1799 879 1832 Plauti
905 1800 1161 1843 Amphitruoni
1186 1801 1235 1833 1v
1260 1802 1297 1839 2,
1325 1802 1368 1834 14
1398 1801 1555 1834 inseruit
1580 1810 1712 1843 suppo-

173 1843 326 1876 sitarum
351 1853 569 1878 scaenarum
597 1847 727 1878 auctor
796 1845 847 1878 IX
873 1846 1009 1878 Festus
1035 1856 1071 1888 p.
1089 1847 1155 1879 270
1170 1845 1219 1878 M.
1246 1846 1546 1887 ‘redhostire,
1572 1845 1711 1878 referre

172 1889 331 1932 gratiam
355 1907 399 1913 —
422 1906 468 1914 -
498 1890 631 1923 Accius
662 1891 699 1923 in
725 1890 1069 1934 Amphitryone:
1101 1891 1213 1924 oedo’
1247 1902 1278 1924 e.
1304 1902 1336 1934 q.
1364 1902 1391 1926 s.
1439 1892 1530 1926 Non.
1559 1893 1640 1929 165,
1665 1892 1713 1923 20

173 1934 408 1972 ‘redostit.
432 1935 565 1970 reddit.
602 1936 738 1970 Accius
763 1936 1070 1978 Amfitryone:
1096 1937 1206 1980 quid’
1232 1948 1264 1970 e.
1291 1948 1324 1980 q.
1351 1948 1368 1970 s

172 2057 349 2094 intellexi
369 2056 587 2104 Geppertus
605 2058 630 2093 l.
653 2058 679 2094 l.
707 2056 801 2103 113,
832 2059 907 2094 nisi
925 2058 1028 2105 quod
1045 2057 1108 2094 laic
1130 2062 1271 2094 temere
1302 2058 1414 2094 mauis
1444 2062 1561 2094 aetate
1583 2061 1710 2093 trans·

172 2115 266 2160 poni
283 2114 399 2151 iubet.
472 2113 526 2152 86
548 2113 678 2150 mulier
698 2119 753 2150 est
775 2114 929 2151 Vossius
949 2118 1006 2150 est
1027 2113 1157 2150 mulier
1175 2115 1266 2151 libri
1339 2114 1481 2151 funesta
1503 2115 1586 2151 edd.
1609 2113 1712 2150 sune-

172 2163 259 2206 stat'
274 2171 367 2208 libri
394 2170 575 2207 funestast
604 2170 648 2207 L.
671 2170 844 2215 Mueller⁸
868 2172 915 2208 cle
946 2181 990 2208 re
1021 2183 1069 2208 m.
1093 2170 1146 2208 38
1178 2171 1385 2208 trochaeos
1414 2172 1625 2208 dimetiens.

172 2225 225 2263 87
257 2228 286 2264 si
318 2231 416 2264 reete
437 2227 523 2264 satis
557 2227 711 2264 Vossius
741 2229 827 2264 satis
857 2228 1006 2264 sirecte
1028 2227 1192 2265 Bollaius
1222 2227 1291 2264 nisi
1319 2229 1407 2264 satis
1430 2228 1708 2264 Bueclaelerus.

176 2280 307 2321 Conici
322 2288 486 2332 praeter
507 2285 586 2321 alia
607 2284 684 2321 nesi
706 2284 738 2321 si
758 2285 845 2322 satis
867 2286 931 2322 uel
951 2295 1010 2332 ue,
1032 2283 1062 2321 si
1083 2296 1115 2321 s,
1138 2286 1198 2321 uel
1219 2285 1249 2321 si
1270 2284 1367 2332 (nisi)
1388 2285 1441 2322 sic
1460 2297 1489 2321 s.
1510 2289 1638 2332 polest

174 2349 239 2375 uer
268 2341 407 2378 ratione
431 2341 566 2378 Bamb.
668 2351 843 2390 augurem
865 2342 923 2378 ed.
944 2354 1007 2390 pr.
1031 2352 1189 2390 augurer
1208 2342 1300 2379 libri
1317 2347 1497 2390 augurem
1518 2343 1575 2378 ed.
1602 2339 1711 2378 1480

258 2397 312 2435 88
335 2388 463 2434 tamen’
475 2401 512 2434 et
541 2402 702 2435 staturae
725 2398 954 2436 Gebhardus
974 2399 1062 2436 Ant.
1086 2398 1191 2435 Lect.
1217 2398 1242 2435 I
1259 2398 1283 2435 5
1316 2403 1433 2435 tamen
1456 2403 1492 2435 et
1513 2403 1652 2435 statuae
1674 2403 1710 2433 et

172 2453 263 2492 libri
289 2460 405 2492 tamen
435 2455 502 2491 ista
531 2458 592 2491 tua
613 2453 752 2492 Iunius
771 2460 889 2492 tamen
910 2456 980 2493 etsi
1002 2460 1061 2492 tua
1087 2454 1240 2492 Vossius
1267 2456 1385 2492 tumen
1415 2461 1451 2492 et
1472 2460 1587 2492 status
1608 2456 1706 2491 conl.

176 2512 252 2547 inc.
270 2511 354 2559 sab.
373 2511 492 2548 XLII
518 2512 712 2549 Vsenerus
784 2512 1045 2561 propemodum
1064 2511 1219 2549 Grotius
1239 2518 1275 2549 et
1297 2511 1559 2560 propemodum
1578 2512 1670 2548 libri

174 2566 227 2605 92
248 2567 338 2605 cedo
360 2579 432 2606 om.
450 2568 600 2606 Nonius
676 2568 761 2617 quid
784 2570 815 2606 ei
844 2571 908 2606 uel
939 2569 1021 2606 huic
1051 2580 1157 2606 nunc
1188 2571 1356 2614 conieci,
1388 2568 1473 2617 quid
1496 2569 1579 2604 mihi
1609 2569 1707 2605 olim.

174 2623 260 2672 quid
283 2625 341 2662 hic
363 2625 509 2663 Nonius
537 2624 667 2674 ecquid
696 2630 731 2662 te
752 2626 912 2673 Festus,
943 2626 996 2663 II.
1020 2626 1170 2663 Keilius
1197 2626 1296 2663 Mus.
1327 2626 1453 2662 Rleen.
1489 2625 1539 2660 VI
1561 2636 1603 2671 p.
1627 2622 1707 2660 624

173 2681 303 2729 ecquid
325 2681 384 2719 hio
399 2681 563 2720 Bolhius
627 2681 834 2719 redhostis?
857 2688 932 2719 tum
953 2683 1122 2720 comneno
1139 2685 1282 2730 scripsi
1300 2682 1454 2718 redostit
1477 2682 1567 2716 uiam
1589 2691 1708 2716 come-

175 2742 246 2774 lem
264 2737 380 2776 Nonii
395 2739 487 2776 libri
504 2738 668 2776 redhosti
688 2739 792 2776 titum
814 2750 895 2776 eum
917 2749 976 2776 eas
996 2750 1073 2776 sem
1089 2740 1171 2777 cod.
1189 2740 1298 2776 Festi
1313 2743 1406 2775 teste
1426 2737 1612 2773 ILKeilio
1627 2738 1706 2783 1.1‚‚

173 2795 211 2830 in
233 2795 371 2842 quibus
390 2796 478 2833 uide
499 2807 550 2833 cm
570 2796 670 2832 haec
691 2795 900 2832 redhostis?
925 2802 999 2832 [um
1020 2797 1088 2832 iam
1110 2795 1187 2842 (uel
1208 2806 1288 2832 eum
1311 2796 1372 2832 uel
1393 2792 1484 2839 eam)
1507 2792 1629 2829 sacsim
1649 2795 1706 2830 Ια-

175 2855 295 2887 teum.
325 2851 512 2899 redhosti‚
541 2863 621 2890 cum
644 2863 684 2888 ea
705 2853 782 2890 seni
805 2852 983 2901 Scaevyer
1002 2852 1204 2898 ruinosum,
1229 2857 1267 2887 ut
1288 2861 1368 2887 cum
1390 2861 1429 2886 ea
1450 2861 1489 2886 se
1510 2850 1555 2886 A.
1577 2851 1704 2897 Anqu-

175 2909 315 2949 slinus.
339 2908 494 2946 Vossius
522 2908 728 2946 redhostit?
756 2921 800 2945 an
832 2920 904 2957 quo
926 2920 982 2946 me
1004 2909 1208 2945 Met-cerus
1228 2907 1430 2944 redhostit?
1460 2907 1591 2943 iterum
1621 2917 1706 2943 cura

1352 2982 1419 3018 10*
