1942 3204
813 233 856 275 Q.
883 233 1066 268 Eumvs
1653 233 1710 277 ‘13

709 322 901 383 XLvm
933 336 1082 397 (xm.
1115 338 1163 398 3)

287 416 479 461 Vocibus
510 416 707 460 concide:
739 417 850 460 saxis
883 452 892 460 .
925 452 934 461 .
965 419 1130 461 musset
1160 418 1354 461 obrutus.

595 500 739 545 XLIX
772 501 834 559 (L.
867 502 926 546 32
956 502 1039 546 inc.
1070 516 1178 546 com.
1214 500 1288 559 13)

286 578 356 623 Ad
389 594 487 623 eum
519 579 751 623 aditauere.

808 657 844 701 L
877 655 955 716 (LI.
988 656 1066 717 59)

168 735 256 779 395
289 769 298 779 .
332 770 341 778 .
374 770 382 778 .
416 770 424 778 .
456 734 664 779 festiuum
693 735 907 780 festinant
937 736 1062 780 diem.

789 813 849 856 LI
881 812 982 872 (LII.
1015 814 1093 873 69)

288 925 462 934 .....
495 892 651 935 cubitis
682 891 908 949 pinsibant
936 892 1128 936 humum.

770 969 853 1014 LII
884 968 1000 1029 (Lm.
1032 969 1110 1029 35)

286 1081 587 1092 ........
619 1045 912 1105 imprimjtque
944 1050 1084 1107 genae
1114 1063 1283 1107 genam.

802 1126 906 1170 LIII
938 1125 1061 1186 (ΒΝ)

287 1201 433 1263 [Nam]
455 1204 674 1248 flammam
705 1205 877 1262 sapiens
901 1206 1072 1250 facilius
1105 1207 1178 1250 6re
1209 1206 1255 1249 in
1281 1206 1458 1250 ardente
1490 1206 1709 1263 6pprimit,

284 1281 423 1334 Quam
454 1283 571 1326 bona
602 1282 717 1326 dicta
747 1285 906 1328 teneat.

812 1361 915 1406 LIV
947 1360 1055 1421 (LV)

165 1439 254 1483 400
286 1437 502 1496 Quiquam
534 1439 763 1497 quisquam
807 1439 1039 1498 qul'cquam
1076 1456 1340 1499 quemquam
1379 1440 1567 1498 quidque
1606 1455 1705 1484 con·

1022 1520 1172 1563 ueniat
1202 1519 1364 1577 neget?

164 1625 283 1658 nebus
306 1624 398 1660 Adu.
424 1625 552 1660 XXIII
577 1628 620 1661 16
644 1626 918 1661 Varronemdde
943 1637 982 1661 re
1007 1630 1096 1662 rust.
1119 1628 1176 1662 111
1199 1629 1240 1671 9,
1267 1629 1309 1662 19
1334 1627 1448 1671 ‘quod
1475 1627 1639 1672 antiqui,
1664 1629 1706 1660 ut

167 1670 305 1704 Thetin
328 1670 503 1704 Thelim
529 1671 725 1714 dicebant,
757 1673 813 1706 sic
835 1672 1018 1706 Medicam
1042 1673 1214 1707 Melicam
1238 1675 1451 1708 uocabant)
1549 1672 1706 1707 XLVIII

163 1715 280 1750 Varro
303 1715 350 1750 de
374 1716 399 1752 1.
426 1717 470 1750 L.
494 1717 565 1751 VII
590 1719 653 1752 101
671 1719 721 1753 Μ.
748 1718 868 1762 ‘apud
892 1719 1070 1755 Ennium:
1095 1719 1271 1754 uocibus’
1297 1730 1329 1756 e.
1354 1730 1387 1763 q.
1415 1729 1445 1753 s.
1478 1722 1703 1752 ‘mussare

164 1761 321 1804 dictum,
355 1762 450 1805 quod
473 1763 567 1796 muti
591 1774 663 1798 non
689 1763 847 1807 amplius
873 1774 981 1807 quam
1006 1763 1058 1808 μῦ
1085 1765 1238 1801 dicunt.’
1288 1765 1348 1800 Cf.
1375 1765 1525 1799 Seruius
1549 1765 1588 1798 in
1611 1766 1703 1799 Aen.

162 1806 235 1841 XII
250 1808 316 1842 657
342 1808 500 1842 ‘Ennius
524 1819 728 1843 mussare
753 1820 819 1853 pro
842 1812 969 1844 tacere
987 1811 1142 1854 posuit.’
1196 1810 1316 1844 XLIX
1334 1810 1534 1844 Diomedes
1550 1811 1569 1843 I
1587 1821 1620 1853 p.
1637 1810 1704 1844 336

163 1854 206 1887 Ρ.
244 1853 354 1886 ‘item
379 1853 472 1888 adeo
498 1853 590 1888 adis.
631 1855 700 1888 hoc
715 1855 893 1889 iteramus
919 1855 1044 1890 adito
1070 1856 1195 1890 aditas
1220 1856 1457 1898 dictitantes,
1482 1859 1525 1889 ut
1541 1856 1702 1889 Ennius:

164 1898 212 1932 ad
238 1909 320 1932 eum
344 1899 565 1934 aditauere.'
682 1901 713 1934 L
739 1900 888 1935 Seruius
918 1901 956 1934 in
981 1902 1072 1935 Aen.
1098 1902 1153 1935 IX
1176 1903 1242 1943 401
1276 1902 1450 1945 ‘antique
1483 1904 1703 1945 properet

163 1947 334 1989 mortem,
365 1947 408 1979 ut
428 1945 605 1980 Plautus:
637 1957 833 1990 properare
858 1947 1066 1990 prandium3
1093 1948 1252 1981 Ennius:
1279 1947 1454 1981 festiuum
1479 1947 1506 1980 f.
1533 1947 1584 1980 d.’
1617 1947 1704 1980 Phi·

162 1990 348 2034 largyrius
371 1991 410 2024 in
434 1991 500 2027 Ge.
526 1992 578 2026 1v
604 1993 669 2026 170
700 1992 877 2026 ‘fulmina
909 1996 1156 2037 properant
1186 1996 1335 2027 uetuste
1361 1994 1430 2032 ait,
1463 1996 1505 2026 ut
1527 1993 1701 2026 Plautus:

163 2038 363 2079 properant
395 2036 606 2080 prandium,
639 2041 678 2071 et
700 2038 860 2071 Ennius:
899 2039 1132 2073 festinant
1161 2039 1284 2074 diem!
1333 2038 1393 2072 cf.
1420 2038 1539 2074 Gloss.
1564 2038 1703 2073 Labb.:

163 2081 326 2116 ‘festino
349 2075 539 2125 ἕορτοὶζω)
609 2083 660 2117 LI
685 2083 801 2117 Varro
827 2083 871 2118 de
896 2084 921 2119 1.
940 2085 982 2118 L.
1001 2086 1033 2119 V
1058 2086 1102 2119 23
1126 2086 1176 2119 Μ.
1203 2087 1325 2118 ‘terra
1348 2087 1390 2118 ut
1414 2087 1549 2128 putant
1573 2084 1703 2117 eadem

163 2130 201 2160 et
224 2127 402 2161 humusz
433 2127 519 2163 ideo
543 2129 703 2162 Ennium
727 2130 767 2162 in
791 2132 927 2164 terram
952 2130 1118 2164 cadentis
1143 2130 1267 2164 dicere
1292 2155 1322 2165 ..
1338 2133 1367 2164 .'
1409 2130 1457 2164 cf.
1482 2130 1704 2173 Hartungus

162 2173 289 2216 Eurip.
314 2176 402 2207 rest.
419 2173 457 2208 11
473 2175 517 2208 53
594 2174 664 2208 LII
689 2174 841 2209 Seruius
865 2176 903 2209 in
926 2174 1020 2212 Aen.
1038 2178 1071 2211 V
1087 2177 1154 2210 686
1180 2176 1344 2210 ‘Ennius
1368 2175 1418 2209 de
1443 2175 1702 2209 dormiente

170 2243 178 2251 .
245 2221 255 2237 ’
348 2219 438 2254 LIII
463 2219 593 2254 Cicero
619 2219 663 2254 de
689 2223 782 2256 orat.
805 2221 842 2255 11
868 2222 928 2263 54,
954 2223 1021 2255 222
1048 2221 1166 2266 ‘quod
1192 2224 1250 2255 est
1274 2221 1483 2255 hominibus
1506 2221 1639 2255 facetis
1660 2224 1703 2254 ‘et

163 2263 355 2298 dicacibus
385 2264 659 2308 difficillimum,
691 2266 831 2300 habere
862 2267 1047 2301 hominum
1077 2268 1261 2301 rationem
1293 2271 1331 2301 et
1363 2270 1568 2310 temporum
1593 2270 1632 2300 et
1657 2277 1703 2299 ea

164 2319 258 2353 quae
289 2314 500 2352 occurrant,
530 2322 612 2345 cum
641 2311 845 2346 salsissime
876 2312 951 2347 dici
981 2315 1142 2357 possint,
1172 2318 1310 2347 tenere.
1363 2312 1496 2356 Itaque
1535 2311 1702 2346 nonnulli

163 2354 313 2388 ridiculi
343 2355 508 2390 homines
539 2356 607 2391 hoc
638 2358 757 2401 ipsum
786 2368 860 2392 non
884 2358 1025 2392 insulse
1056 2360 1350 2403 interpretantur
1380 2358 1504 2392 dicere
1530 2359 1701 2397 Ennium,

163 2400 383 2435 flammam
414 2412 437 2435 a
468 2403 678 2446 sapiente
705 2403 896 2438 facilius
922 2415 995 2438 ore
1022 2406 1067 2438 in
1098 2404 1295 2438 ardente
1329 2405 1539 2448 opprimi,
1573 2414 1701 2447 quam

162 2446 197 2480 b.
222 2445 256 2480 d,
283 2449 328 2479 t.:
352 2447 443 2480 haec
466 2447 611 2482 scilicet
634 2448 732 2482 bona
757 2449 880 2491 dicta,
908 2460 1002 2494 quae
1027 2450 1127 2484 salsa
1143 2451 1245 2484 sint.'
1275 2447 1486 2493 (Ennium
1504 2460 1573 2483 om.
1593 2449 1699 2484 Voss.

162 2491 271 2528 Leid.
307 2493 686 2537 interpretantur
721 2494 876 2529 dicere
913 2496 1103 2529 Ennium
1133 2496 1284 2530 Bakius.
1325 2495 1700 2539 interpretantur.

279 2613 360 2651 393
393 2613 482 2651 saxis
512 2611 671 2666 mussct]
703 2614 854 2653 facimus
884 2621 921 2653 et
950 2616 1060 2654 Flor.
1091 2628 1178 2654 cum
1198 2617 1307 2654 libris
1321 2618 1522 2664 plerisque
1552 2615 1699 2651 facimus

163 2675 300 2707 musset
325 2671 494 2708 Tur-nebi
520 2672 602 2710 cod.
635 2671 711 2710 sace
732 2679 871 2710 musset
895 2673 1097 2711 Turnebus
1118 2675 1174 2710 sac
1203 2674 1231 2710 is
1261 2678 1398 2709 musset
1422 2672 1464 2710 0.
1485 2672 1700 2709 Muellerus

162 2727 211 2764 In
240 2729 387 2765 lacuna
418 2727 508 2765 sama
538 2731 716 2777 suppleri
744 2731 866 2767 uelim.
1005 2730 1086 2768 395
1118 2730 1364 2778 festiuumque
1401 2729 1494 2766 diem
1526 2727 1700 2765 sestiuant

163 2784 319 2822 Merula
463 2784 545 2824 396
575 2785 765 2835 pinsebant
796 2787 905 2824 Goth.
939 2787 995 2835 cf.
1027 2789 1159 2825 annal.
1192 2786 1274 2824 354
1418 2784 1498 2822 397
1542 2785 1700 2822 Videtur

163 2841 362 2878 delendum
383 2852 468 2880 esse
498 2853 570 2892 quc
657 2842 738 2881 398
770 2854 849 2880 nam
873 2855 942 2881 om.
968 2844 1102 2882 Cicero
1189 2844 1389 2880 Inde'recta
1421 2844 1596 2878 orate'one
1626 2844 1697 2879 uti·

166 2901 231 2934 tur
261 2897 394 2936 Cicero
509 2898 594 2938 400
624 2901 812 2949 quisquam
845 2902 1035 2949 quicquam
1068 2911 1271 2950 quanquam
1310 2909 1513 2948 quenquam
1545 2899 1699 2947 quisque

166 2954 360 2991 conueniat
405 2954 527 3004 Opitz.
583 2956 772 3005 quicquam
817 2957 1006 3006 quisquam
1049 2967 1263 3006 quemquam
1309 2955 1462 3004 quisque
1506 2956 1699 2992 conueniet
