1942 3204
828 224 871 260 L.
898 223 1074 259 Ar‘rws
1635 221 1716 266 193

723 329 830 373 xm
863 301 1067 388 (Maeag.
1102 327 1175 387 14)

296 406 484 463 Regina,
503 407 642 450 aderit
660 408 843 464 tempuS,
863 411 961 452 etim
979 408 1075 451 hice
1093 407 1238 464 torris,
1257 421 1384 463 quem
1404 406 1578 450 amburi
1596 407 1716 450 uides

785 525 1113 570 MELEAGER

869 616 891 659 I
924 614 1021 675 (12)

176 694 266 738 440
297 728 306 738 .
339 729 348 737 .
380 728 390 738 .
420 694 560 751 frugis
590 694 793 750 prohibet
823 694 1197 752 pergrandescere.

877 789 923 833 Π
954 788 1022 848 (1)

296 868 472 926 Vagent
502 870 731 924 ruspantes
763 865 916 925 sssuas‚
948 869 1164 912 sectantes
1194 868 1309 910 feras

843 963 911 1006 ΙΠ
942 961 1040 1022 (10)

296 1042 435 1093 Quam
466 1040 608 1084 inusta
639 1042 868 1097 ancillans,
899 1040 1018 1085 dieto
1051 1042 1284 1085 oboediens
1315 1042 1399 1084 uiri

844 1137 909 1180 IV
941 1135 1040 1196 (16)

295 1214 438 1274 Frigit
468 1231 572 1273 aper
603 1216 745 1259 saetas
777 1215 934 1258 rubore
965 1231 1018 1258 ex
1049 1216 1185 1259 6eulis
1215 1216 1390 1272 fulgens
1422 1216 1633 1259 flammeo.

877 1311 919 1354 V
952 1309 1020 1369 (3)

297 1389 498 1433 Gaudent
541 1391 724 1433 eun-unt
761 1389 999 1451 celebrant,
1041 1389 1222 1432 herbam
1266 1390 1497 1433 conferunt
1540 1390 1718 1446 donant,

1247 1470 1401 1510 tenent

176 1546 265 1590 445
294 1546 380 1590 Pr6
413 1561 458 1589 se
490 1546 670 1602 quisque
702 1549 800 1589 etim
831 1559 994 1588 corona
1025 1545 1188 1588 clarum
1221 1501 1419 1588 conestzil:
1449 1549 1591 1602 eaput.

283 1653 373 1687 XIII
396 1653 490 1686 Non.
518 1655 577 1691 15,
602 1654 647 1686 29
680 1653 842 1686 ‘torris
871 1652 1008 1686 dicitur
1038 1652 1249 1689 faxz‘unde
1279 1656 1318 1686 et
1347 1652 1530 1687 torridare
1562 1653 1715 1686 dicimus

177 1700 402 1735 comburere.
441 1698 576 1732 Accius
601 1698 879 1742 Menalip'po:
912 1699 1073 1742 regina
1104 1723 1112 1731 .
1132 1724 1140 1732 .
1161 1723 1169 1732 .
1200 1698 1342 1732 uides.
1390 1698 1494 1731 Idem
1525 1698 1715 1742 Meleagro

181 1771 212 1779 ..
227 1748 257 1779 .’
282 1743 435 1787 (uides
458 1743 694 1787 Maloagro
719 1742 840 1787 Leid.)
905 1743 1188 1786 Adiungendum
1214 1744 1374 1777 fortasse
1399 1744 1472 1776 inc.
1491 1745 1563 1777 inc.
1583 1744 1660 1780 fab.
1679 1745 1715 1777 11

288 1790 504 1823 Mannaoan
529 1789 547 1822 I
571 1789 664 1825 Non.
692 1791 774 1830 115,
802 1791 844 1823 10
868 1789 1106 1832 ‘grandIre
1132 1792 1190 1822 est
1214 1789 1392 1832 grandem
1418 1790 1544 1823 facere
1568 1793 1644 1823 ...’

176 1836 210 1869 11
235 1836 328 1869 Non.
356 1836 432 1878 166,
457 1836 502 1869 20
527 1835 731 1878 ‘ruspari
757 1838 815 1868 est
839 1835 1000 1868 serutari
1023 1860 1053 1870 ..
1069 1860 1078 1869 .
1098 1835 1236 1869 Accius
1261 1836 1508 1878 Nyctegresia
1532 1860 1562 1868 ..
1578 1861 1587 1869 .
1620 1836 1723 1868 idem'

175 1881 365 1925 Meleagro
388 1883 463 1915 ,..’
571 1880 628 1914 111
653 1881 746 1914 Non.
773 1882 831 1919 72,
857 1882 879 1913 2
905 1880 1216 1913 ‘ancillantur
1240 1890 1306 1924 pro
1331 1881 1499 1914 seruiunt
1523 1907 1526 1911 ,
1547 1883 1600 1913 ..’

176 1927 226 1959 lV
249 1926 342 1961 Non.
367 1927 451 1964 308,
469 1927 491 1959 9
516 1926 676 1969 ‘frigit
701 1929 873 1970 correpta
897 1926 1016 1969 prima
1041 1925 1189 1969 syllaba
1214 1925 1401 1970 significat
1426 1927 1548 1969 erigit.
1578 1927 1715 1959 Accius

177 1971 360 2016 Meleagro
388 1970 527 2016 [xvn]
551 1971 650 2005 idem
675 1972 713 2004 in
739 1971 866 2005 eadem
887 1969 998 2016 [IV].’
1081 1972 1111 2004 V
1134 1971 1226 2007 Non.
1252 1973 1332 2013 317,
1361 1973 1401 2004 15
1427 1971 1628 2005 ‘herbam
1652 1983 1714 2005 ue-

174 2022 272 2051 teres
299 2018 459 2062 palmam
483 2016 544 2051 uel
569 2017 765 2051 uictoriam
791 2017 864 2050 dici
889 2017 1021 2051 uolunt
1043 2019 1121 2051 ...’

175 2149 288 2187 graue
313 2138 514 2175 Turnebus
534 2138 631 2175 Adu.
654 2138 764 2176 XIII
783 2137 836 2176 25
858 2137 1032 2188 grandem
1054 2143 1092 2175 et
1112 2149 1263 2191 grauem
1285 2139 1368 2175 cod.
1458 2137 1540 2175 439
1572 2138 1712 2187 regina,

175 2194 289 2232 aderit
324 2195 587 2232 Buechelerus
617 2194 713 2245 (ipse
742 2196 888 2244 regina,
929 2194 1015 2232 olim
1052 2194 1167 2232 aderit
1198 2194 1451 2243 scripseram)
1488 2196 1614 2244 regina
1645 2197 1711 2231 erit

173 2252 267 2288 libri
295 2262 316 2287 o
339 2253 477 2301 regina,
508 2253 577 2289 erit
598 2253 794 2301 Rerykius
814 2252 915 2290 Mus.
939 2252 1064 2290 Rhen.
1098 2252 1206 2289 1835
1227 2264 1270 2300 p.
1292 2251 1360 2299 86,
1394 2264 1468 2289 non
1491 2254 1603 2288 male.
1636 2253 1712 2300 regi

173 2319 326 2356 namque
355 2309 424 2345 erit
446 2309 609 2346 Boehius
637 2310 701 2347 laic
729 2311 927 2347 senarium
940 2310 1149 2346 claudens.
1182 2310 1330 2358 regina,
1361 2309 1451 2345 escit
1482 2309 1524 2345 L.
1548 2308 1714 2346 Mueller

175 2366 221 2401 de
251 2375 296 2402 re
325 2377 372 2402 m.
395 2364 475 2401 441
583 2377 664 2403 cum
692 2366 748 2403 hic
780 2367 890 2403 torris
918 2366 1010 2404 libri
1039 2366 1137 2415 quod
1169 2366 1292 2403 huicce
1323 2367 1414 2402 torri
1451 2366 1610 2402 Bothius

173 2425 233 2458 An
265 2421 409 2458 ton-us?
495 2420 581 2461 440
611 2422 729 2472 frugis
759 2424 850 2461 libri
878 2423 932 2471 cf.
965 2423 1242 2461 Lachmannus
1270 2425 1310 2460 in
1342 2424 1460 2460 Lacr.
1483 2423 1505 2459 1
1527 2421 1602 2459 744
1640 2423 1714 2459 sru-

175 2490 240 2527 ges
260 2479 400 2515 Aldina
489 2478 571 2515 441
603 2485 794 2530 rospautes
815 2480 920 2517 Leid.
1009 2485 1191 2518 sectantes
1212 2491 1279 2517 ms.
1303 2480 1443 2526 Fabri,
1466 2479 1604 2517 Iunius
1634 2490 1713 2516 sex-

176 2540 303 2571 tamtes
335 2537 459 2572 ceteri·
489 2537 581 2573 libri
707 2537 790 2574 443
822 2537 933 2586 friget
962 2537 1092 2575 Palat.
1131 2537 1239 2586 erigit
1272 2542 1361 2584 post
1397 2537 1629 2583 Schoppium
1666 2537 1713 2571 de

175 2596 262 2628 arte
282 2595 368 2632 crit.
399 2592 464 2631 40.
490 2591 544 2630 47
578 2593 847 2631 Buechelerus
875 2604 970 2630 mus.
991 2594 1116 2631 Rhea.
1143 2593 1249 2631 XIV
1272 2593 1354 2630 445
1480 2605 1565 2641 aper
1595 2599 1711 2628 saetas

175 2651 318 2696 scripsi
346 2656 463 2686 aestas
493 2650 584 2687 libri
609 2652 788 2699 plerique
817 2655 970 2687 extuans
990 2651 1120 2688 Palat.
1152 2657 1269 2687 saetas
1295 2651 1561 2687 Buechelerus
1591 2654 1712 2685 aestus

177 2705 384 2743 Gulielmus
413 2708 451 2743 in
483 2706 593 2755 Capl.
615 2718 705 2755 cap.
728 2708 752 2744 5
783 2714 953 2744 aestuans
975 2707 1204 2745 Gebhardus
1223 2707 1312 2744 Ant.
1332 2708 1436 2743 Leet.
1465 2706 1506 2742 II
1526 2705 1576 2742 24

174 2761 258 2798 444
288 2767 484 2800 conterunt
515 2764 619 2802 Leia.
756 2764 839 2802 445
870 2760 970 2814 eum]
1003 2775 1157 2814 cumque
1192 2765 1310 2801 Bern.
1335 2764 1356 2799 b
1471 2768 1635 2798 conestat
1667 2761 1708 2798 L.

176 2818 342 2856 Mueller
369 2821 416 2857 de
446 2832 491 2857 re
510 2833 557 2858 m.
580 2820 683 2868 253,
711 2826 916 2870 postquam
947 2820 1161 2858 cohonestat
1191 2824 1430 2857 inuenerant.
1465 2824 1607 2854 constat
1632 2818 1710 2855 Ba-

176 2877 235 2912 sil.
258 2876 360 2913 Leid.
392 2877 438 2914 W
466 2883 632 2915 conectat
666 2879 809 2915 Genea.
845 2878 964 2915 Rern.
996 2880 1017 2913 h
1047 2880 1254 2915 circumstat
1288 2877 1415 2912 Palat.
1447 2876 1609 2911 constitit
1641 2887 1709 2913 ms.

177 2933 308 2969 Ouiae.
342 2933 436 2970 Vice.
459 2946 506 2971 m.
526 2945 590 2981 pr.
623 2935 825 2971 conlustrat
858 2935 1036 2983 Scaliyer
1065 2934 1247 2971 connectit
1284 2933 1411 2969 Delrio

246 3003 402 3036 Rmnraex,
422 3003 530 3030 Scaea.
551 3004 658 3038 fragm.
1382 3013 1423 3042 13
