1942 3204
257 193 354 228 LXX
847 189 1195 226 COROLLARIVM

258 300 541 343 Lindemanni
573 300 877 355 coniecturam,
917 300 1007 355 qui,
1045 313 1140 342 cum
1178 300 1261 342 nisi
1299 299 1343 341 in
1381 300 1522 342 codice
1560 302 1691 354 extet,
1727 314 1802 343 ne.

257 374 294 415 si
318 372 524 427 restituit3
556 374 599 414 et
625 371 863 413 addendum
889 373 955 412 est
978 371 1059 412 hoc
1085 370 1324 424 exemplum
1349 370 1427 425 eis,
1459 374 1569 425 quae'
1589 371 1635 412 in
1667 386 1775 426 sym-

258 443 368 485 bolis
401 443 506 484 meis
538 458 577 498 p.
609 443 665 484 46
699 457 758 497 sq.
792 442 842 483 de
874 442 955 484 1100
985 441 1218 497 particulae
1249 455 1299 483 ne
1329 455 1408 482 usu
1441 441 1630 484 disserui.

377 513 602 556 Praeterea
633 528 720 555 non
758 513 981 568 irascetur,
1019 513 1188 568 opinor,
1225 513 1445 555 benivolus
1476 513 1625 567 lector,
1666 514 1779 568 quod

259 585 341 627 duo
372 585 554 640 tragica,
593 584 628 625 si
667 584 730 626 dis
769 584 924 639 placet,
962 583 1099 626 frusta
1137 585 1189 626 ab
1228 584 1376 626 eodem
1413 583 1458 625 L.
1489 583 1694 626 Muellero
1733 583 1777 626 in

259 657 368 698 libro
413 656 463 697 de
508 670 551 697 re
596 671 649 698 m.
688 656 775 698 430
817 657 1058 698 monstrata
1100 655 1268 711 neglexi
1305 671 1313 696 :
1347 669 1447 696 nam
1490 669 1623 696 unum
1666 655 1778 709 quod
1817 670 1823 678 ·

260 727 490 782 Pompeius
521 742 560 781 p.
585 727 666 769 186
686 726 731 769 L.
756 727 837 769 178
858 726 908 768 K.
929 726 1119 768 laudavit
1150 730 1185 770 tc
1215 739 1387 780 quoque,
1410 726 1602 780 peritura
1635 725 1778 776 Thebc,

261 797 397 840 Statio
429 797 560 839 Theb.
584 797 623 839 X
655 798 741 840 594
775 798 952 839 debetur
982 796 1059 853 (‘te
1091 800 1254 853 tamen,
1286 785 1451 852 infelix,
1482 796 1639 852 inquit,
1670 796 1778 852 peri-

258 872 437 924 turaque
469 869 674 925 Thebe’);
713 870 893 911 alterum
931 883 982 910 ex
1013 867 1150 924 Sergii
1188 868 1260 924 qui
1298 868 1451 910 dicitur
1481 868 1779 922 explanatione

259 941 303 982 111
334 939 553 982 Donatum
585 939 666 995 (IV
698 955 738 995 p.
771 940 857 982 510
888 939 976 994 K),
1009 939 1120 994 qnod
1159 940 1218 982 sic
1249 939 1377 981 scribi
1408 939 1543 981 voluit
1579 953 1602 981 o
1638 940 1682 981 di
1717 940 1780 982 in-

259 1011 467 1062 mortales,
517 998 707 1054 dominus
754 1012 824 1054 ille
867 1011 1067 1065 ye‘ntt‘um,
1117 1010 1191 1052 ubi
1239 1010 1322 1065 ipsi
1371 1009 1536 1052 codices
1585 1010 1781 1052 meliores

262 1082 479 1125 Ciceronis
512 1083 671 1125 scilicet
701 1098 779 1138 pro
811 1081 1015 1124 Deiotaro
1052 1082 1122 1137 11,
1155 1081 1209 1124 31
1243 1081 1373 1123 verba
1403 1096 1426 1124 ο
1461 1082 1506 1124 di
1536 1081 1781 1133 inmortales,

262 1153 431 1196 Gnaeus
461 1153 675 1197 Domitius
705 1155 774 1197 ille
804 1155 1036 1208 praestant.

378 1225 487 1266 Item
520 1225 679 1266 frustra
709 1227 945 1280 temptatus
977 1226 1042 1266 est
1071 1223 1302 1266 Frontonis
1334 1224 1379 1265 in
1411 1238 1474 1279 ep.
1507 1223 1560 1265 ad
1590 1222 1646 1265 M.
1679 1221 1781 1265 Cae-

262 1311 399 1338 sarem
435 1295 502 1338 III
545 1295 597 1338 13
635 1311 674 1350 p.
694 1295 766 1338 '51
806 1295 858 1338 N.
903 1295 1020 1337 locus
1049 1311 1058 1337 ε
1085 1295 1217 1337 ‘unde
1255 1294 1450 1350 displicet
1493 1294 1597 1336 mihi
1638 1287 1783 1347 fabula

260 1367 528 1410 histrionibus
570 1367 784 1418 celebrata,
834 1367 907 1408 ubi
951 1381 1100 1408 amans
1145 1368 1360 1408 amantem
1403 1365 1546 1421 puella
1588 1365 1782 1407 iuvenem

261 1440 385 1480 nocte
435 1438 595 1480 lumine
645 1452 821 1480 accenso
873 1440 992 1480 stans
1041 1437 1087 1479 in
1129 1437 1236 1479 turri
1285 1439 1506 1479 natantem
1526 1489 1530 1493 q
1548 1437 1594 1478 in
1642 1443 1778 1479 mare’

263 1508 414 1564 (immo
447 1508 643 1565 ‘marei')
677 1509 928 1564 ‘opperitun
972 1523 1074 1550 nam
1101 1522 1180 1564 ego
1206 1508 1349 1563 potius
1379 1510 1422 1549 te
1454 1522 1645 1563 caruero,
1675 1510 1782 1550 tam-

263 1579 343 1621 etsi
381 1594 524 1621 amore
562 1582 636 1622 tuo
676 1580 820 1635 ardeo,
859 1581 996 1634 potius
1037 1593 1162 1634 quam
1205 1582 1240 1621 te
1277 1580 1335 1622 ad
1369 1578 1440 1621 hoo
1475 1580 1604 1621 noctis
1640 1582 1786 1621 natare

263 1653 424 1693 tantum
446 1651 650 1704 profundi
678 1652 836 1704 patiar.
894 1651 959 1694 Ne
989 1652 1091 1693 luna
1121 1651 1290 1702 occidat,
1326 1664 1377 1692 ne
1407 1653 1546 1693 ventus
1577 1650 1784 1693 Zzwernam

262 1723 494 1773 interemat,
537 1735 588 1764 nc
629 1723 731 1776 quid
771 1723 845 1765 tibi
886 1737 906 1764 e
945 1723 1099 1776 friyore
1140 1722 1386 1776 inplicam,
1428 1735 1479 1763 we
1520 1721 1685 1774 fluctus,
1736 1735 1786 1762 nc

263 1794 407 1844 vadus,
438 1807 489 1835 ne
510 1794 639 1847 piscis
669 1793 811 1847 aliqua
847 1794 999 1836 noxsit:
1037 1793 1142 1835 haec
1179 1793 1314 1834 oratio
1353 1791 1595 1834 amantibus
1634 1791 1804 1846 decuit,⁴

264 1866 307 1905 et
338 1864 489 1906 melior
520 1866 562 1905 et
599 1864 811 1906 salubrior
846 1864 944 1918 fuit,
981 1878 1070 1906 non
1101 1864 1239 1905 alieno
1271 1862 1443 1918 capitali
1479 1862 1666 1917 periculo
1699 1877 1784 1905 sec-

264 1935 346 1976 tari
378 1935 610 1989 voluptatis
647 1949 819 1976 usuram
858 1935 1027 1976 brevem
1067 1949 1114 1976 ac
1151 1933 1484 1989 paenitendam.'
1547 1933 1599 1974 In
1631 1933 1784 1988 quibus

266 2006 394 2047 verba
424 2020 474 2048 ne
511 2006 612 2047 luna
637 2038 645 2046 .
666 2038 675 2046 .
696 2039 705 2047 .
737 2007 873 2048 nooesit
909 2005 1180 2047 distinctione
1218 2004 1360 2046 curavi
1397 2006 1445 2046 ut
1481 2019 1577 2046 cum
1609 2018 1783 2059 sequen-

265 2077 380 2118 tibus
437 2076 770 2131 coniungantur,
823 2090 911 2118 non
966 2090 1061 2118 cum
1118 2076 1476 2118 antecedentibus.
1560 2074 1785 2117 Praeterea

266 2147 381 2189 Maio
433 2147 609 2189 debetur
659 2148 731 2190 tibi
763 2164 773 2190 ε
806 2148 895 2190 00(1.
939 2147 1017 2197 2·sz-
1065 2145 1192 2189 CFW
1211 2146 1416 2189 Muellero
1477 2161 1574 2188 ann.
1622 2146 1784 2201 philoll.

272 2219 381 2261 1866
413 2234 453 2273 p.
485 2219 570 2261 487
605 2233 665 2273 sq.
697 2219 926 2273 inpliciscat
954 2221 997 2260 et
1026 2218 1169 2272 aliqua
1196 2234 1204 2260 :
1231 2217 1320 2260 cod.
1359 2217 1593 2272 inpliciscar
1629 2220 1672 2259 et
1707 2219 1784 2260 ali-

267 2303 356 2343 quo.
424 2289 549 2330 Iubet
585 2303 684 2331 vero
722 2289 835 2331 idem
873 2291 938 2332 ted
971 2289 1043 2332 hoc
1079 2290 1206 2332 noctis
1237 2289 1380 2344 scribi,
1417 2303 1518 2330 nam
1554 2288 1665 2330 inter
1700 2290 1784 2330 tra—

267 2359 443 2414 goediae
484 2359 620 2401 frusta
650 2360 755 2402 haec
793 2360 1034 2415 recipienda
1064 2375 1174 2415 esse,
1217 2375 1312 2402 cum
1349 2358 1577 2401 lenissimis
1615 2359 1784 2414 quibus—

267 2429 365 2471 dam
396 2430 706 2472 mutationibus
739 2429 861 2485 (quas
898 2445 1022 2487 aegre
1053 2431 1143 2473 fero
1170 2431 1282 2486 quod
1306 2445 1394 2472 non
1426 2429 1627 2472 indicavit
1656 2429 1784 2472 homo

268 2499 436 2556 doctus)
462 2499 633 2543 iambici
660 2501 888 2556 septenarii
914 2500 1020 2556 (non
1045 2501 1107 2543 illi
1133 2502 1301 2557 quidem
1327 2500 1594 2543 usitatissimi
1624 2500 1670 2541 in
1700 2502 1784 2542 tra-

269 2570 438 2626 goedia)
470 2572 661 2614 evadant.
723 2571 784 2614 At
813 2587 976 2627 vereor,
1007 2586 1060 2614 ne
1081 2573 1221 2614 oleum
1247 2575 1290 2614 et
1321 2586 1492 2628 operam
1522 2571 1568 2613 in
1598 2570 1664 2613 his
1697 2586 1785 2613 car-

268 2642 452 2684 bonibus
487 2657 590 2685 auro
621 2643 836 2685 mutandis
867 2643 1097 2698 perdiderit
1123 2660 1132 2697 ;
1158 2659 1258 2685 nam
1289 2644 1418 2685 talem
1449 2643 1493 2684 in
1518 2642 1662 2684 fabula
1694 2658 1784 2684 ora-

268 2713 429 2754 tionem
460 2728 548 2755 non
578 2714 770 2756 habitam
802 2728 893 2756 esse
925 2714 1135 2769 expressis
1166 2715 1305 2757 verbis
1334 2716 1517 2756 testatur
1546 2712 1718 2755 Fronto.

389 2783 679 2826 Confidentius
718 2784 846 2826 etiam
885 2784 970 2828 CM
989 2785 1210 2828 Francken
1247 2785 1292 2826 in
1342 2783 1460 2826 Goni.
1503 2784 1592 2826 crit.
1630 2782 1783 2839 (1871)

270 2869 308 2909 p.
337 2855 393 2896 33
420 2855 629 2898 Lucilium
661 2855 811 2897 statuit
842 2858 884 2897 et
915 2856 959 2898 in
989 2856 1070 2899 hoc
1096 2871 1218 2899 versu
1244 2857 1323 2899 XX
1353 2857 1406 2900 10
1437 2860 1604 2911 ‘proras
1637 2855 1782 2898 deton-
