1942 3204
226 145 283 187 30
867 145 910 186 Q.
928 143 1116 198 „ENNIVS

345 250 430 293 Cur
460 250 590 292 talem
621 250 803 291 inuitam
835 247 1023 290 inustum
1058 248 1176 304 cogis
1208 246 1434 303 linquere?

930 326 1058 368 Pater

1077 400 1182 444 duxi
1210 401 1412 457 probum:

349 481 524 537 Eueni,
554 484 653 536 post
685 481 887 536 eogndui,
919 482 961 521 et
991 479 1112 535 fugio
1146 479 1378 534 cognitum.

232 636 316 678 120
346 633 482 677 Duxit
514 649 582 676 me
614 649 789 676 uxorem
820 632 1055 676 lsberorum
1087 631 1171 675 sibi
1204 631 1492 688 quaesendum
1525 631 1675 687 grasstia.

349 788 456 845 'Ego
489 804 607 831 meae
640 804 736 831 cum
768 787 884 830 ustae
916 802 1109 843 parcam,
1140 788 1274 829 letum
1307 778 1479 828 inimico
1512 787 1722 842 deprecer.

558 998 563 1003 ι
851 941 1140 997 Cresphontes

350 1020 460 1063 ‘Eho
491 1022 558 1075 tu,
595 1020 655 1075 di,
694 1019 847 1074 quibus
881 1021 946 1060 est
983 1021 1173 1074 potestas
1211 1019 1352 1060 motus
1392 1033 1591 1073 superum
1629 1020 1757 1073 atque

1296 1094 1500 1151 inferum,

353 1175 509 1217 Pzicem
539 1175 652 1216 inter
684 1175 775 1216 sese
808 1173 1056 1228 conciliant,
1087 1172 1315 1214 conferunt
1346 1172 1628 1215 concordiam.

231 1319 302 1351 hae
327 1320 429 1351 sunt:
457 1319 474 1350 1
502 1321 569 1349 ter
594 1317 643 1350 W
677 1327 784 1349 oom.
805 1315 957 1348 EOPW
978 1319 1091 1348 nuta
1117 1314 1290 1347 adficio
1316 1316 1363 1348 W
1393 1315 1566 1347 iniuria
1591 1314 1759 1347 afficio

232 1364 283 1405 B,
309 1364 372 1397 sed
398 1373 488 1397 corr.
513 1373 558 1398 m.
579 1366 594 1394 l
664 1363 684 1394 2
711 1371 756 1394 cs
774 1362 864 1394 EW-
906 1362 1018 1394 bene
1044 1361 1196 1393 locaui
1219 1360 1356 1393 Aldina
1381 1360 1533 1392 locaui
1557 1359 1621 1391 Bo
1644 1360 1759 1392 bene

231 1408 461 1441 collocaui
481 1408 717 1441 Cnuchianus
742 1407 981 1439 conlocaui
998 1407 1032 1438 P
1053 1405 1279 1438 collocaui
1297 1405 1423 1438 AFTZ
1478 1405 1546 1437 sin
1571 1415 1616 1437 es
1633 1405 1666 1436 E
1690 1405 1760 1437 sin

232 1457 376 1486 autem
403 1456 470 1486 est
487 1452 609 1485 BFOZ
635 1454 703 1484 sin
729 1455 805 1484 aut
825 1452 856 1483 T
906 1451 1157 1484 collocabis
1183 1451 1305 1483 inest
1335 1451 1383 1483 W
1451 1453 1472 1483 3
1504 1450 1700 1483 diuortii
1727 1449 1759 1482 Ε

322 1502 363 1531 te
389 1498 537 1531 libero
562 1498 595 1530 E
619 1498 764 1530 libero
788 1500 831 1530 te
857 1497 1008 1530 AFPW
1030 1496 1238 1528 liberabo
1265 1499 1307 1528 te
1333 1495 1428 1528 BTZ
1513 1495 1565 1527 ab
1591 1495 1759 1527 incom-

231 1544 371 1576 modis
393 1544 436 1586 T)
491 1544 562 1575 ‘Ex
588 1543 744 1586 simplici
768 1545 873 1585 parte
898 1541 1224 1584 reprehendentur,
1250 1542 1282 1573 si
1307 1552 1351 1573 ex
1369 1539 1508 1583 duplici
1526 1540 1758 1573 conclusione

230 1590 411 1622 alterutra
436 1599 521 1631 pars
545 1588 722 1628 diluetur,
755 1588 823 1621 hoc
847 1587 970 1620 modo:
1001 1587 1106 1619 Nam
1137 1588 1175 1619 si
1199 1586 1432 1629 inprobum
1533 1585 1759 1627 nuptiis?’

232 1633 489 1677 (inprobum
597 1634 769 1675 nuptiis
794 1644 863 1665 om.
896 1633 957 1674 W)
985 1635 1043 1656 ‘—-
1074 1631 1179 1664 duxi
1204 1631 1384 1674 probum
1412 1629 1522 1673 [119J.
1566 1629 1681 1673 [Ergo
1705 1640 1759 1662 re-

232 1680 430 1722 prehensio
454 1678 662 1712 huiusmodi
685 1678 934 1712 conclusionis
960 1677 1095 1720 duplex
1119 1681 1193 1710 est:
1229 1677 1372 1709 acutior
1402 1675 1468 1708 illa
1492 1676 1673 1719 superior,
1707 1675 1759 1708 fa·

232 1725 339 1758 cilior
362 1724 455 1757 haee
479 1725 658 1767 posterior
683 1724 730 1756 ad
756 1721 1082 1766 excogitandum.]’
1118 1722 1301 1763 Rhetoris,
1325 1731 1397 1754 non
1421 1724 1552 1764 poetae
1579 1730 1658 1754 esse
1684 1724 1760 1753 tres

233 1770 316 1803 illos
339 1779 488 1802 uersus:
526 1769 651 1802 nulla
681 1780 712 1804 e.
739 1780 772 1812 q.
797 1779 826 1804 s.
859 1769 968 1802 etiam
993 1778 1089 1801 nunc
1121 1768 1210 1800 mihi
1239 1776 1448 1810 persuasum
1481 1769 1556 1807 est,
1589 1765 1757 1808 quamuis

233 1815 425 1848 oblocutus
451 1815 499 1848 sit
522 1816 724 1857 Kayserus.
758 1814 897 1847 Eadem
920 1813 1038 1856 figura
1061 1823 1149 1845 usus
1174 1817 1231 1845 est
1254 1812 1409 1844 Plautus
1434 1811 1472 1843 iu
1493 1811 1620 1844 Sticho
1637 1821 1673 1843 u.
1693 1811 1760 1843 129

234 1871 312 1903 sqq.
340 1860 404 1903 (cf.
430 1864 574 1903 quaest.
601 1870 700 1895 scen.
726 1871 759 1903 p.
784 1859 875 1900 353).
969 1859 1020 1891 IV
1043 1859 1177 1891 Festus
1202 1868 1237 1900 p.
1255 1857 1320 1890 258
1345 1858 1395 1889 M.
1425 1859 1665 1898 ‘quaesere
1697 1865 1759 1898 po-

233 1906 333 1943 nitur
356 1906 402 1938 ab
428 1905 593 1948 antiquis
618 1915 683 1947 pro
709 1906 910 1948 quaerere,⁸
929 1906 971 1935 ut
995 1907 1053 1936 est
1084 1903 1179 1945 apud
1210 1903 1366 1934 Ennium
1390 1919 1433 1924 —
1465 1904 1503 1933 et
1533 1901 1570 1933 in
1596 1901 1708 1932 Chre
1719 1908 1759 1933 s·-

232 1954 366 1993 ponte
398 1975 405 1983 .
426 1975 434 1983 .
455 1953 484 1983 .’
606 1951 637 1982 V
663 1950 804 1983 Gellius
828 1949 899 1982 VII
924 1947 1004 1990 (VI)
1032 1949 1091 1989 16,
1119 1950 1160 1981 10
1191 1946 1430 1990 ‘deprecor
1469 1970 1477 1978 .
1497 1971 1506 1979 .
1526 1971 1533 1978 .
1573 1945 1760 1988 significat

237 1996 347 2038 abigo
373 1999 409 2028 et
433 1995 597 2037 amolior,
630 1995 689 2028 uel
720 2005 827 2038 prece
862 1994 1029 2026 adhibita
1053 1993 1113 2026 uel
1146 2003 1216 2035 quo
1241 1992 1314 2025 alio
1338 1991 1454 2025 modo.
1501 1991 1595 2024 Item
1620 1992 1760 2024 Ennius

235 2043 273 2073 in
297 2040 525 2083 Cresphonte
555 2066 563 2073 .
584 2066 592 2073 .
612 2044 642 2074 .'
757 2040 807 2072 VI
833 2040 939 2072 Rhet.
970 2039 1017 2071 ad
1041 2038 1201 2072 Hereuu.
1227 2038 1264 2070 11
1288 2038 1351 2079 25,
1377 2038 1420 2070 39
1451 2036 1562 2069 ‘item
1586 2036 1759 2069 uitiosum

234 2089 310 2129 est,
342 2096 422 2118 cum
453 2085 540 2128 quid
570 2096 635 2129 pro
666 2096 710 2119 eo
743 2085 897 2118 sumitur
928 2084 1022 2127 quod
1053 2084 1150 2117 inter
1180 2083 1294 2116 omnis
1322 2085 1483 2123 constet,
1516 2081 1612 2123 quod
1649 2081 1758 2113 etiam

231 2221 316 2256 loco
349 2213 483 2264 FP2Z,
517 2219 640 2254 altero
675 2217 708 2254 T
741 2217 795 2253 his
828 2217 864 2252 B
894 2218 1016 2253 altero
1105 2215 1230 2252 locasti
1265 2214 1297 2251 T
1378 2214 1466 2250 sine.
1498 2213 1528 2248 si
1558 2211 1694 2260 probus
1723 2212 1763 2248 E

233 2276 342 2312 sinesi
379 2275 426 2311 W
538 2274 615 2311 117
647 2274 784 2322 liquere
819 2268 992 2317 BOPW¹
1024 2272 1228 2320 relinquere
1259 2265 1412 2307 FP2TZ
1527 2268 1604 2305 119
1637 2279 1758 2305 errare

236 2333 271 2368 F
354 2331 458 2379 fugio
489 2342 584 2367 nunc
614 2331 800 2379 cognitum
832 2329 941 2366 BOT
1051 2328 1132 2365 120
1161 2327 1262 2364 (luxit
1292 2326 1518 2364 Scriuerius
1547 2325 1646 2362 ducit
1676 2326 1760 2362 cod.

351 2387 430 2424 121
463 2398 560 2424 meae
590 2398 669 2423 cum
704 2386 865 2423 Bothius
895 2396 974 2422 cum
1007 2396 1103 2421 meae
1133 2385 1224 2424 libri
1306 2383 1436 2432 (lesmor
1469 2383 1550 2419 Vat.
1581 2382 1759 2429 deprecor

235 2446 320 2482 rell.
412 2443 490 2480 122
522 2444 589 2480 eho
623 2449 660 2479 [u
692 2443 726 2478 di
757 2442 834 2489 (uel
865 2441 926 2489 dii)
958 2441 1087 2490 quihus
1118 2447 1174 2477 est
1200 2442 1335 2488 priore
1363 2441 1447 2476 loco
1479 2438 1671 2485 BFOTZ‚
1702 2439 1757 2475 al-

234 2507 315 2539 tero
337 2510 472 2537 omnes.
506 2500 633 2536 studiis
655 2511 734 2536 esse
755 2495 803 2535 P¹
836 2498 964 2535 studiis
993 2495 1012 2535 ὅ
1043 2499 1091 2535 W
1117 2496 1228 2534 studii
1259 2495 1387 2545 quibus
1418 2500 1474 2531 est
1498 2495 1535 2530 E
1562 2494 1651 2530 nihil
1681 2499 1758 2530 stn-

235 2558 284 2594 ‹lii
315 2569 395 2594 esse
425 2557 496 2593 AF
522 2568 592 2604 my.
623 2556 672 2592 nil
704 2561 742 2591 tu
774 2555 820 2592 dii
850 2566 931 2592 esse
959 2549 1099 2592 P2—An
1122 2554 1205 2590 *scin
1237 2557 1297 2600 tu,
1327 2553 1363 2588 di
1393 2562 1426 2588 e.
1457 2564 1493 2599 q.
1524 2562 1555 2587 s.
1585 2551 1756 2587 scriben-

235 2616 351 2651 dum?
448 2618 612 2661 potestas
640 2618 760 2648 motus
786 2615 923 2658 priore
950 2613 1035 2649 loco
1067 2610 1182 2654 BOT,
1214 2611 1337 2646 altero
1367 2618 1505 2645 omnes.
1535 2612 1696 2655 potestas
1725 2607 1763 2643 F

236 2676 395 2719 potestas
434 2675 494 2706 aut
530 2675 648 2705 motus
684 2669 717 2704 T
750 2674 871 2716 potest
909 2673 969 2704 aut
1009 2673 1146 2704 motum
1178 2661 1263 2703 EP¹
1301 2670 1424 2714 polest
1461 2669 1496 2700 at
1536 2669 1672 2700 motum
1715 2663 1763 2699 W

236 2732 356 2774 potest
394 2732 456 2762 aut
495 2732 613 2762 motus
652 2721 740 2761 AP2
890 2724 968 2761 123
1008 2735 1129 2772 pacem
1166 2724 1261 2759 inter
1294 2724 1427 2769 priore
1466 2722 1550 2758 loco
1592 2715 1756 2761 BF¹TZ.

237 2784 358 2819 altero
397 2794 533 2819 omnes.
594 2793 714 2830 pacem
754 2783 845 2817 enim
884 2782 978 2817 iuter
1014 2783 1164 2827 primae
1202 2784 1238 2816 el
1282 2779 1474 2830 secundae
1509 2777 1623 2834 famq
1648 2777 1756 2813 codd.

238 2850 364 2875 omnes
459 2851 497 2874 se
529 2839 604 2874 BF
