1942 3204
219 167 298 209 108
824 169 873 201 M.
899 166 1138 201 PACVVIVS

219 272 306 314 245
338 272 539 314 Manibus
571 271 725 327 isdem,
757 270 913 326 quibus
945 270 1062 313 Vlixi
1094 271 1219 326 saepe
1251 271 1473 326 pcrmulsi,
1505 272 1677 314 abluam

341 348 742 403 Lassitudinemque
774 348 965 390 minuam
996 349 1202 390 munuum
1233 347 1512 390 mollitudine.
1552 366 1558 370 ·

958 424 1003 466 Π

881 500 1081 543 Anticlea

336 579 548 621 Lenjtudo
581 578 806 634 orationis,
837 578 1063 621 mollitudo
1095 578 1286 633 corporis

896 655 964 697 III
995 653 1061 711 (9)

335 733 500 775 Pariter
530 734 573 774 te
605 747 696 774 esse
728 746 831 788 erga
861 730 985 774 sslum
1015 732 1159 788 uideo,
1189 734 1239 774 ut
1269 730 1392 783 sslum
1411 732 1483 774 ted
1515 733 1617 788 ergzi
1643 733 1743 775 scio.

898 809 961 852 IV
995 807 1061 866 (4)

338 885 538 942 Spartam
568 887 787 942 reportare
819 885 972 942 instat,
1002 886 1046 928 id
1078 886 1113 928 si
1145 887 1375 942 perpetrat.

914 963 955 1005 V
977 961 1044 1020 (8)

218 1041 305 1083 250
336 1040 428 1083 Nec
458 1041 546 1083 ulla
578 1041 757 1082 subscus
790 1040 962 1082 cohibet
993 1054 1244 1096 compagem
1276 1040 1405 1096 eiluei,

336 1117 419 1160 Sed
451 1120 547 1161 suta
577 1117 666 1159 lino
700 1120 742 1159 et
774 1118 955 1173 sparteis
988 1116 1187 1160 serssibus

897 1194 962 1237 VI
995 1192 1061 1252 (3)

334 1271 439 1313 Inde
471 1270 660 1314 Aetnam
691 1273 882 1315 montem
914 1271 1097 1314 aduenio
1129 1272 1175 1313 in
1208 1272 1455 1327 scruposam
1487 1286 1671 1327 specum.

306 1396 343 1428 11
374 1396 504 1429 Cicero
536 1396 644 1428 Tusc.
678 1396 769 1438 disp.
795 1397 826 1428 V
853 1397 912 1437 16,
943 1397 987 1428 46
1019 1399 1104 1438 (θα,
1138 1406 1229 1438 quae
1260 1394 1491 1428 Anticlea’
1518 1393 1741 1439 (Anticlia

220 1441 318 1476 Pith.
344 1441 570 1483 Euryclea
600 1441 721 1482 uideri
751 1441 887 1474 habere
918 1441 1005 1483 aliq.
1032 1441 1147 1474 Oxon.
1175 1451 1255 1473 cum
1278 1440 1333 1473 ed.
1361 1441 1448 1474 Ven.
1475 1441 1559 1473 1481
1586 1443 1743 1473 testatur

217 1486 393 1528 Orellius)
426 1486 575 1519 ‘laudat
599 1486 699 1519 Vlixi
730 1486 843 1527 pedes
876 1486 1030 1519 abluens
1059 1511 1067 1518 .
1089 1511 1097 1519 .
1118 1489 1147 1520 .’
1180 1487 1271 1518 Non.
1297 1486 1380 1527 132,
1406 1487 1427 1518 3
1456 1485 1740 1518 ‘lenitudine

217 1542 280 1573 pro
304 1531 460 1564 lenitate
484 1556 493 1565 .
514 1556 522 1564 .
544 1556 552 1563 .
576 1531 704 1565 Cicero
721 1531 1012 1564 Tusculanarum
1037 1532 1096 1564 lib.
1120 1542 1204 1563 1111:
1234 1530 1422 1564 lenitudo’
1449 1541 1479 1565 e.
1505 1541 1539 1573 q.
1566 1541 1593 1563 s.
1685 1531 1742 1563 111

216 1577 309 1611 Non.
335 1579 420 1618 375,
447 1579 467 1610 7
492 1578 709 1619 ‘pariter,
737 1577 907 1610 similiter
1006 1577 1046 1612 P.
1073 1577 1205 1610 Nitra
1228 1578 1302 1609 ...⁹
1384 1575 1433 1608 IV
1460 1576 1597 1608 Festus
1621 1587 1657 1618 p.
1675 1577 1741 1609 217
1788 1599 1790 1604 -

217 1622 266 1656 Μ.
298 1625 577 1665 ‘perpetrat,
609 1623 769 1664 peragit,
803 1621 957 1664 perficit.
1011 1624 1051 1657 P.
1083 1622 1121 1654 in
1152 1622 1363 1654 Teucro—
1395 1621 1543 1654 etinni
1574 1621 1739 1664 patris:

221 1667 412 1710 Spartam’
445 1677 474 1699 e.
508 1677 541 1709 q.
573 1678 601 1700 s.
635 1667 702 1708 (et
732 1667 777 1699 in
808 1668 982 1710 Niptris
1014 1666 1196 1710 Scaliger)
1318 1667 1347 1698 V
1379 1667 1512 1699 Festus
1543 1676 1576 1708 p.
1600 1667 1667 1699 343
1690 1666 1739 1701 M.

219 1712 428 1753 ‘serilla’
461 1711 642 1754 (serilia
672 1712 863 1746 Turnebus
894 1712 985 1745 Adu.
1017 1713 1122 1746 XVII
1152 1710 1187 1754 7)
1219 1712 1389 1744 ‘Verrius
1418 1710 1600 1753 appellari
1634 1713 1742 1753 putat

216 1758 366 1800 nauigia
396 1758 563 1790 Histrica
594 1768 638 1790 ac
670 1758 891 1799 Liburnica,
928 1768 1021 1800 quae
1057 1757 1132 1790 lino
1163 1767 1208 1789 ac
1238 1759 1364 1799 sparto
1397 1756 1687 1798 condensantur,
1717 1767 1741 1788 a

217 1802 442 1836 conserendo
467 1806 504 1835 et
529 1803 761 1836 contexendo
786 1803 902 1843 diota,
935 1803 1021 1845 quia
1055 1802 1156 1835 dicat
1178 1803 1218 1835 P.
1243 1803 1281 1834 in
1305 1801 1461 1844 Niptris:
1495 1811 1562 1833 nec
1584 1801 1680 1834 ulla’
1707 1812 1739 1836 e.

217 1858 249 1890 q.
275 1858 303 1881 s.
354 1851 456 1880 ‘cuin
480 1847 788 1891 περιφραστικώς
813 1851 851 1880 et
875 1848 961 1881 ficto
986 1847 1167 1880 uocabulo
1191 1858 1278 1880 usus
1304 1847 1353 1880 sit
1378 1857 1441 1889 pro
1467 1846 1652 1884 funiculis,
1678 1847 1741 1889 qui

219 1896 343 1936 sparto
369 1896 635 1926 conseruntur)
670 1893 770 1926 Idem
795 1904 830 1935 p.
849 1895 915 1926 306
933 1894 981 1926 Μ.
1007 1891 1301 1936 ‘[subscudes
1326 1890 1580 1935 ap]pellantur
1603 1901 1740 1924 cunea-

216 1941 278 1971 tae
304 1936 501 1981 ta[bellae,
528 1937 674 1981 quibus]
702 1939 851 1972 tabulae
869 1939 964 1970 inter
991 1948 1029 1970 se
1055 1936 1314 1980 confliguntur,
1342 1934 1461 1980 qui]a‚
1487 1946 1556 1978 quo
1583 1946 1650 1969 eae
1674 1936 1740 1968 im-

216 1983 424 2023 mittuntur,
452 1981 694 2025 [succuditur.
735 1981 818 2026 Pa]
833 1984 961 2016 euius
984 1983 1023 2015 in
1039 1983 1180 2025 Niptris
1199 1979 1323 2026 [250]’
1350 1982 1410 2023 (cf.
1434 1982 1480 2016 H.
1499 1981 1644 2014 Keilius
1667 1981 1690 2014 1.
1715 1981 1739 2014 l.

217 2039 251 2070 p.
277 2026 371 2069 625).
419 2028 527 2060 Pauli
551 2029 687 2061 Festus
711 2039 744 2071 p.
769 2029 836 2061 30⁷
859 2029 908 2061 Μ.
941 2028 1213 2061 ‘subscudes
1238 2027 1475 2070 appellantur
1499 2026 1681 2059 tabellae’
1709 2037 1740 2059 e.

217 2084 250 2115 q.
269 2085 296 2108 s.
326 2073 547 2106 ‘Pacuuiusz
572 2083 640 2106 nec
656 2073 732 2106 ulla
750 2084 777 2106 s.
796 2084 827 2106 c.
846 2075 1087 2116 compagem!
1158 2073 1207 2105 VI
1223 2073 1317 2105 Non.
1335 2073 1412 2111 223,
1433 2072 1450 2103 1
1477 2074 1660 2113 ‘specus
1679 2096 1687 2105 .
1701 2096 1710 2105 .
1724 2096 1733 2105 .

217 2118 392 2151 feminino
415 2143 422 2150 .
445 2143 453 2152 .
473 2143 483 2152 .
511 2119 675 2152 Accius
700 2118 841 2162 Niptris
864 2143 873 2151 .
894 2143 903 2152 .
922 2122 952 2152 .’
978 2120 1041 2159 (in
1070 2118 1110 2150 ni
1134 2118 1349 2161 psaltriis
1373 2117 1501 2151 Vrbin.
1527 2116 1607 2158 308)
1639 2117 1739 2150 Pris-

330 2261 410 2299 248
443 2261 501 2299 ted
535 2263 689 2299 Vossius
718 2267 754 2298 te
773 2262 865 2299 libri
948 2261 1060 2298 illunc
1089 2272 1175 2310 erga
1206 2266 1242 2297 te
1272 2259 1355 2308 (aut
1376 2265 1412 2297 te
1433 2258 1530 2310 erga)
1560 2260 1737 2308 Umpfen-

216 2319 376 2356 bachius
405 2321 526 2355 melei.
559 2319 687 2355 Plaul.
718 2317 769 2354 41
907 2317 986 2355 249
1026 2323 1211 2366 reportare
1245 2317 1284 2354 Ο.
1314 2317 1526 2354 Muellerus
1564 2327 1739 2364 reponare

217 2377 298 2412 cod.
332 2376 508 2423 reportari
539 2376 826 2412 Lindemannus
853 2374 1025 2423 repedare
1055 2377 1118 2412 uel
1146 2385 1323 2422 reponere
1355 2374 1528 2422 Scaliyer
1557 2373 1739 2421 deponere

224 2433 382 2469 Bothius
498 2430 579 2473 250
609 2431 741 2468 subcus
774 2433 855 2469 cod.
885 2443 925 2478 p.
949 2430 1029 2468 343
1128 2435 1326 2478 conpagem
1357 2431 1438 2467 cod.
1469 2442 1507 2476 p.
1532 2428 1612 2466 343
1644 2433 1738 2465 teste

217 2488 269 2524 H.
292 2489 417 2524 Keilio
446 2489 470 2524 l.
500 2489 527 2525 l.
556 2499 596 2534 p.
621 2487 700 2526 626
789 2487 868 2525 251
901 2487 1068 2523 serilibus
1098 2488 1177 2524 cod.
1210 2491 1305 2523 teste
1335 2486 1386 2522 II.
1410 2486 1553 2531 Keilio,
1591 2485 1736 2522 Turne-

217 2546 287 2582 bus
317 2543 495 2580 serillibus
527 2545 640 2592 uulyo
784 2543 864 2581 252
902 2543 986 2580 inde
1024 2543 1178 2580 aduenio
1215 2548 1375 2579 montem
1413 2543 1535 2578 Aetam
1572 2552 1642 2578 scr.
1680 2553 1734 2589 sp.

218 2602 376 2638 Nonius.
407 2599 558 2637 aduenio
597 2601 631 2636 in
663 2611 730 2637 scr.
764 2612 816 2648 sp.
848 2602 987 2637 ceteris
1024 2602 1170 2637 omissis
1200 2599 1429 2636 Priscianus
1464 2597 1547 2634 inde
1584 2597 1736 2634 aduenio

216 2662 373 2693 montem
395 2655 518 2692 Oetam
540 2667 609 2693 scr.
633 2669 686 2705 sp.
710 2657 807 2702 edd„
834 2656 1040 2694 Bentleius.
1075 2657 1276 2703 Temptaui
1295 2657 1380 2693 olim
1400 2656 1462 2692 uel
1482 2653 1564 2690 inde
1585 2656 1734 2690 Aetnam

217 2713 368 2750 aduenio
398 2717 557 2749 montem
590 2715 650 2750 uel
670 2715 819 2749 Aetnam
848 2712 931 2749 inde
953 2719 1111 2749 montem
1132 2712 1283 2748 aduenio
1303 2712 1339 2748 in
1363 2722 1431 2748 scr.
1454 2722 1507 2759 sp.
1587 2720 1737 2757 scrupu-

217 2770 329 2806 losam
350 2769 546 2806 Prisciani
571 2770 667 2817 Rejq.
698 2770 819 2806 Bern.
843 2768 960 2806 Halb.
983 2768 1118 2806 Bamb.
1150 2771 1189 2805 in
1218 2770 1338 2805 litura
1367 2780 1414 2804 m.
1437 2767 1460 2803 2
1491 2766 1736 2814 scropulosam

219 2849 334 2897 Sceny.
369 2848 477 2885 Grul.
509 2849 686 2886 Karolir.
718 2828 943 2897 scruplosam
979 2843 1168 2887 Darmstst‘
1197 2848 1367 2896 scripsam
1400 2846 1516 2883 Nonii
1543 2845 1645 2883 Leid.
