1942 3204
703 244 1057 284 COROLLARIVM
1556 243 1652 280 XLV

115 357 300 412 iectura,
344 371 430 413 qua
465 359 510 398 et
549 355 618 398 hic
655 368 820 411 acyrore
855 356 899 397 et
937 354 1049 411 apud
1087 353 1265 396 Accium
1306 369 1341 396 v.
1379 354 1466 396 349
1511 367 1656 408 aeyrm·

114 442 195 485 pro
230 441 366 471 more
403 429 615 470 mutatum
659 430 735 470 est.
804 426 931 470 Certe
969 425 1129 469 nostris
1170 440 1257 468 non
1296 425 1525 468 admodum
1570 425 1653 467 dis·

116 499 274 542 similia
310 501 412 542 sunt
448 498 695 542 Palaestrae
733 498 778 541 in
821 497 1019 541 Rudente
1056 497 1198 540 Plauti
1237 498 1325 540 216
1363 497 1502 553 ‘algor
1538 498 1655 539 error

118 584 253 626 pavor
282 570 476 613 membra
507 570 566 613 mi
597 570 744 613 omnia
774 572 951 612 tenent.'
998 568 1142 612 Minus
1176 569 1359 626 quadrat
1390 571 1561 611 mercat.
1584 569 1653 610 25.

117 640 347 685 Praeterea
384 642 430 684 in
461 657 498 685 v.
536 642 623 685 274
661 642 777 685 exitu
820 641 1027 685 traditum
1067 641 1144 684 tali
1181 640 1295 683 haud
1328 640 1656 696 inprobabiliter

115 712 162 756 in
199 716 341 756 vetere
379 714 612 770 exemplari
650 716 887 757 correctum
926 716 993 756 est
1030 713 1137 766 tabe,
1183 713 1268 755 nisi
1313 712 1426 769 quod
1464 714 1655 767 praestat

116 785 299 828 tortasse
330 785 435 828 tabi
471 785 704 841 ablativus,
737 788 785 828 ut
815 785 900 828 labi
928 785 1043 828 sordi
1075 784 1189 840 apud
1222 784 1466 827 Lucretium
1495 782 1535 825 V
1567 783 1655 824 930

116 854 180 898 VI
223 857 353 912 1271,
398 872 659 914 quamquam
706 856 794 899 tabe
836 856 1045 913 producta
1082 871 1103 898 e
1140 856 1252 911 apud
1290 855 1472 897 eundem
1511 854 1531 896 Ι
1570 855 1656 896 806

115 930 300 971 testatur
336 927 593 971 Priscianus.
659 927 801 972 Tabes
849 928 944 984 ipsa
981 943 1111 984 quam
1150 928 1258 970 bene
1302 927 1355 970 ad
1400 926 1480 969 loci
1520 926 1655 967 nostri

116 1000 301 1042 colorem
340 1000 540 1056 quadret,
578 1000 703 1043 docet
747 1000 927 1056 parasiti
965 1000 1010 1042 in
1042 999 1236 1055 Captivis
1273 999 1462 1056 querella
1501 1013 1537 1040 v,
1574 998 1655 1039 133

120 1071 209 1127 ‘qui
245 1074 321 1114 tuo
359 1085 551 1115 maerore
590 1085 800 1127 maceror,
845 1071 1060 1127 Macesco,
1104 1086 1362 1114 consenesco
1402 1073 1445 1112 et
1482 1069 1656 1111 tabesco

119 1147 278 1185 mlser.'

237 1226 289 1269 V.
321 1228 409 1270 283
449 1227 632 1269 obscura
670 1226 745 1269 illa
780 1230 828 1269 ut
862 1227 1018 1270 dederit
1057 1242 1152 1269 cum
1192 1226 1236 1268 in
1269 1225 1479 1268 Urbinate
1510 1228 1557 1267 ut
1591 1226 1655 1266 cle-

116 1298 234 1340 derat
270 1298 533 1354 scribantur,
579 1298 792 1354 integram
830 1300 874 1340 et
921 1298 1095 1353 planam
1134 1298 1393 1340 sententiam
1438 1297 1497 1338 sic
1541 1311 1655 1338 recu-

118 1369 384 1424 perabimus:

246 1456 394 1510 gnate,
426 1454 621 1497 6rdinem
654 1468 847 1509 omnem,
881 1455 935 1495 ut
967 1454 1047 1495 res
1079 1456 1207 1508 erat,
1239 1452 1377 1494 enoda
1408 1452 1533 1507 patri.

237 1547 289 1592 V.
321 1549 409 1591 285
447 1563 501 1590 ne
540 1549 635 1605 quis
667 1552 797 1604 erret,
835 1549 967 1591 subito
1010 1549 1112 1590 item
1150 1551 1198 1590 ut
1233 1549 1351 1591 modo
1389 1546 1656 1589 referendum

119 1623 186 1661 est
217 1620 269 1662 ad
300 1623 516 1662 enatumst.

239 1714 290 1758 V.
304 1715 392 1758 286
411 1715 558 1767 efferas
578 1715 691 1771 quod
712 1716 756 1757 in
779 1716 901 1758 libris
922 1717 1042 1757 extat
1060 1714 1236 1757 dubium
1257 1716 1322 1755 est
1343 1716 1485 1755 utrum
1504 1712 1658 1765 afferas

120 1801 175 1828 an
207 1785 359 1839 offeras
389 1786 689 1842 corrigendum
722 1787 790 1829 sit.
837 1786 950 1829 Nam
976 1789 1019 1828 et
1045 1786 1221 1828 affertur
1246 1788 1289 1827 et
1315 1785 1492 1826 offertur
1524 1798 1657 1826 mors:

121 1858 173 1900 cf.
211 1856 297 1900 Cic.
335 1857 380 1899 in
419 1856 540 1900 Verr.
573 1856 613 1899 V
651 1858 728 1912 45,
770 1859 851 1900 118
897 1860 961 1900 ‘ut
1003 1873 1090 1900 uno
1133 1858 1220 1899 ictu
1264 1856 1424 1898 securis
1468 1855 1658 1897 adferam

121 1931 304 1971 mortem
337 1929 424 1971 filio
455 1931 570 1983 tuo’3
609 1928 660 1970 de
698 1929 827 1972 divin.
860 1929 903 1971 ΙΙ
935 1930 1012 1984 29,
1052 1929 1110 1971 62
1142 1928 1331 1971 ‘emissio
1369 1927 1554 1984 feminae
1585 1941 1658 1968 an-

121 2001 217 2056 guis
243 2003 425 2042 mortem
451 2000 672 2042 adferebat
697 2000 759 2043 Ti.
787 2000 1022 2055 Graccho‘3
1055 2003 1207 2042 contra
1233 2015 1311 2055 pro
1339 1998 1478 2041 Sestio
1500 1998 1575 2053 21,
1601 1998 1657 2039 48

122 2071 286 2113 ‘eadem
318 2071 400 2113 sibi
434 2086 565 2114 manu
590 2072 723 2114 vitam
749 2072 1015 2126 exhausisse,
1047 2087 1132 2127 qua
1159 2074 1340 2113 mortem
1368 2084 1494 2124 saepe
1526 2068 1658 2110 hesti-

122 2143 202 2184 bus
234 2142 503 2198 obtulisset'3
535 2143 657 2198 epist.
685 2144 739 2186 ad
770 2144 870 2188 fam.
897 2143 959 2186 IV
992 2144 1063 2197 12,
1090 2143 1118 2184 2
1151 2142 1367 2184 ‘inventus
1400 2144 1466 2182 est
1497 2140 1659 2182 amicus

122 2213 196 2270 qui
226 2214 266 2255 ei
298 2216 478 2256 mortem
511 2214 716 2257 offerret'.
779 2214 960 2257 Adferre
992 2214 1074 2256 sibi
1107 2214 1290 2256 salutem
1322 2212 1560 2254 studiorum
1593 2227 1657 2252 so-

122 2285 231 2327 lacia
261 2283 411 2327 Cicero
443 2285 496 2327 ad
527 2286 627 2328 fam.
660 2286 722 2329 IV
754 2287 801 2341 3,
832 2287 860 2328 3
893 2286 1127 2341 profitetur.
1180 2284 1307 2340 Apud
1334 2283 1582 2325 Terentium
1615 2283 1659 2324 in

124 2355 383 2398 Phormione
421 2371 457 2398 v.
489 2357 576 2399 553
613 2360 680 2399 est
711 2356 824 2399 ‘vide
855 2357 891 2399 si
928 2357 1029 2413 quid
1062 2357 1156 2412 opis
1194 2359 1316 2411 potes
1349 2355 1513 2396 adferre
1544 2354 1656 2395 huic’

123 2430 166 2469 et
197 2427 242 2469 in
274 2427 467 2483 adelphis
496 2442 532 2470 v.
558 2428 646 2470 300
678 2431 807 2471 ‘nune
839 2427 945 2470 sslud
971 2431 1053 2483 est,
1085 2442 1233 2483 quom,
1266 2427 1301 2468 si
1334 2426 1479 2468 omnia
1511 2439 1659 2466 omnes

124 2513 202 2540 sua
242 2498 422 2540 consilia
465 2499 690 2541 conferant
733 2498 876 2556 Atque
920 2498 1019 2541 huic
1058 2499 1172 2540 malo
1212 2499 1393 2540 salutem
1438 2499 1658 2552 quaerant,

125 2569 255 2612 auxili
292 2569 354 2611 nil
393 2569 615 2612 adferant.'
685 2570 803 2626 Ergo
840 2570 1020 2612 consilio
1065 2570 1208 2624 aptius
1244 2570 1403 2622 culfiwri
1441 2569 1504 2609 vel
1544 2568 1658 2608 salus

125 2641 191 2682 vel
216 2640 391 2682 exitium
418 2638 584 2683 videtur
615 2656 744 2697 quam
775 2642 890 2697 quod
922 2642 1107 2697 impetus
1140 2640 1324 2681 maxime
1356 2639 1440 2680 vim
1468 2640 1659 2692 spectare

126 2710 281 2753 dixeris
300 2711 462 2765 obferm‘.
500 2711 613 2754 Nam
633 2713 764 2755 etiam
784 2712 896 2767 apud
917 2712 1094 2754 Accium
1116 2726 1152 2753 v,
1174 2712 1261 2752 360
1288 2710 1359 2765 qui
1381 2709 1534 2750 dicitur
1555 2707 1659 2748 haut

126 2782 387 2824 dubitavisse
432 2783 580 2825 ‘vitam
624 2784 796 2826 offerre’
844 2798 921 2826 nec
964 2783 1093 2838 capiti
1145 2782 1400 2836 pepercisse,
1446 2794 1522 2820 suo
1567 2779 1658 2832 ipse

126 2853 313 2908 periculo
351 2854 394 2895 in
434 2869 601 2897 summo
638 2869 779 2897 rerum
824 2855 1068 2897 discrimine
1113 2852 1194 2907 Cre
1239 2852 1405 2906 dubia’)
1443 2850 1659 2892 civitatem

128 2927 381 2966 servaverat.
