1942 3204
269 167 403 201 XXXII
767 203 772 207 ,
852 166 1202 203 COROLLARIVM

246 275 499 317 ,excruciari
537 276 639 330 angi
676 276 857 317 recreari
895 276 1106 331 quispiam
1143 277 1209 317 vel
1247 277 1433 319 incertus
1466 279 1604 320 ‘falsus
1643 280 1782 322 lassus

269 360 398 387 sanus
436 360 562 401 aeger
598 348 822 401 praestans
855 346 1130 389 confirmatus
1169 347 1300 388 animi
1331 347 1511 403 dicatur,
1547 349 1616 392 hic
1653 338 1807 392 animi>

265 416 427 468 fortiter
460 417 568 468 ferre
610 418 738 472 paulo
776 417 959 459 fortasse
997 417 1251 459 insolentius
1293 408 1531 461 iubeantur.
1598 420 1787 476 Planius,

269 487 342 528 sed
373 487 485 529 idem
523 503 548 528 a
584 488 704 529 libris
736 489 942 530 remotius
975 490 1039 529 est
1078 488 1190 542 quod
1221 486 1483 531 Buechelero
1520 490 1569 534 in
1597 494 1784 533 mentem

267 558 386 600 venit
418 560 482 600 ‘ut
513 559 626 613 quod
656 558 820 600 factum
849 560 914 600 est
944 558 1087 600 futtile
1114 572 1140 599 a
1165 572 1244 610 mc,
1275 573 1353 601 uos
1384 559 1413 600 f.
1444 559 1489 601 f.’
1527 559 1591 603 Ac
1616 562 1783 604 veniam

268 629 340 683 qui
377 629 485 684 petit
521 629 723 682 facinoris
761 629 994 684 temerarii,
1030 643 1119 670 non
1155 631 1204 670 ut
1239 629 1426 683 fortiter,
1463 631 1536 672 sed
1572 628 1786 686 patienter

266 702 315 741 ut
352 700 538 741 tolerent
577 714 734 741 noxam
774 699 880 742 alios
912 701 1066 755 rogat:
1086 699 1255 741 fortiter
1287 702 1437 742 contra
1467 700 1690 744 ferendum
1721 706 1786 745 est

267 771 386 812 cuius
418 771 500 825 ipsi
531 773 680 812 nostra
712 771 838 825 culpa
869 772 1087 825 compotes
1120 784 1264 812 sumus
1297 771 1467 813 malum.

384 852 437 895 V.
458 853 554 895 280.
581 853 721 907 yratia
740 856 884 895 castet
903 853 1050 896 eodem
1070 867 1196 895 sensu
1217 852 1377 894 dictum
1397 868 1488 895 esse
1506 856 1669 913 statuo,
1700 870 1783 911 quo

267 923 379 978 apud
412 922 660 966 Ciceronem
693 938 756 978 ep.
788 923 842 965 ad
874 924 973 965 fam.
1004 923 1026 965 I
1058 924 1084 966 8
1117 926 1220 965 extr.
1253 924 1464 966 ‘nostrum
1497 925 1684 967 studium
1715 941 1782 968 ex-

266 994 376 1035 tabit
406 995 452 1035 in
484 994 787 1037 conveniendis
819 994 1142 1049 magistratibus
1174 996 1217 1036 et
1249 995 1558 1050 senatoribus'3
1595 998 1638 1038 et
1674 1011 1783 1051 quae

267 1067 368 1107 sunt
399 1065 555 1106 similia
587 1063 699 1119 apud
732 1063 980 1107 Ciceronem
1011 1064 1126 1107 haud
1157 1079 1305 1120 pauca.

383 1147 435 1189 V.
462 1148 559 1190 282.
604 1145 845 1202 Speciosius
872 1163 1000 1203 quam
1024 1148 1165 1190 verius
1190 1162 1285 1189 meo
1317 1147 1472 1190 iudicio
1498 1147 1782 1192 Buechelerus

264 1218 472 1260 librorum
509 1218 764 1273 scripturam
808 1219 942 1261 ‘deum
984 1232 1047 1260 me
1082 1219 1203 1261 sentit
1245 1218 1385 1260 facere
1427 1219 1583 1275 pietas,
1626 1220 1783 1263 ciuium

265 1291 412 1343 porcet
442 1288 596 1343 pudor’
628 1288 935 1344 interpretatur
965 1289 1083 1331 deum
1113 1302 1175 1330 mc
1205 1289 1306 1337 sinit
1334 1290 1388 1331 id.
1433 1288 1543 1339 Quid
1574 1291 1688 1333 enim
1719 1294 1783 1333 est

265 1358 379 1413 quod
416 1359 461 1400 in
499 1358 744 1401 Telamonis
781 1359 928 1401 fabula
965 1359 1188 1401 admittere
1233 1359 1407 1402 deorum
1449 1361 1604 1417 pietas,
1639 1364 1782 1404 vetare

265 1432 416 1472 contra
453 1430 590 1485 pudor
623 1430 777 1472 civium
815 1430 1032 1486 potuerit?
1092 1429 1194 1472 Non
1231 1430 1379 1472 dubito
1413 1431 1517 1486 quin
1546 1432 1780 1474 rectissime

264 1500 312 1542 Gr.
337 1500 612 1543 Hermannus
645 1502 844 1543 statuerit
876 1501 1086 1543 Teucrum
1117 1501 1223 1542 haec
1249 1501 1394 1542 amicis
1419 1504 1469 1543 ut
1494 1502 1605 1545 cives
1632 1506 1783 1546 contra

263 1586 408 1628 regem
434 1572 486 1614 ad
513 1587 630 1614 arma
655 1574 827 1614 vocaret
852 1571 1128 1614 suadentibus
1154 1572 1436 1627 respondisse.
1474 1572 1555 1622 Qui
1574 1574 1623 1623 ¹si
1655 1588 1783 1629 quam

264 1643 440 1685 deorum
476 1643 759 1685 reverentiam
795 1642 1095 1698 profitebatur,
1138 1628 1254 1686 e‘erte.
1294 1657 1369 1698 per
1411 1643 1491 1685 hos
1529 1644 1608 1686 sibi
1646 1644 1783 1700 licere,

263 1716 311 1755 ut
342 1714 544 1756 adversus
576 1716 742 1769 patrem
772 1714 1006 1756 tumultum
1038 1713 1204 1755 civilem
1235 1713 1456 1769 excitaret,
1495 1729 1584 1756 non
1613 1717 1784 1769 poterat

263 1784 498 1826 adfirmare.
570 1783 707 1826 Immo
744 1784 863 1826 deum
905 1798 968 1825 mc
1009 1787 1120 1826 uetat
1162 1785 1209 1826 id
1246 1784 1277 1836 f.
1313 1798 1357 1837 p.
1402 1784 1539 1826 dicere
1582 1785 1781 1827 debebat:

263 1854 316 1896 cf.
335 1854 477 1897 Plauti
503 1854 652 1897 Pseud.
673 1855 756 1897 291
792 1855 946 1910 ‘pietas
977 1854 1203 1909 prohibet.2
1248 1853 1330 1896 Sed
1361 1854 1500 1896 fateor
1519 1855 1647 1897 etiam
1667 1870 1782 1898 nunc

263 1926 404 1980 aptius
436 1925 541 1967 mihi
572 1925 723 1980 videri,
755 1925 790 1966 si
821 1925 945 1976 senis,
978 1939 1105 1980 quam
1134 1925 1169 1966 si
1196 1924 1372 1966 deorum
1403 1925 1540 1980 pietas
1572 1925 1782 1968 Teucrum

264 2011 289 2037 a
315 1996 356 2037 vi
384 1996 652 2052 prohibebat.

380 2078 433 2121 V.
465 2080 551 2122 288
583 2078 870 2121 Buechelerus
900 2078 1079 2120 iambice
1112 2079 1301 2121 metitur:

453 2163 523 2216 qui
555 2162 676 2204 11111111
707 2161 749 2203 di
781 2161 967 2217 deaeque
999 2161 1158 2217 magno
1190 2159 1444 2204 mactassl‘nt
1473 2162 1598 2205 malo.

263 2245 506 2287 Trochaeos
533 2245 727 2299 equidem
752 2245 935 2300 praetuli
960 2246 1136 2299 propter
1161 2245 1380 2299 accentus,
1411 2258 1507 2286 cum
1526 2245 1571 2286 in
1595 2245 1780 2288 formula

264 2316 322 2357 ‘di
359 2316 562 2371 deaeque'
595 2315 722 2357 modo
755 2315 1006 2357 admittatur
1046 2314 1268 2370 synizesis‚
1304 2314 1430 2382 modo
1473 2315 1602 2370 plena
1639 2317 1780 2383 ¹valeat

262 2387 474 2428 vocalium
492 2387 801 2442 pronuntiatio.
838 2385 1120 2428 Exclamandi
1139 2385 1310 2441 signum
1335 2385 1562 2440 typotheta
1581 2388 1779 2443 neglexit.

378 2468 430 2511 V.
463 2469 549 2510 294
586 2469 989 2512 commemoratione
1027 2469 1158 2524 digna
1196 2467 1378 2510 Useneri
1409 2469 1612 2524 suspicio,
1651 2471 1778 2525 scrip-

261 2540 365 2581 sisse
396 2526 588 2580 Ennium
623 2539 844 2582 aduo‘rsam
880 2540 956 2582 illd
988 2539 1041 2581 ad
1071 2539 1185 2581 illius
1218 2538 1558 2595 similitudinem,
1589 2540 1701 2594 quod
1733 2541 1778 2582 in

262 2609 373 2652 SCto
405 2610 457 2651 de
488 2609 775 2652 Bacanalibus
806 2610 964 2665 legitur
994 2607 1320 2652 ARVORSVM
1350 2607 1484 2650 EAD.

377 2680 429 2723 V.
461 2680 548 2722 295
578 2681 665 2722 iam
695 2695 784 2722 non
815 2680 956 2735 placet
992 2681 1170 2722 lacunae
1209 2679 1322 2735 quod
1354 2679 1465 2721 edidi
1509 2681 1774 2736 supplemen-

258 2754 351 2792 tum
389 2751 571 2793 ‘delectat
599 2748 784 2806 [lactat]
817 2751 992 2793 ductat'.
1037 2750 1156 2792 Ferri
1187 2751 1324 2806 possit
1354 2752 1452 2805 post
1477 2749 1656 2805 simplex
1686 2752 1775 2794 v'e'r-

258 2822 360 2864 bum
410 2823 711 2878 compositum,
760 2823 864 2864 illud
915 2822 1050 2863 debile
1101 2824 1143 2863 et
1191 2822 1330 2864 inane.
1403 2821 1503 2863 Non
1553 2822 1775 2865 invenuste
