1942 3204
219 174 274 215 66
859 176 901 216 Q.
926 174 1105 208 ENNivs

940 278 1023 320 xv

342 390 348 396 .
396 389 402 397 .
449 390 455 396 .
503 390 509 397 .
556 390 563 396 .
610 390 616 397 .
663 390 670 397 .
717 390 723 396 .
770 356 871 409 aigei·
904 357 1100 411 oppletus
1133 354 1334 398 imbrium

338 432 527 474 Fremitu

863 510 968 552 XVI
1002 510 1097 568 (46)

224 587 312 628 345
348 620 675 629 .......
721 590 763 628 et
795 576 890 642 quis
923 589 1044 629 illaec
1077 591 1158 638 est,
1191 603 1297 643 quae
1330 588 1500 644 higubri

339 663 563 706 Siieeincta
596 667 661 706 est
694 664 833 706 stola?
1025 708 1033 712 ,

850 747 977 789 XVII
1011 747 1106 804 (τυ)

341 827 375 862 ()
407 826 522 866 terra
555 825 732 879 Traeea,
766 825 837 866 ubi
870 823 1016 866 Liberi
1048 827 1197 867 fanum
1229 823 1439 867 inclutum

341 901 462 943 Maro
495 902 671 943 locauit!
1482 891 1485 894 ’

785 978 935 1021 XVIII
967 977 1110 1035 (Eum.
1134 981 1177 1036 1)

340 1056 627 1112 Areopagitae
661 1054 762 1111 quia
795 1056 946 1098 dedere
980 1057 1159 1112 aequam
1190 1057 1322 1112 pilam

218 1186 357 1220 Paulus
384 1190 534 1219 ‘tesca
559 1186 642 1219 loca
667 1187 820 1229 augurio
851 1186 1054 1229 designata.
1094 1186 1223 1220 Cicero
1249 1197 1379 1230 aspera
1406 1188 1459 1220 ait
1491 1197 1571 1220 esse
1596 1192 1630 1221 et
1652 1187 1748 1221 diffi-

218 1233 331 1265 cilia!
377 1231 543 1274 Scaliger
568 1232 661 1268 haec
684 1235 948 1275 temptauerat:
983 1232 1143 1275 ‘templa
1173 1232 1322 1275 quidam
1353 1232 1588 1275 explicauere
1614 1243 1746 1277 aspera

219 1277 389 1311 difficilia
413 1277 529 1311 aditu.
568 1277 709 1310 Attius:
735 1277 837 1310 loca‘
861 1287 892 1310 e.
917 1289 947 1321 q.
974 1287 1000 1314 s.
1032 1278 1222 1316 Enniana,
1255 1287 1346 1320 quae
1372 1278 1459 1310 olim
1484 1279 1579 1311 inter
1603 1279 1745 1312 ineerta

215 1324 439 1357 incertarum
465 1322 670 1355 fabularum
699 1321 905 1365 latuerunt,
937 1326 1091 1364 possunt
1121 1323 1234 1356 fuisse
1266 1333 1311 1356 ex
1341 1322 1567 1356 Andromeda
1680 1323 1747 1357 XV

218 1368 369 1401 Seruius
386 1369 424 1400 in
441 1369 554 1411 Verg.
574 1368 638 1402 Ge.
657 1368 674 1400 1
694 1369 734 1400 12
761 1371 770 1387 ‘
783 1366 1010 1411 frementem]
1032 1368 1127 1411 quod
1144 1371 1291 1401 ueteres
1308 1379 1626 1411 murmura,aq11ae
1652 1369 1746 1401 fre·

217 1414 373 1446 mitum
397 1413 584 1449 dicebant.
623 1414 781 1446 Ennius:
808 1415 919 1456 ager’
946 1425 977 1446 e.
1001 1424 1036 1456 q.
1063 1423 1092 1446 s.
1124 1412 1278 1454 (Extant
1302 1414 1341 1446 in
1362 1413 1562 1455 Leidensi).
1602 1414 1652 1446 Et
1675 1414 1745 1447 hoe

217 1462 255 1492 et
281 1469 439 1502 sequens
465 1458 508 1491 fr.
532 1459 663 1491 referri
687 1462 810 1501 potest
834 1459 880 1491 ad
903 1459 1170 1491 Andromedam
1264 1459 1351 1493 XVI
1374 1458 1466 1492 Non.
1487 1460 1598 1501 198,1
1625 1459 1746 1492 ‘cuis

219 1507 256 1536 et
283 1505 411 1546 generi
437 1503 614 1536 feminino
642 1505 794 1538 attribui
824 1514 929 1547 posse
954 1507 1118 1537 ueterum
1141 1505 1344 1537 auctoritas
1368 1504 1486 1537 uoluit
1507 1528 1516 1538 .
1538 1530 1544 1536 .
1566 1506 1594 1538 .'

218 1549 324 1582 XVII
348 1550 464 1582 Varro
490 1549 534 1581 de
559 1549 582 1582 l.
599 1549 641 1582 L.
658 1549 689 1582 V
714 1550 757 1582 14
780 1548 828 1584 Μ.
856 1549 1005 1582 ‘loeus
1031 1553 1104 1587 est,
1129 1550 1192 1582 ubi
1215 1550 1378 1582 locatum
1403 1549 1489 1592 quid
1513 1559 1592 1583 esse
1609 1553 1744 1593 potest.

217 1594 267 1627 Vt
291 1605 388 1627 nunc
414 1594 541 1627 dicunt
564 1594 814 1636 conlocatum,
838 1598 985 1628 ueteres
1010 1595 1047 1627 id
1074 1595 1195 1628 dicere
1219 1594 1349 1627 solitos
1372 1598 1523 1638 apparet
1551 1620 1560 1628 .
1581 1619 1589 1627 .
1609 1620 1618 1627 .
1649 1595 1747 1639 apud

217 1640 394 1672 Ennium:
428 1651 448 1672 o
473 1642 596 1672 terra’
623 1651 653 1674 e.
682 1650 716 1682 q.
742 1650 769 1674 Β.
819 1640 888 1673 His
911 1639 1083 1683 Eumolpi
1114 1641 1272 1683 patriam
1297 1641 1336 1672 in
1359 1640 1566 1673 Erechtheo
1592 1639 1746 1674 salutari

217 1685 382 1728 potuisse
409 1685 563 1719 conieci.
670 1685 794 1718 XVIII
818 1685 935 1718 Varro
961 1685 1004 1718 de
1030 1685 1052 1721 1,
1077 1685 1120 1717 L.
1146 1686 1217 1719 VII
1243 1687 1284 1718 19
1310 1686 1463 1718 ‘Ennii
1492 1710 1499 1717 .
1519 1709 1528 1719 .
1547 1710 1556 1719 .
1585 1685 1747 1729 Areopa-

217 1730 318 1773 gitae
350 1731 396 1763 ab
427 1730 641 1773 Areopago:
672 1731 704 1763 is
736 1730 839 1763 locus
868 1730 1054 1763 Athenis.'
1110 1730 1268 1773 (hermi
1297 1731 1380 1764 Par.
1407 1731 1429 1763 b
1460 1730 1595 1763 Ennii
1629 1732 1743 1764 ceteri

217 1775 331 1818 libri.)
378 1776 434 1808 Ex
458 1775 724 1808 Eumenidibus
750 1778 893 1818 sumpta
918 1779 1013 1810 sunt.

333 1907 412 1944 347
447 1914 542 1944 treca
572 1907 682 1943 Flor.
715 1907 848 1944 Haun.
872 1907 964 1943 Par.
989 1919 1009 1943 c
1040 1907 1195 1944 Thraeca
1225 1907 1522 1945 Fleckeisenus:
1551 1908 1605 1956 ef.
1636 1911 1742 1956 quin,-

216 1976 329 2012 qucty.
363 1967 478 2001 artie.
510 1965 556 2000 de
587 1964 754 2011 orthoyr.
787 1963 871 2000 Lac.
905 1963 959 2000 30
987 1975 1042 2012 sq.
1075 1964 1197 2000 trecha
1229 1960 1335 2001 Go'tlz.
1366 1967 1444 2001 teca
1473 1964 1568 2001 Par.
1600 1977 1623 2001 a
1660 1966 1743 2002 trita

215 2021 309 2057 Par.
344 2022 364 2057 b
395 2021 530 2056 Threoa
564 2019 771 2056 Gulielmus
813 2020 932 2056 Veris.
964 2019 990 2056 I
1008 2020 1058 2057 19
1147 2019 1227 2057 347
1259 2031 1317 2068 sq.
1349 2020 1523 2057 inclutum
1554 2020 1649 2058 Maro
1681 2020 1742 2059 ‘in

215 2079 387 2125 maryine
426 2078 663 2123 exemplaris
696 2076 973 2123 Spanlwmiani
1007 2079 1045 2113 in
1084 2077 1306 2114 bibliotheca
1347 2076 1468 2125 Reyia
1501 2077 1746 2115 Berolinensi

216 2133 435 2170 asseruati?
482 2132 535 2180 cf.
569 2132 830 2169 Schneiderus
859 2136 939 2170 uita
973 2134 1086 2170 Varr.
1116 2145 1154 2180 p.
1177 2132 1278 2180 240,
1313 2133 1354 2170 0.
1375 2133 1738 2172 Muelleruscomm.

215 2191 377 2227 addend.
407 2202 446 2237 p.
482 2189 562 2226 299
593 2190 628 2225 in
658 2190 790 2225 ciuium
821 2200 917 2225 maro
954 2190 1061 2227 Goth.
1094 2190 1228 2227 Haun.
1263 2191 1300 2226 in
1339 2190 1471 2226 ciuium
1501 2201 1610 2227 mzcro
1642 2190 1740 2238 (sic),

217 2258 319 2283 corr.
347 2258 462 2293 muro,
493 2245 592 2282 Med.
617 2251 711 2283 teste
741 2246 988 2284 Wilmcmnsio
1019 2248 1054 2282 in
1085 2247 1217 2283 ciuium
1246 2257 1350 2283 muro
1371 2247 1464 2283 Par.
1490 2260 1513 2283 α
1544 2248 1580 2284 in
1610 2248 1741 2284 ciuium

216 2314 341 2340 moero
381 2303 491 2339 ‘Pan
533 2304 574 2349 b,
618 2308 658 2338 ul
693 2304 793 2349 αἰῶ,
833 2307 869 2340 et
905 2315 925 2340 c
958 2302 1074 2350 fort.'
1116 2302 1156 2339 0.
1188 2303 1241 2340 M.
1278 2302 1475 2350 inclutum,
1515 2316 1583 2340 om.
1623 2314 1741 2350 muro,

218 2360 425 2397 Gulielmus
449 2360 474 2395 l.
496 2361 521 2397 I.
612 2371 632 2395 o
665 2364 758 2395 terra
791 2360 930 2407 tritam,
964 2356 1000 2396 in
1030 2360 1130 2396 cuius
1162 2370 1284 2396 moero
1315 2358 1430 2396 Liberi
1462 2358 1595 2396 Fanum
1625 2359 1742 2396 locaui

219 2416 398 2464 Scaliyer
513 2414 593 2453 348
625 2415 740 2452 locaui
768 2416 858 2452 libri
971 2415 1051 2453 349
1082 2416 1319 2464 Areopagitae
1341 2417 1422 2464 quia
1445 2415 1574 2453 dedere
1595 2423 1741 2465 aequam

216 2472 325 2520 pilam
356 2475 510 2520 scripsi.
541 2472 778 2520 Areopagitae
809 2472 893 2520 quid
924 2471 1036 2521 (quod
1066 2470 1213 2520 Haun.)
1245 2471 1375 2508 dedere
1405 2471 1548 2519 (debere
1577 2473 1672 2509 Par.
1703 2472 1742 2519 a)

217 2539 322 2576 quam
352 2528 482 2577 pudam
513 2525 623 2578 (llaec
643 2529 717 2565 duo
738 2530 928 2566 uocabula
951 2541 1020 2566 om.
1045 2529 1150 2566 Goth.
1173 2528 1319 2575 Haun.)
1338 2529 1429 2565 libri
1456 2529 1740 2578 Areopagiticam

216 2596 256 2621 ea
279 2585 322 2621 de
343 2597 383 2621 re
405 2590 536 2621 uocant
556 2590 693 2633 petram
716 2585 891 2633 Scaliyer
914 2586 1141 2634 Areopagum
1168 2585 1251 2621 inde
1282 2585 1342 2633 qui
1364 2585 1485 2621 dixere
1505 2596 1581 2621 eam
1600 2591 1739 2634 petram

226 2642 381 2678 Vossius
421 2642 658 2690 Areopagitae
694 2642 754 2689 qui
790 2641 933 2678 edidere
969 2653 1120 2690 aequom
1158 2641 1274 2690 palam
1309 2642 1471 2679 Bollaius
1503 2642 1739 2690 Areopagitae

216 2697 359 2745 quidem
381 2697 512 2734 dedere
541 2709 688 2746 aequam
719 2709 876 2746 pugnarn
902 2698 942 2734 Ο.
964 2698 1178 2736 Muellerus
1202 2703 1238 2735 et
1257 2700 1401 2735 inserto
1431 2698 1463 2734 ei
1487 2701 1579 2744 post
1607 2697 1738 2734 dedere

214 2754 502 2791 Fleckeisenus.
562 2754 670 2802 pilam
691 2754 920 2802 suffraqium
943 2759 1020 2791 est.-
1041 2754 1094 2803 cf.
1116 2755 1274 2792 Asconii
1292 2767 1439 2803 aryum.
1461 2754 1592 2791 Milon.
1612 2765 1652 2800 p.
1669 2752 1738 2801 40,

217 2810 266 2847 19
303 2810 365 2847 Or.
389 2811 619 2857 Propertius
652 2811 680 2847 V
699 2809 792 2858 (IV)
817 2811 879 2858 11,
903 2810 968 2849 20.
1019 2812 1068 2848 Et
1092 2814 1357 2858 praecessisse
1386 2812 1490 2848 hunc
1519 2822 1556 2847 u.
1588 2813 1624 2847 in
1657 2811 1737 2846 Eu-

215 2867 423 2903 menidibus
452 2869 526 2913 ipsi
555 2870 687 2904 uersui
717 2867 796 2904 136
828 2870 985 2904 conicio,
