<?xml version="1.0" encoding="UTF-8"?>
<!DOCTYPE html PUBLIC "-//W3C//DTD XHTML 1.0 Transitional//EN"
    "http://www.w3.org/TR/xhtml1/DTD/xhtml1-transitional.dtd">
<html xmlns="http://www.w3.org/1999/xhtml" xml:lang="en" lang="en">
 <head>
  <title>
</title>
<meta http-equiv="Content-Type" content="text/html;charset=utf-8" />
  <meta name='ocr-system' content='tesseract 3.04.00' />
  <meta name='ocr-capabilities' content='ocr_page ocr_carea ocr_par ocr_line ocrx_word'/>
</head>
<body>
  <div class='ocr_page' id='page_1' title='image "./romanorumpoes01ribbuoft_0136.png"; bbox 0 0 1942 3204; ppageno 0'>
   <div class='ocr_carea' id='block_1_1' title="bbox 202 151 1128 203">
    <p class='ocr_par' dir='ltr' id='par_1_1' title="bbox 202 151 1128 203">
     <span class='ocr_line' id='line_1_1' title="bbox 202 151 1128 203; baseline -0.006 -10"><span class='ocrx_word' id='word_1_1' title='bbox 202 195 205 203; x_wconf 70' lang='grc'><strong>,</strong></span> <span class='ocrx_word' id='word_1_2' title='bbox 249 151 305 193; x_wconf 79' lang='lat'>52</span> <span class='ocrx_word' id='word_1_3' title='bbox 881 153 924 194; x_wconf 70' lang='lat' dir='ltr'>o.</span> <span class='ocrx_word' id='word_1_4' title='bbox 949 152 1128 187; x_wconf 81' lang='lat' dir='ltr'>ENNIVS</span> 
     </span>
    </p>
   </div>
   <div class='ocr_carea' id='block_1_2' title="bbox 244 272 1818 780">
    <p class='ocr_par' dir='ltr' id='par_1_2' title="bbox 925 272 1083 331">
     <span class='ocr_line' id='line_1_2' title="bbox 925 272 1083 331; baseline 0 -14"><span class='ocrx_word' id='word_1_5' title='bbox 925 274 989 317; x_wconf 88' lang='lat' dir='ltr'>VI</span> <span class='ocrx_word' id='word_1_6' title='bbox 1016 272 1083 331; x_wconf 89' lang='lat'>(6)</span> 
     </span>
    </p>

    <p class='ocr_par' dir='ltr' id='par_1_3' title="bbox 244 350 1818 780">
     <span class='ocr_line' id='line_1_3' title="bbox 363 350 1772 408; baseline 0.001 -15"><span class='ocrx_word' id='word_1_7' title='bbox 363 350 524 394; x_wconf 81' lang='lat' dir='ltr'>Gellius</span> <span class='ocrx_word' id='word_1_8' title='bbox 544 351 585 394; x_wconf 95' lang='lat' dir='ltr'><strong>V</strong></span> <span class='ocrx_word' id='word_1_9' title='bbox 609 353 660 394; x_wconf 90' lang='lat'>11</span> <span class='ocrx_word' id='word_1_10' title='bbox 695 353 822 395; x_wconf 80' lang='lat' dir='ltr'>‘inter</span> <span class='ocrx_word' id='word_1_11' title='bbox 854 352 968 394; x_wconf 87' lang='lat' dir='ltr'>enim</span> <span class='ocrx_word' id='word_1_12' title='bbox 987 351 1318 408; x_wconf 82' lang='lat' dir='ltr'>pulcherrimam</span> <span class='ocrx_word' id='word_1_13' title='bbox 1348 352 1616 395; x_wconf 78' lang='lat' dir='ltr'>feminam-et</span> <span class='ocrx_word' id='word_1_14' title='bbox 1634 353 1772 396; x_wconf 88' lang='lat' dir='ltr'>defor-</span> 
     </span>
     <span class='ocr_line' id='line_1_4' title="bbox 245 429 1772 485; baseline 0.002 -15"><span class='ocrx_word' id='word_1_15' title='bbox 245 429 481 471; x_wconf 88' lang='lat' dir='ltr'>missimam</span> <span class='ocrx_word' id='word_1_16' title='bbox 511 429 651 471; x_wconf 88' lang='lat' dir='ltr'>media</span> <span class='ocrx_word' id='word_1_17' title='bbox 687 429 828 471; x_wconf 88' lang='lat' dir='ltr'>forma</span> <span class='ocrx_word' id='word_1_18' title='bbox 859 429 1068 484; x_wconf 81' lang='lat' dir='ltr'>quaedam</span> <span class='ocrx_word' id='word_1_19' title='bbox 1099 431 1164 471; x_wconf 75' lang='lat' dir='ltr'>est</span> <span class='ocrx_word' id='word_1_20' title='bbox 1195 463 1204 471; x_wconf 90' lang='lat'><strong><em>.</em></strong></span> <span class='ocrx_word' id='word_1_21' title='bbox 1237 463 1245 471; x_wconf 95' lang='lat'>.</span> <span class='ocrx_word' id='word_1_22' title='bbox 1278 463 1287 471; x_wconf 90' lang='lat'><strong>.</strong></span> <span class='ocrx_word' id='word_1_23' title='bbox 1319 430 1456 485; x_wconf 90' lang='lat' dir='ltr'>qualis</span> <span class='ocrx_word' id='word_1_24' title='bbox 1488 430 1541 472; x_wconf 90' lang='lat' dir='ltr'>ab</span> <span class='ocrx_word' id='word_1_25' title='bbox 1562 429 1610 480; x_wconf 83' lang='lat' dir='ltr'>Q.</span> <span class='ocrx_word' id='word_1_26' title='bbox 1627 429 1772 473; x_wconf 84' lang='lat' dir='ltr'>Ennio</span> 
     </span>
     <span class='ocr_line' id='line_1_5' title="bbox 246 504 1772 563; baseline 0.002 -16"><span class='ocrx_word' id='word_1_27' title='bbox 246 506 307 547; x_wconf 84' lang='lat' dir='ltr'>‘in</span> <span class='ocrx_word' id='word_1_28' title='bbox 338 506 531 548; x_wconf 83' lang='lat' dir='ltr'>Melani</span> <span class='ocrx_word' id='word_1_29' title='bbox 538 511 657 562; x_wconf 88' lang='lat' dir='ltr'>ppa&#39;</span> <span class='ocrx_word' id='word_1_30' title='bbox 693 505 772 563; x_wconf 87' lang='lat' dir='ltr'>(sic</span> <span class='ocrx_word' id='word_1_31' title='bbox 803 506 920 549; x_wconf 72' lang='lat' dir='ltr'>Rott.</span> <span class='ocrx_word' id='word_1_32' title='bbox 940 504 1059 563; x_wconf 72' lang='lat' dir='ltr'>Vat.)</span> <span class='ocrx_word' id='word_1_33' title='bbox 1093 509 1314 562; x_wconf 79' lang='lat' dir='ltr'>‘perquam</span> <span class='ocrx_word' id='word_1_34' title='bbox 1345 507 1532 563; x_wconf 75' lang='lat' dir='ltr'>elegan&#39;ci</span> <span class='ocrx_word' id='word_1_35' title='bbox 1562 507 1772 550; x_wconf 88' lang='lat' dir='ltr'>uocabulo</span> 
     </span>
     <span class='ocr_line' id='line_1_6' title="bbox 244 583 1773 641; baseline 0.001 -16"><span class='ocrx_word' id='word_1_36' title='bbox 244 586 383 625; x_wconf 78' lang='lat' dir='ltr'>stata</span> <span class='ocrx_word' id='word_1_37' title='bbox 415 583 571 625; x_wconf 77' lang='lat' dir='ltr'>dicitur</span> <span class='ocrx_word' id='word_1_38' title='bbox 603 616 611 625; x_wconf 92' lang='lat'><strong>.</strong></span> <span class='ocrx_word' id='word_1_39' title='bbox 644 616 653 625; x_wconf 89' lang='lat'><strong>.</strong></span> <span class='ocrx_word' id='word_1_40' title='bbox 687 616 695 625; x_wconf 90' lang='lat'><strong>.</strong></span> <span class='ocrx_word' id='word_1_41' title='bbox 726 583 896 626; x_wconf 86' lang='lat' dir='ltr'>Ennius</span> <span class='ocrx_word' id='word_1_42' title='bbox 928 586 1072 626; x_wconf 75' lang='lat' dir='ltr'>autem</span> <span class='ocrx_word' id='word_1_43' title='bbox 1101 583 1148 625; x_wconf 89' lang='lat' dir='ltr'>in</span> <span class='ocrx_word' id='word_1_44' title='bbox 1178 584 1262 626; x_wconf 73' lang='lat' dir='ltr'>ista</span> <span class='ocrx_word' id='word_1_45' title='bbox 1281 599 1409 639; x_wconf 89' lang='lat' dir='ltr'>quam</span> <span class='ocrx_word' id='word_1_46' title='bbox 1440 584 1527 626; x_wconf 87' lang='lat' dir='ltr'><strong>dixi</strong></span> <span class='ocrx_word' id='word_1_47' title='bbox 1550 584 1773 641; x_wconf 74' lang='lat' dir='ltr'>tragoedia</span> 
     </span>
     <span class='ocr_line' id='line_1_7' title="bbox 244 660 1818 717; baseline 0.001 -16"><span class='ocrx_word' id='word_1_48' title='bbox 244 675 328 701; x_wconf 87' lang='lat' dir='ltr'>eas</span> <span class='ocrx_word' id='word_1_49' title='bbox 367 660 474 702; x_wconf 88' lang='lat' dir='ltr'>fere</span> <span class='ocrx_word' id='word_1_50' title='bbox 520 660 742 703; x_wconf 85' lang='lat' dir='ltr'>feminas</span> <span class='ocrx_word' id='word_1_51' title='bbox 781 661 854 703; x_wconf 72' lang='lat' dir='ltr'>ait</span> <span class='ocrx_word' id='word_1_52' title='bbox 897 661 1144 703; x_wconf 88' lang='lat' dir='ltr'>incolumi</span> <span class='ocrx_word' id='word_1_53' title='bbox 1186 661 1438 716; x_wconf 81' lang='lat' dir='ltr'>pudicitia</span> <span class='ocrx_word' id='word_1_54' title='bbox 1476 675 1602 717; x_wconf 84' lang='lat' dir='ltr'>esse,</span> <span class='ocrx_word' id='word_1_55' title='bbox 1646 676 1771 716; x_wconf 88' lang='lat' dir='ltr'>quae</span> <span class='ocrx_word' id='word_1_56' title='bbox 1812 670 1818 678; x_wconf 86' lang='grc'><em>“</em></span> 
     </span>
     <span class='ocr_line' id='line_1_8' title="bbox 244 737 810 780; baseline 0.004 -2"><span class='ocrx_word' id='word_1_57' title='bbox 244 739 383 778; x_wconf 73' lang='lat' dir='ltr'>stata</span> <span class='ocrx_word' id='word_1_58' title='bbox 414 737 578 779; x_wconf 84' lang='lat' dir='ltr'>forma</span> <span class='ocrx_word' id='word_1_59' title='bbox 609 737 810 780; x_wconf 64' lang='lat' dir='ltr'>forent?</span> 
     </span>
    </p>
   </div>
   <div class='ocr_carea' id='block_1_3' title="bbox 901 813 1114 948">
    <p class='ocr_par' dir='ltr' id='par_1_4' title="bbox 901 813 1114 948">
     <span class='ocr_line' id='line_1_9' title="bbox 901 813 1114 858; baseline -0.005 0"><span class='ocrx_word' id='word_1_60' title='bbox 901 813 1114 858; x_wconf 81' lang='lat' dir='ltr'>NEMEA</span> 
     </span>
     <span class='ocr_line' id='line_1_10' title="bbox 944 890 1064 948; baseline 0 0"><span class='ocrx_word' id='word_1_61' title='bbox 944 891 965 934; x_wconf 89' lang='grc' dir='ltr'>Ι</span> <span class='ocrx_word' id='word_1_62' title='bbox 997 890 1064 948; x_wconf 85' lang='grc'>(1)</span> 
     </span>
    </p>
   </div>
   <div class='ocr_carea' id='block_1_4' title="bbox 239 967 1172 1166">
    <p class='ocr_par' dir='ltr' id='par_1_5' title="bbox 239 967 1172 1166">
     <span class='ocr_line' id='line_1_11' title="bbox 362 967 1172 1025; baseline -0.001 -14"><span class='ocrx_word' id='word_1_63' title='bbox 362 969 529 1012; x_wconf 78' lang='lat' dir='ltr'>Teneor</span> <span class='ocrx_word' id='word_1_64' title='bbox 557 970 774 1025; x_wconf 60' lang='lat' dir='ltr'>con-sipia,</span> <span class='ocrx_word' id='word_1_65' title='bbox 805 967 995 1024; x_wconf 84' lang='lat' dir='ltr'>undique</span> <span class='ocrx_word' id='word_1_66' title='bbox 1026 982 1172 1011; x_wconf 88' lang='lat' dir='ltr'>uenor.</span> 
     </span>
     <span class='ocr_line' id='line_1_12' title="bbox 930 1043 1074 1102; baseline 0 -14"><span class='ocrx_word' id='word_1_67' title='bbox 930 1045 975 1088; x_wconf 93' lang='lat' dir='ltr'>II</span> <span class='ocrx_word' id='word_1_68' title='bbox 1007 1043 1074 1102; x_wconf 81' lang='lat'>(2)</span> 
     </span>
     <span class='ocr_line' id='line_1_13' title="bbox 239 1121 1087 1166; baseline -0.001 -1"><span class='ocrx_word' id='word_1_69' title='bbox 239 1123 326 1166; x_wconf 82' lang='lat'>255</span> <span class='ocrx_word' id='word_1_70' title='bbox 475 1123 638 1165; x_wconf 85' lang='lat' dir='ltr'>Pecudl&#39;</span> <span class='ocrx_word' id='word_1_71' title='bbox 667 1123 767 1166; x_wconf 87' lang='lat' dir='ltr'>dare</span> <span class='ocrx_word' id='word_1_72' title='bbox 798 1123 900 1165; x_wconf 92' lang='lat' dir='ltr'>uiua</span> <span class='ocrx_word' id='word_1_73' title='bbox 930 1121 1087 1165; x_wconf 75' lang='lat' dir='ltr'>marito</span> 
     </span>
    </p>
   </div>
   <div class='ocr_carea' id='block_1_5' title="bbox 872 1216 1138 1351">
    <p class='ocr_par' dir='ltr' id='par_1_6' title="bbox 872 1216 1138 1351">
     <span class='ocr_line' id='line_1_14' title="bbox 872 1216 1138 1260; baseline -0.004 0"><span class='ocrx_word' id='word_1_74' title='bbox 872 1216 1138 1260; x_wconf 81' lang='lat' dir='ltr'>PHOENIX</span> 
     </span>
     <span class='ocr_line' id='line_1_15' title="bbox 940 1292 1061 1351; baseline 0 0"><span class='ocrx_word' id='word_1_75' title='bbox 940 1294 961 1336; x_wconf 91' lang='grc' dir='ltr'><strong>Ι</strong></span> <span class='ocrx_word' id='word_1_76' title='bbox 994 1292 1061 1351; x_wconf 87' lang='grc'>(6)</span> 
     </span>
    </p>
   </div>
   <div class='ocr_carea' id='block_1_6' title="bbox 402 1370 1538 1506">
    <p class='ocr_par' dir='ltr' id='par_1_7' title="bbox 402 1370 1538 1506">
     <span class='ocr_line' id='line_1_16' title="bbox 402 1370 1538 1428; baseline -0.001 -14"><span class='ocrx_word' id='word_1_77' title='bbox 402 1405 410 1414; x_wconf 95' lang='grc'><em>.</em></span> <span class='ocrx_word' id='word_1_78' title='bbox 444 1373 638 1428; x_wconf 71' lang='lat' dir='ltr'>stultust‚</span> <span class='ocrx_word' id='word_1_79' title='bbox 670 1370 748 1427; x_wconf 84' lang='lat' dir='ltr'>qu1‘</span> <span class='ocrx_word' id='word_1_80' title='bbox 776 1372 921 1427; x_wconf 75' lang='lat' dir='ltr'>cupita</span> <span class='ocrx_word' id='word_1_81' title='bbox 951 1372 1126 1427; x_wconf 77' lang='lat' dir='ltr'>cupiens</span> <span class='ocrx_word' id='word_1_82' title='bbox 1159 1371 1378 1427; x_wconf 72' lang='lat' dir='ltr'>cupienter</span> <span class='ocrx_word' id='word_1_83' title='bbox 1410 1372 1538 1427; x_wconf 76' lang='lat' dir='ltr'>cupit.</span> 
     </span>
     <span class='ocr_line' id='line_1_17' title="bbox 928 1447 1071 1506; baseline 0 -15"><span class='ocrx_word' id='word_1_84' title='bbox 928 1449 972 1491; x_wconf 92' lang='lat' dir='ltr'>II</span> <span class='ocrx_word' id='word_1_85' title='bbox 1004 1447 1071 1506; x_wconf 85' lang='lat'>(1)</span> 
     </span>
    </p>
   </div>
   <div class='ocr_carea' id='block_1_7' title="bbox 361 1524 1600 1569">
    <p class='ocr_par' dir='ltr' id='par_1_8' title="bbox 361 1524 1600 1569">
     <span class='ocr_line' id='line_1_18' title="bbox 361 1524 1600 1569; baseline -0.001 -1"><span class='ocrx_word' id='word_1_86' title='bbox 361 1525 443 1569; x_wconf 77' lang='lat' dir='ltr'>Sed</span> <span class='ocrx_word' id='word_1_87' title='bbox 474 1527 617 1569; x_wconf 86' lang='lat' dir='ltr'>uirum</span> <span class='ocrx_word' id='word_1_88' title='bbox 648 1527 808 1569; x_wconf 69' lang='lat' dir='ltr'>uirtute</span> <span class='ocrx_word' id='word_1_89' title='bbox 840 1541 943 1568; x_wconf 89' lang='lat' dir='ltr'>uera</span> <span class='ocrx_word' id='word_1_90' title='bbox 974 1524 1121 1569; x_wconf 79' lang='lat' dir='ltr'>uiuere</span> <span class='ocrx_word' id='word_1_91' title='bbox 1154 1526 1392 1568; x_wconf 72' lang='lat' dir='ltr'>animatum</span> <span class='ocrx_word' id='word_1_92' title='bbox 1422 1525 1600 1568; x_wconf 74' lang='lat' dir='ltr'>addecet</span> 
     </span>
    </p>
   </div>
   <div class='ocr_carea' id='block_1_8' title="bbox 242 1644 1768 1714">
    <p class='ocr_par' dir='ltr' id='par_1_9' title="bbox 242 1644 1768 1714">
     <span class='ocr_line' id='line_1_19' title="bbox 242 1644 1768 1694; baseline 0 -16"><span class='ocrx_word' id='word_1_93' title='bbox 242 1646 334 1694; x_wconf 66' lang='lat' dir='ltr'>bant</span> <span class='ocrx_word' id='word_1_94' title='bbox 356 1671 363 1678; x_wconf 94' lang='lat'>.</span> <span class='ocrx_word' id='word_1_95' title='bbox 380 1671 410 1679; x_wconf 91' lang='lat'>..</span> <span class='ocrx_word' id='word_1_96' title='bbox 436 1646 577 1678; x_wconf 86' lang='lat' dir='ltr'>Ennius</span> <span class='ocrx_word' id='word_1_97' title='bbox 602 1645 640 1677; x_wconf 89' lang='lat' dir='ltr'>in</span> <span class='ocrx_word' id='word_1_98' title='bbox 665 1645 899 1688; x_wconf 83' lang='lat' dir='ltr'>Melanippa:</span> <span class='ocrx_word' id='word_1_99' title='bbox 932 1655 1011 1678; x_wconf 90' lang='lat' dir='ltr'>cum</span> <span class='ocrx_word' id='word_1_100' title='bbox 1038 1655 1065 1679; x_wconf 89' lang='lat' dir='ltr'>s.</span> <span class='ocrx_word' id='word_1_101' title='bbox 1093 1648 1140 1678; x_wconf 60' lang='lat' dir='ltr'>s!</span> <span class='ocrx_word' id='word_1_102' title='bbox 1180 1644 1246 1687; x_wconf 90' lang='lat' dir='ltr'>(in</span> <span class='ocrx_word' id='word_1_103' title='bbox 1271 1644 1530 1687; x_wconf 83' lang='lat' dir='ltr'>melanippa</span> <span class='ocrx_word' id='word_1_104' title='bbox 1562 1654 1630 1678; x_wconf 84' lang='lat' dir='ltr'>om.</span> <span class='ocrx_word' id='word_1_105' title='bbox 1655 1644 1768 1686; x_wconf 80' lang='lat' dir='ltr'>Sang.</span> 
     </span>
     <span class='ocr_line' id='line_1_20' title="bbox 242 1697 323 1714; baseline 0 0"><span class='ocrx_word' id='word_1_106' title='bbox 242 1697 269 1714; x_wconf 82' lang='grc' dir='ltr'>ΙΙῚ</span> <span class='ocrx_word' id='word_1_107' title='bbox 307 1697 323 1714; x_wconf 71' lang='grc' dir='ltr'>(Ξ</span> 
     </span>
    </p>
   </div>
   <div class='ocr_carea' id='block_1_9' title="bbox 236 1722 1769 2355">
    <p class='ocr_par' dir='ltr' id='par_1_10' title="bbox 237 1722 1769 1985">
     <span class='ocr_line' id='line_1_21' title="bbox 268 1722 1767 1768; baseline -0.002 -11"><span class='ocrx_word' id='word_1_108' title='bbox 268 1724 519 1768; x_wconf 78' lang='lat' dir='ltr'>imlanippa</span> <span class='ocrx_word' id='word_1_109' title='bbox 543 1724 632 1767; x_wconf 81' lang='lat' dir='ltr'>Reg.</span> <span class='ocrx_word' id='word_1_110' title='bbox 661 1725 706 1756; x_wconf 91' lang='lat' dir='ltr'>in</span> <span class='ocrx_word' id='word_1_111' title='bbox 729 1724 986 1767; x_wconf 83' lang='lat' dir='ltr'>menalippa</span> <span class='ocrx_word' id='word_1_112' title='bbox 1011 1724 1138 1757; x_wconf 86' lang='lat' dir='ltr'>Bamb.</span> <span class='ocrx_word' id='word_1_113' title='bbox 1158 1725 1263 1757; x_wconf 84' lang='lat' dir='ltr'>Bern.</span> <span class='ocrx_word' id='word_1_114' title='bbox 1289 1724 1334 1755; x_wconf 91' lang='lat' dir='ltr'>in</span> <span class='ocrx_word' id='word_1_115' title='bbox 1358 1722 1591 1765; x_wconf 65' lang='lat' dir='ltr'>menelfipa</span> <span class='ocrx_word' id='word_1_116' title='bbox 1617 1722 1767 1758; x_wconf 82' lang='lat' dir='ltr'>Carolir,</span> 
     </span>
     <span class='ocr_line' id='line_1_22' title="bbox 238 1767 1768 1813; baseline -0.001 -11"><span class='ocrx_word' id='word_1_117' title='bbox 238 1770 280 1802; x_wconf 91' lang='lat' dir='ltr'>in</span> <span class='ocrx_word' id='word_1_118' title='bbox 314 1770 485 1813; x_wconf 63' lang='lat' dir='ltr'>mela-ipa</span> <span class='ocrx_word' id='word_1_119' title='bbox 517 1768 635 1812; x_wconf 84' lang='lat' dir='ltr'>Grut.)</span> <span class='ocrx_word' id='word_1_120' title='bbox 677 1768 818 1803; x_wconf 84' lang='lat' dir='ltr'>Gellius</span> <span class='ocrx_word' id='word_1_121' title='bbox 841 1769 892 1802; x_wconf 88' lang='lat' dir='ltr'>VI</span> <span class='ocrx_word' id='word_1_122' title='bbox 922 1769 1020 1810; x_wconf 88' lang='lat' dir='ltr'><strong>(VII)</strong></span> <span class='ocrx_word' id='word_1_123' title='bbox 1055 1771 1093 1810; x_wconf 88' lang='lat'>9,</span> <span class='ocrx_word' id='word_1_124' title='bbox 1126 1770 1167 1802; x_wconf 88' lang='grc'>16</span> <span class='ocrx_word' id='word_1_125' title='bbox 1198 1770 1414 1811; x_wconf 75' lang='lat' dir='ltr'>‘praeterea</span> <span class='ocrx_word' id='word_1_126' title='bbox 1443 1767 1571 1800; x_wconf 88' lang='lat' dir='ltr'>inueni</span> <span class='ocrx_word' id='word_1_127' title='bbox 1603 1778 1625 1800; x_wconf 84' lang='lat' dir='ltr'>a</span> <span class='ocrx_word' id='word_1_128' title='bbox 1654 1769 1768 1801; x_wconf 89' lang='lat' dir='ltr'>uerbo</span> 
     </span>
     <span class='ocr_line' id='line_1_23' title="bbox 238 1813 1769 1848; baseline -0.001 -1"><span class='ocrx_word' id='word_1_129' title='bbox 238 1815 366 1848; x_wconf 82' lang='lat' dir='ltr'>scindo</span> <span class='ocrx_word' id='word_1_130' title='bbox 393 1815 505 1848; x_wconf 88' lang='lat' dir='ltr'>simili</span> <span class='ocrx_word' id='word_1_131' title='bbox 530 1815 670 1847; x_wconf 83' lang='lat' dir='ltr'>ratione</span> <span class='ocrx_word' id='word_1_132' title='bbox 694 1825 766 1846; x_wconf 90' lang='lat' dir='ltr'>non</span> <span class='ocrx_word' id='word_1_133' title='bbox 791 1813 951 1847; x_wconf 82' lang='lat' dir='ltr'>sciderat</span> <span class='ocrx_word' id='word_1_134' title='bbox 975 1813 1039 1846; x_wconf 82' lang='lat' dir='ltr'>sed</span> <span class='ocrx_word' id='word_1_135' title='bbox 1064 1813 1288 1846; x_wconf 80' lang='lat' dir='ltr'>scicidera</span> <span class='ocrx_word' id='word_1_136' title='bbox 1303 1817 1318 1845; x_wconf 85' lang='lat' dir='ltr'><strong>t</strong></span> <span class='ocrx_word' id='word_1_137' title='bbox 1343 1813 1479 1846; x_wconf 83' lang='lat' dir='ltr'>dictum</span> <span class='ocrx_word' id='word_1_138' title='bbox 1504 1822 1598 1846; x_wconf 85' lang='lat' dir='ltr'>esse.</span> <span class='ocrx_word' id='word_1_139' title='bbox 1636 1813 1678 1847; x_wconf 92' lang='lat' dir='ltr'>L.</span> <span class='ocrx_word' id='word_1_140' title='bbox 1701 1813 1769 1846; x_wconf 88' lang='lat' dir='ltr'>Ac—</span> 
     </span>
     <span class='ocr_line' id='line_1_24' title="bbox 239 1857 1766 1903; baseline -0.001 -10"><span class='ocrx_word' id='word_1_141' title='bbox 239 1862 318 1893; x_wconf 88' lang='lat' dir='ltr'>cius</span> <span class='ocrx_word' id='word_1_142' title='bbox 342 1886 349 1893; x_wconf 96' lang='lat'>.</span> <span class='ocrx_word' id='word_1_143' title='bbox 364 1885 372 1894; x_wconf 90' lang='lat'>.</span> <span class='ocrx_word' id='word_1_144' title='bbox 387 1885 395 1892; x_wconf 90' lang='lat'><strong>.</strong></span> <span class='ocrx_word' id='word_1_145' title='bbox 418 1860 561 1892; x_wconf 87' lang='lat' dir='ltr'>Ennius</span> <span class='ocrx_word' id='word_1_146' title='bbox 587 1869 728 1902; x_wconf 86' lang='lat' dir='ltr'>quoque</span> <span class='ocrx_word' id='word_1_147' title='bbox 748 1857 803 1903; x_wconf 90' lang='lat' dir='ltr'>[in</span> <span class='ocrx_word' id='word_1_148' title='bbox 820 1859 1052 1901; x_wconf 82' lang='lat' dir='ltr'>Melanippa:</span> <span class='ocrx_word' id='word_1_149' title='bbox 1080 1869 1160 1891; x_wconf 86' lang='lat' dir='ltr'>cum</span> <span class='ocrx_word' id='word_1_150' title='bbox 1179 1868 1209 1894; x_wconf 90' lang='lat' dir='ltr'>s.</span> <span class='ocrx_word' id='word_1_151' title='bbox 1228 1857 1272 1901; x_wconf 83' lang='lat' dir='ltr'>s.]</span> <span class='ocrx_word' id='word_1_152' title='bbox 1294 1857 1464 1891; x_wconf 80' lang='lat' dir='ltr'>Valerius</span> <span class='ocrx_word' id='word_1_153' title='bbox 1483 1857 1631 1891; x_wconf 82' lang='lat' dir='ltr'>Antias’</span> <span class='ocrx_word' id='word_1_154' title='bbox 1650 1868 1681 1890; x_wconf 91' lang='lat' dir='ltr'>e.</span> <span class='ocrx_word' id='word_1_155' title='bbox 1699 1868 1722 1900; x_wconf 93' lang='lat' dir='ltr'><strong>q</strong></span> <span class='ocrx_word' id='word_1_156' title='bbox 1738 1868 1766 1893; x_wconf 83' lang='lat' dir='ltr'>s.</span> 
     </span>
     <span class='ocr_line' id='line_1_25' title="bbox 237 1903 1766 1948; baseline -0.001 -10"><span class='ocrx_word' id='word_1_157' title='bbox 237 1905 431 1948; x_wconf 81' lang='lat' dir='ltr'>Suppleuit</span> <span class='ocrx_word' id='word_1_158' title='bbox 454 1906 528 1938; x_wconf 82' lang='lat' dir='ltr'>Iac.</span> <span class='ocrx_word' id='word_1_159' title='bbox 554 1904 774 1939; x_wconf 83' lang='lat' dir='ltr'>Gronouius.</span> <span class='ocrx_word' id='word_1_160' title='bbox 851 1903 1089 1946; x_wconf 82' lang='lat' dir='ltr'>Melanippae</span> <span class='ocrx_word' id='word_1_161' title='bbox 1115 1913 1195 1937; x_wconf 83' lang='lat' dir='ltr'>esse</span> <span class='ocrx_word' id='word_1_162' title='bbox 1221 1903 1432 1946; x_wconf 80' lang='lat' dir='ltr'>suspicatus</span> <span class='ocrx_word' id='word_1_163' title='bbox 1457 1912 1535 1935; x_wconf 87' lang='lat' dir='ltr'>sum</span> <span class='ocrx_word' id='word_1_164' title='bbox 1560 1903 1672 1936; x_wconf 83' lang='lat' dir='ltr'>etiam</span> <span class='ocrx_word' id='word_1_165' title='bbox 1695 1903 1766 1937; x_wconf 81' lang='lat' dir='ltr'>ine.</span> 
     </span>
     <span class='ocr_line' id='line_1_26' title="bbox 237 1950 526 1985; baseline 0.007 -3"><span class='ocrx_word' id='word_1_166' title='bbox 237 1961 333 1985; x_wconf 83' lang='lat' dir='ltr'>nom.</span> <span class='ocrx_word' id='word_1_167' title='bbox 360 1950 526 1984; x_wconf 87' lang='lat' dir='ltr'>XXXIV.</span> 
     </span>
    </p>

    <p class='ocr_par' dir='ltr' id='par_1_11' title="bbox 236 1992 1768 2263">
     <span class='ocr_line' id='line_1_27' title="bbox 325 1992 1764 2034; baseline -0.001 -7"><span class='ocrx_word' id='word_1_168' title='bbox 325 1995 460 2028; x_wconf 65' lang='lat' dir='ltr'>Naum</span> <span class='ocrx_word' id='word_1_169' title='bbox 484 1996 503 2028; x_wconf 96' lang='lat' dir='ltr'>I</span> <span class='ocrx_word' id='word_1_170' title='bbox 526 1995 619 2028; x_wconf 91' lang='lat' dir='ltr'>Non.</span> <span class='ocrx_word' id='word_1_171' title='bbox 649 1996 730 2033; x_wconf 84' lang='lat'>183,</span> <span class='ocrx_word' id='word_1_172' title='bbox 761 1995 803 2027; x_wconf 88' lang='lat'>14</span> <span class='ocrx_word' id='word_1_173' title='bbox 827 1997 1007 2034; x_wconf 56' lang='lat' dir='ltr'>‘uenon</span> <span class='ocrx_word' id='word_1_174' title='bbox 1032 1994 1306 2027; x_wconf 85' lang='lat' dir='ltr'>circumuenior.</span> <span class='ocrx_word' id='word_1_175' title='bbox 1346 1993 1487 2026; x_wconf 85' lang='lat' dir='ltr'>Ennius</span> <span class='ocrx_word' id='word_1_176' title='bbox 1510 1992 1670 2026; x_wconf 83' lang='lat' dir='ltr'>Nemea</span> <span class='ocrx_word' id='word_1_177' title='bbox 1691 1995 1764 2026; x_wconf 86' lang='lat'><strong>...’</strong></span> 
     </span>
     <span class='ocr_line' id='line_1_28' title="bbox 236 2038 1766 2082; baseline -0.001 -9"><span class='ocrx_word' id='word_1_178' title='bbox 236 2041 431 2082; x_wconf 78' lang='lat' dir='ltr'>(mensa,</span> <span class='ocrx_word' id='word_1_179' title='bbox 457 2039 523 2073; x_wconf 79' lang='lat' dir='ltr'>sed</span> <span class='ocrx_word' id='word_1_180' title='bbox 539 2050 630 2075; x_wconf 85' lang='lat' dir='ltr'>corr.</span> <span class='ocrx_word' id='word_1_181' title='bbox 649 2043 691 2072; x_wconf 80' lang='lat' dir='ltr'>ut</span> <span class='ocrx_word' id='word_1_182' title='bbox 707 2040 755 2072; x_wconf 83' lang='lat' dir='ltr'>sit</span> <span class='ocrx_word' id='word_1_183' title='bbox 779 2039 1004 2079; x_wconf 83' lang='lat' dir='ltr'>nemea‚W</span> <span class='ocrx_word' id='word_1_184' title='bbox 1050 2038 1208 2072; x_wconf 83' lang='lat' dir='ltr'>Medea</span> <span class='ocrx_word' id='word_1_185' title='bbox 1225 2038 1419 2080; x_wconf 82' lang='lat' dir='ltr'>Bentinus)</span> <span class='ocrx_word' id='word_1_186' title='bbox 1441 2038 1490 2074; x_wconf 81' lang='lat' dir='ltr'>ef.</span> <span class='ocrx_word' id='word_1_187' title='bbox 1507 2038 1615 2071; x_wconf 76' lang='lat' dir='ltr'>Pauli</span> <span class='ocrx_word' id='word_1_188' title='bbox 1631 2038 1766 2071; x_wconf 75' lang='lat' dir='ltr'>Festus</span> 
     </span>
     <span class='ocr_line' id='line_1_29' title="bbox 239 2083 1768 2128; baseline -0.002 -10"><span class='ocrx_word' id='word_1_189' title='bbox 239 2097 274 2128; x_wconf 89' lang='lat' dir='ltr'>p.</span> <span class='ocrx_word' id='word_1_190' title='bbox 294 2087 335 2118; x_wconf 84' lang='lat'>62</span> <span class='ocrx_word' id='word_1_191' title='bbox 353 2086 403 2122; x_wconf 88' lang='grc' dir='ltr'>Μ.</span> <span class='ocrx_word' id='word_1_192' title='bbox 429 2086 706 2127; x_wconf 84' lang='lat' dir='ltr'>‘consiptum</span> <span class='ocrx_word' id='word_1_193' title='bbox 733 2084 829 2128; x_wconf 84' lang='lat' dir='ltr'>apud</span> <span class='ocrx_word' id='word_1_194' title='bbox 845 2085 1002 2117; x_wconf 88' lang='lat' dir='ltr'>Ennium</span> <span class='ocrx_word' id='word_1_195' title='bbox 1019 2094 1084 2127; x_wconf 83' lang='lat' dir='ltr'>pro</span> <span class='ocrx_word' id='word_1_196' title='bbox 1103 2087 1316 2127; x_wconf 77' lang='lat' dir='ltr'>conseptum</span> <span class='ocrx_word' id='word_1_197' title='bbox 1341 2084 1547 2126; x_wconf 58' lang='lat' dir='ltr'>reperitur)</span> <span class='ocrx_word' id='word_1_198' title='bbox 1617 2083 1652 2116; x_wconf 95' lang='lat' dir='ltr'>II</span> <span class='ocrx_word' id='word_1_199' title='bbox 1670 2083 1768 2116; x_wconf 83' lang='lat' dir='ltr'>Pris—</span> 
     </span>
     <span class='ocr_line' id='line_1_30' title="bbox 247 2128 1766 2174; baseline -0.001 -11"><span class='ocrx_word' id='word_1_200' title='bbox 247 2132 378 2164; x_wconf 83' lang='lat' dir='ltr'>cianus</span> <span class='ocrx_word' id='word_1_201' title='bbox 402 2131 432 2163; x_wconf 93' lang='lat' dir='ltr'>V</span> <span class='ocrx_word' id='word_1_202' title='bbox 459 2142 492 2174; x_wconf 92' lang='lat' dir='ltr'>p.</span> <span class='ocrx_word' id='word_1_203' title='bbox 509 2132 575 2164; x_wconf 87' lang='grc'>659</span> <span class='ocrx_word' id='word_1_204' title='bbox 591 2131 633 2164; x_wconf 93' lang='grc' dir='ltr'>Ρ.</span> <span class='ocrx_word' id='word_1_205' title='bbox 661 2130 743 2162; x_wconf 83' lang='lat' dir='ltr'>‘hic</span> <span class='ocrx_word' id='word_1_206' title='bbox 769 2133 806 2163; x_wconf 82' lang='lat' dir='ltr'>et</span> <span class='ocrx_word' id='word_1_207' title='bbox 830 2129 924 2162; x_wconf 86' lang='lat' dir='ltr'>haec</span> <span class='ocrx_word' id='word_1_208' title='bbox 948 2133 986 2162; x_wconf 82' lang='lat' dir='ltr'>et</span> <span class='ocrx_word' id='word_1_209' title='bbox 1009 2129 1079 2162; x_wconf 91' lang='lat' dir='ltr'>hoc</span> <span class='ocrx_word' id='word_1_210' title='bbox 1103 2139 1251 2172; x_wconf 81' lang='lat' dir='ltr'>pecus.</span> <span class='ocrx_word' id='word_1_211' title='bbox 1287 2129 1428 2161; x_wconf 83' lang='lat' dir='ltr'>Ennius</span> <span class='ocrx_word' id='word_1_212' title='bbox 1451 2129 1490 2160; x_wconf 89' lang='lat' dir='ltr'>in</span> <span class='ocrx_word' id='word_1_213' title='bbox 1514 2128 1672 2161; x_wconf 83' lang='lat' dir='ltr'>Nemea</span> <span class='ocrx_word' id='word_1_214' title='bbox 1691 2132 1766 2162; x_wconf 83' lang='lat'><strong>...²</strong></span> 
     </span>
     <span class='ocr_line' id='line_1_31' title="bbox 236 2173 1765 2219; baseline -0.002 -10"><span class='ocrx_word' id='word_1_215' title='bbox 236 2175 436 2218; x_wconf 79' lang='lat' dir='ltr'>(Neinea</span> <span class='ocrx_word' id='word_1_216' title='bbox 462 2175 573 2219; x_wconf 85' lang='lat' dir='ltr'>Sang.</span> <span class='ocrx_word' id='word_1_217' title='bbox 599 2175 754 2209; x_wconf 83' lang='lat' dir='ltr'>Nemia</span> <span class='ocrx_word' id='word_1_218' title='bbox 784 2174 903 2217; x_wconf 80' lang='lat' dir='ltr'>Grut.)</span> <span class='ocrx_word' id='word_1_219' title='bbox 951 2174 1102 2208; x_wconf 76' lang='lat' dir='ltr'>‘Potest</span> <span class='ocrx_word' id='word_1_220' title='bbox 1133 2177 1255 2207; x_wconf 80' lang='lat' dir='ltr'>tamen</span> <span class='ocrx_word' id='word_1_221' title='bbox 1284 2173 1439 2217; x_wconf 79' lang='lat' dir='ltr'>figurate</span> <span class='ocrx_word' id='word_1_222' title='bbox 1469 2173 1538 2207; x_wconf 91' lang='lat' dir='ltr'>hoc</span> <span class='ocrx_word' id='word_1_223' title='bbox 1574 2183 1655 2207; x_wconf 85' lang='lat' dir='ltr'>esse</span> <span class='ocrx_word' id='word_1_224' title='bbox 1684 2184 1765 2217; x_wconf 88' lang='lat' dir='ltr'>pro-</span> 
     </span>
     <span class='ocr_line' id='line_1_32' title="bbox 241 2219 1388 2263; baseline 0 -9"><span class='ocrx_word' id='word_1_225' title='bbox 241 2221 374 2263; x_wconf 81' lang='lat' dir='ltr'>latum,</span> <span class='ocrx_word' id='word_1_226' title='bbox 400 2224 440 2254; x_wconf 80' lang='lat' dir='ltr'>ut</span> <span class='ocrx_word' id='word_1_227' title='bbox 465 2221 496 2254; x_wconf 92' lang='lat' dir='ltr'>si</span> <span class='ocrx_word' id='word_1_228' title='bbox 520 2221 658 2253; x_wconf 85' lang='lat' dir='ltr'>dicam:</span> <span class='ocrx_word' id='word_1_229' title='bbox 685 2220 834 2262; x_wconf 83' lang='lat' dir='ltr'>aquila</span> <span class='ocrx_word' id='word_1_230' title='bbox 859 2220 1046 2253; x_wconf 84' lang='lat' dir='ltr'>maritus</span> <span class='ocrx_word' id='word_1_231' title='bbox 1070 2219 1131 2252; x_wconf 92' lang='lat' dir='ltr'>uel</span> <span class='ocrx_word' id='word_1_232' title='bbox 1155 2230 1219 2252; x_wconf 82' lang='lat' dir='ltr'>rex</span> <span class='ocrx_word' id='word_1_233' title='bbox 1243 2220 1388 2254; x_wconf 84' lang='lat' dir='ltr'>auium.’</span> 
     </span>
    </p>

    <p class='ocr_par' dir='ltr' id='par_1_12' title="bbox 242 2263 1765 2355">
     <span class='ocr_line' id='line_1_33' title="bbox 332 2263 1765 2307; baseline -0.002 -8"><span class='ocrx_word' id='word_1_234' title='bbox 332 2266 509 2299; x_wconf 77' lang='lat' dir='ltr'>Pflomux</span> <span class='ocrx_word' id='word_1_235' title='bbox 536 2266 657 2307; x_wconf 91' lang='lat' dir='ltr'>(immo</span> <span class='ocrx_word' id='word_1_236' title='bbox 681 2266 847 2299; x_wconf 76' lang='lat' dir='ltr'>Pomux:</span> <span class='ocrx_word' id='word_1_237' title='bbox 875 2265 922 2299; x_wconf 88' lang='lat' dir='ltr'>cf.</span> <span class='ocrx_word' id='word_1_238' title='bbox 946 2264 1136 2298; x_wconf 83' lang='lat' dir='ltr'>Charisius</span> <span class='ocrx_word' id='word_1_239' title='bbox 1161 2265 1206 2297; x_wconf 84' lang='lat' dir='ltr'>ad</span> <span class='ocrx_word' id='word_1_240' title='bbox 1232 2264 1276 2299; x_wconf 81' lang='lat' dir='ltr'>fr.</span> <span class='ocrx_word' id='word_1_241' title='bbox 1295 2263 1340 2307; x_wconf 92' lang='lat' dir='ltr'>V)</span> <span class='ocrx_word' id='word_1_242' title='bbox 1375 2264 1394 2297; x_wconf 98' lang='lat' dir='ltr'>I</span> <span class='ocrx_word' id='word_1_243' title='bbox 1417 2263 1510 2296; x_wconf 86' lang='lat' dir='ltr'>Non.</span> <span class='ocrx_word' id='word_1_244' title='bbox 1536 2265 1597 2305; x_wconf 84' lang='lat'>91,</span> <span class='ocrx_word' id='word_1_245' title='bbox 1623 2265 1644 2298; x_wconf 89' lang='grc'>8</span> <span class='ocrx_word' id='word_1_246' title='bbox 1669 2267 1765 2296; x_wconf 82' lang='lat' dir='ltr'>‘cu-</span> 
     </span>
     <span class='ocr_line' id='line_1_34' title="bbox 242 2308 1764 2355; baseline -0.001 -11"><span class='ocrx_word' id='word_1_247' title='bbox 242 2313 443 2355; x_wconf 86' lang='lat' dir='ltr'>pienter,</span> <span class='ocrx_word' id='word_1_248' title='bbox 469 2311 704 2354; x_wconf 82' lang='lat' dir='ltr'>cupidissime</span> <span class='ocrx_word' id='word_1_249' title='bbox 735 2336 744 2344; x_wconf 88' lang='lat'><strong>.</strong></span> <span class='ocrx_word' id='word_1_250' title='bbox 767 2336 775 2344; x_wconf 93' lang='lat'><strong>.</strong></span> <span class='ocrx_word' id='word_1_251' title='bbox 795 2335 804 2344; x_wconf 84' lang='lat'><strong><em>.</em></strong></span> <span class='ocrx_word' id='word_1_252' title='bbox 834 2310 975 2343; x_wconf 83' lang='lat' dir='ltr'>Ennius</span> <span class='ocrx_word' id='word_1_253' title='bbox 1000 2311 1163 2343; x_wconf 86' lang='lat' dir='ltr'>Foenice</span> <span class='ocrx_word' id='word_1_254' title='bbox 1186 2335 1195 2344; x_wconf 92' lang='lat'>.</span> <span class='ocrx_word' id='word_1_255' title='bbox 1214 2335 1222 2343; x_wconf 91' lang='lat'><strong><em>.</em></strong></span> <span class='ocrx_word' id='word_1_256' title='bbox 1242 2312 1272 2343; x_wconf 88' lang='lat'>.&#39;</span> <span class='ocrx_word' id='word_1_257' title='bbox 1364 2309 1400 2342; x_wconf 95' lang='lat' dir='ltr'>II</span> <span class='ocrx_word' id='word_1_258' title='bbox 1426 2308 1566 2343; x_wconf 79' lang='lat' dir='ltr'>Gellius</span> <span class='ocrx_word' id='word_1_259' title='bbox 1590 2309 1642 2343; x_wconf 91' lang='lat' dir='ltr'>VI</span> <span class='ocrx_word' id='word_1_260' title='bbox 1666 2308 1764 2352; x_wconf 90' lang='lat' dir='ltr'><strong>(VII)</strong></span> 
     </span>
    </p>
   </div>
   <div class='ocr_carea' id='block_1_10' title="bbox 240 2398 522 2404">
    <p class='ocr_par' dir='ltr' id='par_1_13' title="bbox 240 2398 522 2404">
     <span class='ocr_line' id='line_1_35' title="bbox 240 2398 522 2404; baseline 0 0"><span class='ocrx_word' id='word_1_261' title='bbox 240 2398 522 2404; x_wconf 95' lang='lat' dir='ltr'> </span> 
     </span>
    </p>
   </div>
   <div class='ocr_carea' id='block_1_11' title="bbox 231 2453 1768 2897">
    <p class='ocr_par' dir='ltr' id='par_1_14' title="bbox 239 2453 1768 2781">
     <span class='ocr_line' id='line_1_36' title="bbox 353 2453 1768 2503; baseline -0.003 -12"><span class='ocrx_word' id='word_1_262' title='bbox 353 2454 435 2491; x_wconf 82' lang='lat'>254</span> <span class='ocrx_word' id='word_1_263' title='bbox 473 2455 638 2503; x_wconf 84' lang='lat' dir='ltr'>consipta</span> <span class='ocrx_word' id='word_1_264' title='bbox 679 2455 834 2491; x_wconf 81' lang='lat' dir='ltr'>Vossius</span> <span class='ocrx_word' id='word_1_265' title='bbox 873 2465 925 2491; x_wconf 79' lang='lat' dir='ltr'>ex</span> <span class='ocrx_word' id='word_1_266' title='bbox 962 2454 1086 2491; x_wconf 84' lang='lat' dir='ltr'>Paulo</span> <span class='ocrx_word' id='word_1_267' title='bbox 1131 2458 1304 2501; x_wconf 78' lang='lat' dir='ltr'>concepta</span> <span class='ocrx_word' id='word_1_268' title='bbox 1351 2453 1399 2490; x_wconf 89' lang='lat' dir='ltr'><em>W</em></span> <span class='ocrx_word' id='word_1_269' title='bbox 1438 2457 1609 2500; x_wconf 83' lang='lat' dir='ltr'>consepta</span> <span class='ocrx_word' id='word_1_270' title='bbox 1648 2453 1768 2488; x_wconf 82' lang='lat' dir='ltr'>ceteri</span> 
     </span>
     <span class='ocr_line' id='line_1_37' title="bbox 239 2509 1766 2559; baseline -0.003 -11"><span class='ocrx_word' id='word_1_271' title='bbox 239 2512 331 2548; x_wconf 84' lang='lat' dir='ltr'>libri</span> <span class='ocrx_word' id='word_1_272' title='bbox 444 2510 525 2548; x_wconf 88' lang='grc'>255</span> <span class='ocrx_word' id='word_1_273' title='bbox 556 2510 684 2559; x_wconf 89' lang='lat' dir='ltr'>pecodi</span> <span class='ocrx_word' id='word_1_274' title='bbox 721 2510 838 2558; x_wconf 74' lang='lat' dir='ltr'>Sany.</span> <span class='ocrx_word' id='word_1_275' title='bbox 879 2509 996 2558; x_wconf 86' lang='lat' dir='ltr'>peculi</span> <span class='ocrx_word' id='word_1_276' title='bbox 1027 2510 1190 2547; x_wconf 82' lang='lat' dir='ltr'>Carolir.</span> <span class='ocrx_word' id='word_1_277' title='bbox 1220 2521 1268 2546; x_wconf 89' lang='lat' dir='ltr'>m.</span> <span class='ocrx_word' id='word_1_278' title='bbox 1304 2509 1325 2545; x_wconf 87' lang='lat'>1</span> <span class='ocrx_word' id='word_1_279' title='bbox 1443 2509 1526 2544; x_wconf 85' lang='lat' dir='ltr'>uiua</span> <span class='ocrx_word' id='word_1_280' title='bbox 1555 2509 1766 2545; x_wconf 77' lang='lat' dir='ltr'>deteriores</span> 
     </span>
     <span class='ocr_line' id='line_1_38' title="bbox 240 2563 1768 2605; baseline -0.003 -1"><span class='ocrx_word' id='word_1_281' title='bbox 240 2569 347 2605; x_wconf 82' lang='lat' dir='ltr'>codd.</span> <span class='ocrx_word' id='word_1_282' title='bbox 381 2564 467 2603; x_wconf 61' lang='lat' dir='ltr'>niu&amp;</span> <span class='ocrx_word' id='word_1_283' title='bbox 499 2568 619 2604; x_wconf 83' lang='lat' dir='ltr'>Bern.</span> <span class='ocrx_word' id='word_1_284' title='bbox 660 2568 728 2603; x_wconf 83' lang='lat' dir='ltr'>alt.</span> <span class='ocrx_word' id='word_1_285' title='bbox 759 2578 807 2602; x_wconf 89' lang='lat' dir='ltr'>m.</span> <span class='ocrx_word' id='word_1_286' title='bbox 841 2578 942 2603; x_wconf 85' lang='lat' dir='ltr'>corr.</span> <span class='ocrx_word' id='word_1_287' title='bbox 974 2567 1092 2602; x_wconf 85' lang='lat' dir='ltr'>uiuam</span> <span class='ocrx_word' id='word_1_288' title='bbox 1124 2568 1247 2603; x_wconf 79' lang='lat' dir='ltr'>ceteri</span> <span class='ocrx_word' id='word_1_289' title='bbox 1281 2575 1410 2603; x_wconf 84' lang='lat' dir='ltr'>omnes</span> <span class='ocrx_word' id='word_1_290' title='bbox 1445 2575 1499 2601; x_wconf 71' lang='lat' dir='ltr'>ea:</span> <span class='ocrx_word' id='word_1_291' title='bbox 1525 2563 1580 2601; x_wconf 89' lang='lat' dir='ltr'>M.</span> <span class='ocrx_word' id='word_1_292' title='bbox 1612 2563 1768 2600; x_wconf 81' lang='lat' dir='ltr'>Hertzii</span> 
     </span>
     <span class='ocr_line' id='line_1_39' title="bbox 244 2620 1641 2672; baseline -0.004 -11"><span class='ocrx_word' id='word_1_293' title='bbox 244 2629 465 2672; x_wconf 78' lang='lat' dir='ltr'>apparatu,</span> <span class='ocrx_word' id='word_1_294' title='bbox 497 2626 573 2660; x_wconf 83' lang='lat' dir='ltr'>nisi</span> <span class='ocrx_word' id='word_1_295' title='bbox 601 2625 702 2671; x_wconf 81' lang='lat' dir='ltr'>quod</span> <span class='ocrx_word' id='word_1_296' title='bbox 729 2623 928 2660; x_wconf 84' lang='lat' dir='ltr'>Halberst.</span> <span class='ocrx_word' id='word_1_297' title='bbox 963 2622 1070 2671; x_wconf 81' lang='lat' dir='ltr'>‘quid</span> <span class='ocrx_word' id='word_1_298' title='bbox 1095 2623 1274 2660; x_wconf 72' lang='lat' dir='ltr'>habuerit</span> <span class='ocrx_word' id='word_1_299' title='bbox 1303 2620 1471 2659; x_wconf 79' lang='lat' dir='ltr'>dinosci&#39;</span> <span class='ocrx_word' id='word_1_300' title='bbox 1499 2623 1641 2670; x_wconf 55' lang='lat' dir='ltr'>nequit.</span> 
     </span>
     <span class='ocr_line' id='line_1_40' title="bbox 240 2676 1761 2728; baseline -0.003 -12"><span class='ocrx_word' id='word_1_301' title='bbox 240 2682 390 2716; x_wconf 74' lang='lat' dir='ltr'>maritus</span> <span class='ocrx_word' id='word_1_302' title='bbox 422 2681 511 2716; x_wconf 76' lang='lat' dir='ltr'>add.</span> <span class='ocrx_word' id='word_1_303' title='bbox 542 2679 637 2728; x_wconf 67' lang='lat' dir='ltr'>Rey.</span> <span class='ocrx_word' id='word_1_304' title='bbox 669 2691 716 2716; x_wconf 89' lang='lat' dir='ltr'>m.</span> <span class='ocrx_word' id='word_1_305' title='bbox 751 2678 773 2714; x_wconf 90' lang='grc'>2</span> <span class='ocrx_word' id='word_1_306' title='bbox 880 2679 1008 2728; x_wconf 84' lang='lat' dir='ltr'>pecudi</span> <span class='ocrx_word' id='word_1_307' title='bbox 1039 2679 1123 2715; x_wconf 85' lang='lat' dir='ltr'>dare</span> <span class='ocrx_word' id='word_1_308' title='bbox 1154 2679 1277 2714; x_wconf 65' lang='lat' dir='ltr'>Vin-‘im</span> <span class='ocrx_word' id='word_1_309' title='bbox 1308 2678 1444 2714; x_wconf 82' lang='lat' dir='ltr'>marino</span> <span class='ocrx_word' id='word_1_310' title='bbox 1477 2676 1632 2713; x_wconf 83' lang='lat' dir='ltr'>Grotius</span> <span class='ocrx_word' id='word_1_311' title='bbox 1661 2676 1761 2713; x_wconf 87' lang='lat' dir='ltr'>Bibl.</span> 
     </span>
     <span class='ocr_line' id='line_1_41' title="bbox 240 2732 1766 2781; baseline -0.003 -8"><span class='ocrx_word' id='word_1_312' title='bbox 240 2739 327 2773; x_wconf 82' lang='lat' dir='ltr'>crit.</span> <span class='ocrx_word' id='word_1_313' title='bbox 358 2748 446 2773; x_wconf 85' lang='lat' dir='ltr'>nou.</span> <span class='ocrx_word' id='word_1_314' title='bbox 476 2737 542 2773; x_wconf 88' lang='lat' dir='ltr'>IV</span> <span class='ocrx_word' id='word_1_315' title='bbox 625 2735 706 2773; x_wconf 87' lang='grc'>256</span> <span class='ocrx_word' id='word_1_316' title='bbox 737 2735 887 2772; x_wconf 77' lang='lat' dir='ltr'>stultust</span> <span class='ocrx_word' id='word_1_317' title='bbox 928 2736 1083 2773; x_wconf 78' lang='lat' dir='ltr'>Vossius</span> <span class='ocrx_word' id='word_1_318' title='bbox 1110 2735 1244 2771; x_wconf 76' lang='lat' dir='ltr'>stultus</span> <span class='ocrx_word' id='word_1_319' title='bbox 1275 2739 1330 2770; x_wconf 76' lang='lat' dir='ltr'>est</span> <span class='ocrx_word' id='word_1_320' title='bbox 1357 2734 1448 2771; x_wconf 85' lang='lat' dir='ltr'>libri</span> <span class='ocrx_word' id='word_1_321' title='bbox 1520 2732 1645 2781; x_wconf 81' lang='lat' dir='ltr'>cupida</span> <span class='ocrx_word' id='word_1_322' title='bbox 1674 2733 1766 2769; x_wconf 83' lang='lat' dir='ltr'>libri</span> 
     </span>
    </p>

    <p class='ocr_par' dir='ltr' id='par_1_15' title="bbox 231 2788 1763 2897">
     <span class='ocr_line' id='line_1_42' title="bbox 349 2788 1763 2837; baseline -0.004 -8"><span class='ocrx_word' id='word_1_323' title='bbox 349 2792 428 2829; x_wconf 88' lang='grc'>257</span> <span class='ocrx_word' id='word_1_324' title='bbox 461 2792 597 2829; x_wconf 77' lang='lat' dir='ltr'>uirtute</span> <span class='ocrx_word' id='word_1_325' title='bbox 629 2803 714 2828; x_wconf 82' lang='lat' dir='ltr'>uera</span> <span class='ocrx_word' id='word_1_326' title='bbox 745 2792 1022 2828; x_wconf 61' lang='lat' dir='ltr'>Boneita-smera</span> <span class='ocrx_word' id='word_1_327' title='bbox 1053 2792 1186 2827; x_wconf 77' lang='lat' dir='ltr'>uirtute</span> <span class='ocrx_word' id='word_1_328' title='bbox 1206 2791 1298 2828; x_wconf 83' lang='lat' dir='ltr'>libri</span> <span class='ocrx_word' id='word_1_329' title='bbox 1381 2788 1528 2826; x_wconf 82' lang='lat' dir='ltr'>addecet</span> <span class='ocrx_word' id='word_1_330' title='bbox 1558 2790 1672 2837; x_wconf 74' lang='lat' dir='ltr'>uulyo</span> <span class='ocrx_word' id='word_1_331' title='bbox 1701 2788 1763 2824; x_wconf 84' lang='lat' dir='ltr'>ad·</span> 
     </span>
     <span class='ocr_line' id='line_1_43' title="bbox 231 2848 827 2897; baseline 0 -13"><span class='ocrx_word' id='word_1_332' title='bbox 231 2850 314 2884; x_wconf 80' lang='lat' dir='ltr'>iecit</span> <span class='ocrx_word' id='word_1_333' title='bbox 355 2850 437 2885; x_wconf 83' lang='lat' dir='ltr'>Vat.</span> <span class='ocrx_word' id='word_1_334' title='bbox 468 2849 560 2897; x_wconf 69' lang='lat' dir='ltr'>Req.</span> <span class='ocrx_word' id='word_1_335' title='bbox 597 2848 698 2885; x_wconf 65' lang='lat' dir='ltr'>adiec</span> <span class='ocrx_word' id='word_1_336' title='bbox 725 2848 827 2885; x_wconf 81' lang='lat' dir='ltr'>Rolt.</span> 
     </span>
    </p>
   </div>
  </div>
 </body>
</html>
