1942 3204
228 141 283 181 24
872 143 914 182 Q.
942 140 1116 172 ENNivs

898 291 903 297 Α,
916 244 979 286 VI
1007 242 1073 300 (3)

261 323 315 364 70
348 321 615 364 Acherunsia
647 323 807 377 templa
840 322 928 363 alta
959 319 1089 376 ’ΘΙ-οἰ,

346 398 513 440 Pallida
543 400 648 453 leto,
679 397 830 440 nubssa
860 398 1064 453 izenebris7

347 475 461 518 Loca
493 476 651 518 salvete
683 476 822 517 infera
854 509 862 517 .
895 509 903 517 .

898 552 983 594 VII
1015 550 1082 608 (2)

347 629 461 670 Nam
492 629 565 670 ubi
597 628 843 672 introducta
874 631 956 684 est,
987 632 1268 685 puerumque,
1299 632 1347 672 ut
1366 631 1583 685 Iauoleni,
1613 631 1759 673 locant
1805 647 1811 655 ⁸

347 706 399 748 In
432 707 580 761 clupeo

890 783 998 826 VIII
1030 781 1096 840 (8)

262 860 316 902 74
348 860 479 915 Rapit
510 861 561 901 ex
592 860 679 901 albo
712 860 836 911 nauis
874 861 1083 902 ueliuolas

912 936 975 978 IX
1008 935 1074 994 (4)

266 1013 320 1055 75
352 1011 464 1063 Quid
497 996 642 1068 peiam
675 1013 860 1068 praesidi
892 1016 967 1055 aui:
998 1014 1212 1069 exequar?
1245 1016 1383 1069 quoue
1414 1029 1529 1058 nunc

320 1149 367 1180 VI
391 1149 505 1181 Varro
531 1149 575 1181 de
600 1149 622 1181 1.
650 1149 691 1183 L.
717 1149 785 1181 VII
810 1151 830 1181 6
855 1149 902 1183 M.
935 1151 994 1182 ‘in
1026 1150 1128 1183 caelo
1159 1149 1332 1193 templum
1364 1150 1513 1192 dieitur,
1546 1155 1587 1185 ut
1618 1152 1656 1184 in
1682 1153 1756 1186 He-

233 1195 326 1227 cuba
350 1219 357 1226 .
372 1218 379 1226 .
396 1219 403 1225 .
427 1194 464 1226 in
482 1197 592 1234 terra,
619 1199 659 1226 ut
684 1194 718 1226 in
739 1194 917 1226 Periboea
941 1220 948 1226 .
964 1219 970 1226 .
986 1220 993 1228 .
1017 1195 1084 1227 sub
1103 1198 1214 1236 terra,
1242 1198 1281 1227 ut
1297 1196 1334 1227 in
1351 1195 1619 1230 Andromacha:
1645 1197 1759 1230 Ache·
1775 1222 1777 1224 -

231 1239 330 1271 rusia
362 1242 387 1271 t.
418 1250 451 1271 a.
485 1238 527 1271 Ο.
561 1239 701 1272 saluete
734 1238 879 1273 infera.³
930 1240 1056 1273 Cicero
1089 1241 1198 1275 Tusa.
1232 1241 1323 1283 disp.
1350 1242 1367 1274 Ι
1392 1243 1452 1283 21,
1477 1243 1521 1275 48
1553 1245 1670 1285 ‘quae
1703 1246 1760 1276 est

230 1294 321 1316 anus
347 1287 421 1316 tam
446 1284 584 1326 delira,
616 1294 709 1326 quae
736 1285 866 1317 timeat
891 1285 984 1327 ista,
1017 1295 1110 1327 quae
1136 1295 1202 1319 uos
1226 1285 1419 1327 uidelicet,
1454 1287 1486 1319 si
1509 1287 1663 1330 physica
1687 1298 1759 1320 non

231 1329 474 1370 didicissetis,
501 1330 699 1362 timeretis:
725 1330 950 1362 Acherunsia
974 1355 982 1364 .
997 1355 1005 1364 .
1020 1355 1027 1362 .
1051 1331 1164 1364 loca.’
1197 1331 1279 1363 Huc
1295 1331 1509 1364 Lucretium
1526 1333 1543 1364 l
1561 1333 1624 1364 1⁶21
1642 1332 1761 1365 uideri

230 1375 435 1418 respexisse
464 1374 726 1408 animaduertit
751 1373 925 1408 Columna
1027 1376 1093 1408 VII
1116 1375 1208 1408 Non.
1232 1377 1318 1416 504,
1345 1378 1386 1408 16
1412 1377 1587 1410 ‘lauere
1689 1378 1759 1410 En-

230 1420 313 1452 nius
338 1419 607 1452 Andromacha:
641 1430 725 1452 nam
755 1420 840 1452 ubi'
873 1431 903 1453 e.
929 1426 1020 1463 q.'s.
1113 1421 1202 1453 VIII
1233 1421 1442 1454 Macrobius
1475 1422 1552 1455 Sat.
1578 1423 1627 1455 VI
1653 1424 1691 1464 5,
1719 1424 1760 1456 10

231 1465 430 1507 (epitheta,
457 1475 549 1506 quae
576 1465 671 1507 apud
697 1466 901 1508 Vergilium
925 1475 1019 1498 noua
1043 1466 1232 1506 uidentur,
1263 1467 1528 1500 uetustioribus
1553 1478 1697 1510 quoque
1722 1468 1759 1500 in

230 1520 298 1543 usu
315 1509 446 1550 fuisse>
473 1509 742 1543 ‘ueliuolum
767 1534 774 1542 .
789 1534 797 1543 .
811 1535 820 1544 .
843 1511 985 1543 Ennius
1009 1512 1048 1543 in
1066 1514 1195 1553 quarto
1214 1510 1352 1544 decimo
1376 1537 1384 1545 .
1398 1536 1406 1545 .
1421 1537 1429 1546 .
1452 1512 1548 1545 idem
1565 1514 1602 1545 in
1621 1513 1759 1547 Andro-

230 1555 359 1588 mache
383 1554 456 1588 ...⁷
499 1555 648 1588 Seruius
673 1556 709 1587 in
734 1555 825 1590 Aen.
851 1555 869 1587 1
893 1557 959 1588 224
985 1556 1165 1589 ‘Ennium
1193 1566 1330 1589 naues
1355 1557 1616 1590 ueliuolas.’

229 1601 280 1633 IX
306 1600 435 1633 Cicero
459 1600 566 1633 Tusc.
595 1600 687 1643 disp.
714 1600 843 1642 11119,
861 1602 906 1633 44
931 1601 1199 1643 ‘quaerendum
1223 1601 1349 1644 igitur,
1375 1602 1673 1644 quemadmodum
1700 1614 1760 1636 ae-

231 1645 413 1687 gritudine
440 1645 622 1688 priuemus
648 1656 747 1682 eum,
775 1646 836 1689 qui
860 1646 915 1678 ita
942 1645 1042 1678 dicat
1068 1643 1294 1689 [369—371].
1340 1648 1438 1680 Ecce
1469 1648 1540 1681 tibi
1571 1658 1615 1680 ex
1641 1648 1760 1682 altera

232 1695 335 1732 parte
362 1690 407 1728 ab
435 1690 563 1723 eodem
588 1694 696 1733 poeta
715 1689 797 1734 [89].
829 1691 926 1724 Huic
952 1691 1146 1724 subuenire
1165 1691 1356 1733 debemus3
1383 1693 1527 1735 quaerit
1545 1694 1640 1726 enim
1659 1694 1759 1726 auxi-

231 1736 317 1768 lium
345 1734 518 1778 [75—801.
553 1735 668 1770 Scitis
693 1746 787 1778 quae
813 1740 1029 1779 sequantur,
1057 1739 1094 1770 et
1118 1736 1183 1769 illa
1206 1737 1243 1769 in
1270 1736 1395 1780 primis
1414 1736 1586 1781 [81—85J.
1625 1738 1655 1771 Ο
1674 1749 1758 1782 poe-

345 1891 398 1928 70
425 1902 508 1939 sqq.
543 1891 708 1939 Berqlcio
739 1891 1019 1938 obtemperaui,
1051 1893 1118 1939 qui
1144 1891 1282 1928 Philol.
1305 1892 1430 1929 XVII
1459 1892 1510 1929 39
1542 1894 1630 1932 adn.
1663 1906 1758 1930 ana-

227 1951 385 1994 paestos
423 1949 566 1984 solutos
603 1950 669 1994 qui
703 1947 888 1984 dicuntur
925 1950 1110 1994 restituit,
1147 1948 1244 1984 idem
1283 1949 1444 1985 secundi
1479 1953 1515 1985 et
1553 1952 1656 1986 tertii
1688 1951 1763 1988 coli

230 2005 335 2051 lianc
364 2005 475 2039 etiam
503 2004 669 2051 formam
699 2003 836 2040 saluete
866 2003 1000 2050 infera,
1040 2003 1168 2052 pallida
1199 2004 1294 2050 leto,
1332 2003 1457 2041 Nubila
1497 2005 1651 2042 tenebris
1682 2006 1758 2043 loca

228 2070 467 2107 proponens,
501 2070 601 2108 quae
631 2061 745 2097 mutto
775 2062 898 2097 minus
923 2062 1068 2107 placet.
1188 2060 1241 2097 70
1272 2060 1487 2098 Acherunsia
1519 2065 1648 2108 optimi
1671 2064 1762 2100 libri

232 2117 428 2154 Ciceronis
455 2116 649 2153 Acherusia
690 2115 828 2157 Varro.
890 2117 1114 2164 Cori-eptam
1145 2119 1183 2153 in
1213 2116 1430 2153 Acherunsia
1460 2116 1582 2165 (immo
1604 2120 1760 2155 Acerun-

233 2172 297 2219 sia)
331 2175 478 2209 nomine
506 2174 671 2219 primam
712 2175 884 2210 uocalem
922 2176 1024 2210 tueri
1064 2175 1244 2210 uidentur
1281 2185 1317 2210 u.
1350 2173 1429 2211 202
1461 2176 1537 2213 inc.
1569 2177 1644 2212 inc.
1673 2175 1759 2222 fab.

232 2229 282 2267 77
415 2229 464 2266 71
504 2228 578 2265 leto
617 2228 736 2265 nubila
765 2230 946 2267 Bruxell.
984 2230 1047 2266 leti
1083 2228 1229 2266 onubila
1268 2230 1363 2279 Req.
1404 2230 1498 2267 Gud.
1536 2230 1598 2267 leti
1639 2230 1758 2268 nubila

235 2286 355 2323 Oxou.
384 2287 563 2333 plerique
602 2285 731 2322 Lethes
771 2285 939 2322 obnubila
969 2287 1115 2325 Eliens.
1147 2287 1168 2322 b
1206 2285 1358 2322 Lethaea
1399 2285 1566 2323 obnubila
1605 2287 1759 2325 Vossius

231 2343 316 2389 leli,
349 2341 516 2378 obnubila
555 2352 621 2390 eqo
654 2344 739 2379 olim
825 2342 954 2391 pallida
987 2371 994 2379 .
1031 2371 1038 2379 .
1073 2371 1081 2379 .
1114 2342 1191 2379 loca
1214 2354 1285 2379 om.
1320 2343 1443 2379 Varro
1538 2343 1589 2380 72
1621 2343 1758 2381 saluom

231 2398 344 2435 infera
366 2410 437 2435 om.
463 2397 597 2435 Cicero
656 2399 842 2436 Fortasse
871 2399 984 2436 infera
1014 2400 1131 2436 noetis
1154 2401 1215 2436 uel
1246 2400 1267 2435 i.
1299 2400 1425 2435 mortis
1447 2402 1603 2446 scripsit
1627 2405 1757 2448 poeta.

234 2454 327 2492 Olim
358 2456 576 2491 trochaicus
604 2458 847 2502 septenarios
878 2457 1039 2503 explere
1071 2458 1202 2492 conati
1230 2465 1382 2502 sumus,
1412 2458 1494 2502 ipse
1525 2455 1606 2492 Orci
1636 2461 1759 2493 sancta

233 2511 369 2547 saluete
399 2511 512 2547 infera
539 2513 578 2547 in
602 2514 759 2559 priore,
805 2512 996 2549 Vahlenus
1026 2515 1063 2549 in
1086 2514 1207 2550 altero
1229 2522 1347 2549 uersu
1377 2512 1462 2548 atris
1491 2513 1645 2548 aeternis
1672 2518 1759 2560 post

233 2567 390 2604 tenebris
421 2570 607 2605 inserens.
712 2568 763 2605 73
794 2579 1061 2617 puerorumque
1100 2569 1151 2605 W
1232 2568 1393 2604 lauarent
1423 2569 1556 2605 Bamb.
1645 2580 1757 2617 cypeo

231 2625 335 2661 Leid.
366 2624 502 2661 Bamb.
535 2625 635 2673 cipeo
668 2627 790 2661 ceteri
815 2626 907 2662 libri
935 2620 1062 2673 clypeo
1091 2625 1231 2662 Aldina
1295 2631 1298 2635 '
1352 2623 1404 2661 74
1434 2625 1528 2672 capit
1557 2624 1686 2662 Paris.

311 2684 326 2701 Θ

232 2684 358 2751 ηειυίιῗε
391 2714 549 2752 Casselt.
581 2725 690 2750 naues
722 2717 824 2763 uuty.
927 2714 1090 2752 75-88
1122 2726 1303 2752 numeros
1335 2716 1527 2752 constituit
1558 2715 1757 2753 Bentleius

347 2770 397 2808 75
428 2770 714 2819 praesidiilibri
743 2773 872 2818 optimi
904 2772 1033 2818 Tusa,
1066 2771 1149 2807 Erl.
1182 2771 1201 2806 b
1233 2773 1282 2807 cle
1313 2783 1368 2810 or.
1400 2771 1468 2808 III
1499 2771 1550 2809 26
1581 2772 1756 2819 praesidia

234 2827 318 2863 Erl.
351 2828 371 2863 b
401 2828 447 2863 de
475 2839 531 2864 or.
554 2827 623 2863 ΙΙΙ
639 2826 692 2863 47
779 2838 911 2876 sequar
942 2828 1027 2865 Erl.
1059 2827 1080 2864 b
1109 2827 1196 2864 ibid.
