1942 3204
272 229 352 270 156
912 237 955 269 L.
978 231 1151 270 'Ar'rlvs

911 339 1020 382 VIII
1053 338 1149 398 (11)
1605 394 1612 399 .

275 409 357 451 154
389 410 488 452 ‘Vbi
519 424 621 452 cura
652 412 733 466 esis,
764 411 823 453 ibi
856 411 1060 454 {anxitudo
1093 412 1306 468 acerbaslz,
1338 413 1397 455 ibi
1429 415 1663 470 cunctatio,

389 486 675 530 C6nsili0rum
707 488 863 530 erratio
896 491 939 530 eb
969 489 1212 532 fortunaes’o

950 565 1013 608 IX
1046 563 1113 623 (4)

275 635 358 677 155
390 634 507 676 Bene
539 635 663 678 facis:
695 636 769 678 sed
799 639 915 679 minc
947 637 1048 692 quid
1080 638 1211 680 subi’ni
1235 635 1344 679 mshi
1374 638 1506 681 febris
1532 637 1637 681 ciust
1661 639 1795 682 mali?
1864 686 1871 694 ,

943 714 984 756 Χ
1041 715 1094 757 15

389 783 553 826 vittati
585 783 642 825 sis
674 798 770 839 par,
802 783 948 840 dispar
979 712 1166 828 fogtuliss
1198 786 1345 842 patris.

949 861 1013 904 XI
1046 860 1112 920 (2)

386 931 516 988 Hem,
548 932 699 975 uereor
728 933 825 988 plus
857 947 986 988 quam
1016 934 1083 976 fais
1116 936 1181 977 est
1212 935 1429 990 captiuam
1460 934 1639 979 hiscere.

938 1009 1025 1052 XII
1057 1009 1124 1068 (9)
1457 1007 1462 1011 ’

387 1080 469 1123 Sed
499 1080 672 1136 peruico
704 1079 816 1123 Aiax
848 1082 991 1124 &inimo
1025 1084 1151 1138 atque
1184 1083 1445 1126 aduorsabili

914 1158 1023 1200 ΧΠΙ
1056 1157 1153 1217 (10)

384 1228 425 1270 N
430 1229 498 1270 {un
519 1244 607 1271 non
628 1229 751 1272 facile
773 1228 866 1272 sine
881 1230 1005 1272 deum
1021 1245 1150 1286 opera
1163 1231 1353 1274 hum-[tna
1366 1233 1539 1288 propria
1554 1236 1654 1276 sunt
1667 1234 1792 1276 bona.

357 1322 447 1356 VIII
471 1324 565 1356 Non.
592 1325 645 1365 72,
672 1326 716 1358 28
749 1325 992 1358 ‘anxitudo.
1033 1325 1167 1358 Accius
1192 1326 1376 1368 Eurysace
1401 1352 1457 1364 ..,
1483 1328 1580 1360 idem
1605 1328 1791 1362 Armorum

264 1367 420 1400 iudicio:
446 1369 529 1400 ubi’
558 1380 589 1401 e.
611 1380 644 1411 q.
665 1379 692 1402 s.
785 1370 836 1403 IX
858 1371 951 1403 Non.
977 1371 1052 1410 173,
1079 1372 1121 1403 29
1148 1372 1311 1404 ‘subiti
1337 1372 1495 1405 dietum’
1530 1373 1662 1414 (dicti
1692 1374 1791 1416 libri)

273 1416 358 1455 ‘pro
392 1415 600 1455 repentini)
708 1415 742 1447 X
773 1415 982 1448 Macrobius
1011 1415 1087 1450 Sat.
1122 1416 1170 1448 VI
1196 1418 1234 1456 1,
1262 1418 1304 1450 58
1330 1418 1552 1461 ‘Vergiliusz
1578 1419 1678 1452 disce
1704 1429 1793 1462 puer

266 1459 438 1491 uirtutem
464 1469 507 1490 ex
533 1470 588 1491 me
614 1470 810 1503 uerumque
831 1460 1009 1502 laborem,
1034 1460 1235 1494 Fortunam
1261 1473 1304 1494 ex
1330 1463 1420 1495 aliis.
1456 1464 1588 1496 Accius
1612 1464 1651 1496 in
1668 1465 1791 1497 Armo-

265 1514 342 1535 rum
368 1504 505 1553 iudicjo
535 1529 543 1538 .
565 1530 572 1537 .
594 1507 621 1537 ‚²
663 1505 862 1538 Translata
893 1516 938 1538 ex
963 1505 1131 1559 Sogholis
1157 1506 1269 1539 Aiace
1302 1509 1351 1544 (ιι.
1376 1510 1455 1543 550)
1489 1500 1516 1541 ὦ
1541 1511 1629 1550 παῖ’,
1664 1507 1791 1552 γένοιο

263 1543 407 1591 πατρὸς
434 1547 719 1592 ευτυχέστερος,
750 1546 807 1583 Τὰ
834 1545 873 1582 δ’
899 1544 985 1584 ἄλλ’
1012 1559 1160 1592 ομοιος·
1187 1549 1254 1586 καὶ
1279 1547 1399 1595 γένοι’
1428 1547 1476 1586 ὂίν
1502 1548 1546 1586 οὐ
1572 1551 1700 1592 κακός.

265 1595 316 1626 xt
333 1595 423 1627 Non.
445 1596 520 1636 120,
539 1597 582 1627 29
608 1595 806 1628 ‘hiscere
834 1599 890 1628 est
908 1597 1053 1638 proprie
1072 1596 1198 1638 loqui.’
1293 1597 1364 1630 XII
1380 1599 1472 1632 Non.
1497 1601 1575 1639 487,
1604 1601 1645 1632 15
1671 1603 1791 1642 ‘per—

264 1640 364 1672 uico
389 1650 453 1682 pro
480 1641 690 1682 peruicaci.’
791 1642 882 1673 XlII
906 1641 998 1676 Non.
1025 1642 1108 1682 362,
1127 1643 1147 1673 2
1173 1643 1419 1685 ‘proprium
1445 1653 1585 1677 rursum
1610 1644 1793 1687 significat

379 1735 458 1772 154
490 1737 682 1773 Restituta
700 1742 839 1784 poetae
864 1738 983 1774 uerba
1008 1738 1250 1775 Buechelero
1271 1739 1408 1786 debeo,
1439 1742 1515 1776 nfsz·
1534 1742 1636 1788 quod
1653 1742 1714 1778 hic
1744 1740 1790 1778 ibi

263 1804 348 1829 cura
369 1788 512 1830 scribit.
534 1792 676 1829 acerbat
696 1792 744 1830 ibi
765 1799 892 1830 cuneta
914 1794 1147 1831 consiliorum
1169 1795 1260 1831 ratio
1282 1799 1318 1831 et
1340 1795 1504 1833 fortunae
1525 1797 1577 1833 sie
1596 1798 1696 1839 libri,
1718 1800 1794 1835 nisi

264 1851 366 1897 quod
391 1860 433 1885 ua
462 1849 523 1885 tibi
554 1855 681 1886 cuncta
711 1855 746 1886 et
774 1850 940 1886 fortunae
969 1852 1015 1887 sit
1038 1852 1191 1897 Bamb„
1224 1854 1263 1888 iu
1284 1864 1357 1899 quo
1385 1855 1579 1890 antecedit
1607 1854 1724 1891 accius
1752 1857 1790 1892 in

262 1917 343 1942 ras.
367 1905 468 1953 (post
489 1907 607 1943 haec.-
637 1907 754 1942 accius
777 1917 966 1955 eurysace:
998 1909 1176 1956 persuasit
1197 1919 1317 1944 meror
1346 1909 1543 1956 anxitudo).
1576 1910 1667 1947 Post
1689 1911 1790 1948 Lau-

262 1964 505 2010 reuberyium
539 1964 606 2000 itta
644 1974 764 2009 prosa
805 1966 978 2000 oratione
1019 1967 1240 2011 conscripta
1281 1975 1363 2001 esse
1402 1970 1595 2002 statuerat
1630 1968 1791 2004 ‚Botln‘us

263 2023 298 2055 et
333 2021 399 2067 qui
424 2020 523 2056 Attio
559 2019 802 2056 abiudz'cabat
836 2020 1098 2057 Hermannus.
1261 2020 1337 2057 155
1369 2021 1459 2057 bene
1498 2022 1612 2058 fecisti
1649 2022 1707 2071 id,
1746 2035 1790 2060 ne

263 2075 347 2123 quid
370 2076 619 2112 Hermaunus
706 2076 767 2124 qui
787 2076 892 2114 Laid.
982 2076 1091 2113 febris
1113 2077 1240 2112 esciuit
1268 2077 1359 2113 libri
1377 2076 1511 2114 febrem
1533 2079 1667 2115 exciret
1689 2079 1788 2116 Her·

262 2143 426 2168 mannus
446 2131 582 2168 febrem
604 2132 735 2168 exciuit
755 2133 917 2169 Bothius
939 2131 1035 2168 fibris
1057 2138 1195 2169 aestuat
1218 2133 1372 2170 Grotius
1392 2134 1494 2171 Bibt.
1517 2137 1602 2172 crit.
1626 2136 1752 2182 nou.I
1763 2136 1793 2173 V

347 2184 445 2238 mali]
468 2189 553 2224 mihi
574 2188 678 2225 Leid.
765 2188 856 2225 bene
878 2188 982 2225 facis:
1004 2188 1066 2226 sed
1088 2200 1172 2225 num
1195 2189 1279 2238 quid
1302 2189 1411 2226 subiti
1432 2191 1517 2227 mihi
1538 2191 1673 2228 febrem
1695 2193 1789 2229 exci—

264 2245 316 2280 uit
336 2245 441 2280 mali?
472 2241 725 2282 Hermanuus
745 2247 783 2282 in
805 2246 956 2282 schedis
1044 2245 1122 2283 156
1147 2246 1289 2282 uirtutis
1318 2246 1347 2282 is
1369 2246 1478 2295 Anyl.
1499 2248 1625 2284 Paris.
1649 2249 1786 2286 Salisb.

262 2302 362 2338 Med.
385 2314 408 2338 α
439 2302 582 2338 uirtutis
611 2302 653 2337 iis
674 2301 775 2338 Med.
799 2303 828 2338 b.
850 2303 984 2338 uirtute
1014 2303 1063 2338 sis
1095 2302 1301 2340 Fruterius
1344 2303 1462 2340 Veri&
1486 2303 1533 2340 ΙΙ
1559 2304 1582 2341 5
1708 2305 1786 2343 157

261 2358 437 2406 captiuam
460 2359 614 2395 Grotius
635 2358 734 2395 Bibl.
760 2359 844 2395 crit.
866 2365 955 2396 nou.
979 2359 1003 2395 I
1014 2359 1052 2404 V,
1075 2360 1327 2396 Hermannus
1358 2360 1537 2408 captiuum
1558 2362 1657 2408 libri,
1689 2364 1791 2410 quod

262 2416 314 2450 ad
345 2415 536 2451 Teucrum
566 2416 710 2451 rettulit
738 2415 952 2452 Lobeclcz'us
982 2417 1034 2452 ad
1053 2415 1166 2463 Soph.
1190 2415 1247 2452 Αἱ.
1276 2415 1380 2452 1227
1480 2415 1558 2454 158
1590 2417 1787 2454 aduorabili

262 2471 410 2516 Bumb.,
444 2473 512 2507 sed
539 2471 581 2507 ad
603 2474 820 2509 recentiore
849 2484 964 2508 manu
996 2474 1179 2519 ascripto.
1213 2470 1360 2508 uorabili
1383 2475 1504 2510 ceteri
1523 2474 1614 2510 libri
1642 2485 1786 2510 auorsa-

261 2526 321 2562 bili
352 2531 442 2564 ante
470 2528 514 2564 L.
536 2528 764 2565 Muellerum
795 2529 840 2565 de
870 2539 914 2565 re
945 2540 990 2564 m.
1013 2527 1094 2564 442
1128 2529 1168 2566 G.
1201 2529 1325 2576 Wolff
1348 2529 1484 2565 Paitoi.
1514 2529 1666 2566 XVIII
1691 2529 1785 2576 234,

263 2586 330 2630 qui
359 2585 410 2620 ad
441 2584 557 2630 δορὴ.
589 2585 647 2621 Αἰ.
672 2584 751 2622 766
780 2587 994 2632 praemisso
1026 2597 1061 2621 u.
1095 2585 1172 2622 159
1203 2587 1242 2621 in
1273 2585 1344 2621 hoe
1374 2584 1562 2633 respondit
1591 2588 1692 2622 inter
1722 2586 1784 2622 sed

260 2644 296 2676 et
325 2641 472 2688 peruico
503 2643 676 2677 inseruit.
707 2640 870 2677 iuorabili
898 2642 1051 2688 Lipsius
1080 2642 1201 2689 Epist.
1226 2645 1373 2689 quaest.
1398 2641 1422 2678 8
1453 2641 1661 2678 inexorabili
1696 2642 1783 2679 Vos-

258 2698 338 2733 sius
367 2695 623 2733 immoilerabili
657 2698 810 2734 Grotius
851 2697 1120 2734 immemorabili
1154 2698 1313 2734 Bothz’us
1349 2697 1561 2733 immorabili
1591 2698 1783 2735 Herman-

258 2763 331 2789 nus
360 2752 571 2789 intractabili
592 2755 688 2789 idem
708 2757 746 2790 in
767 2754 930 2790 schedis.
965 2753 1195 2791 inreuocabili
1215 2753 1371 2801 Muekly
1392 2766 1481 2790 ann.
1503 2755 1650 2800 phiton.
1676 2754 1782 2793 1857

254 2820 294 2855 p.
320 2808 413 2854 287,
451 2812 518 2857 qui
547 2812 603 2846 uti
632 2814 787 2857 poterut
817 2820 935 2847 uersu
967 2810 1048 2847 710
1086 2821 1138 2848 ex
1170 2810 1314 2848 Orestis
1344 2811 1564 2858 trayoedia:
1603 2811 1716 2859 qualis
1747 2812 1783 2848 in

260 2866 364 2901 hoste
395 2865 461 2901 suit
493 2871 572 2901 trux
602 2865 852 2903 inreuocabilis
885 2867 978 2902 Aiax.
1023 2866 1113 2913 Ipse
1145 2869 1230 2903 otim
1261 2866 1435 2903 euocabili
1466 2869 1722 2904 conieceram.

263 2920 339 2958 159
371 2923 515 2970 propria
546 2922 698 2959 humana
717 2923 869 2970 Betria,
893 2923 1144 2961 Hermannus
1173 2924 1320 2972 propria
1351 2923 1544 2960 humanum
1577 2925 1737 2962 Bothz'us
1759 2925 1780 2962 1
