1942 3204
246 169 346 204 XXX
831 169 1184 204 COROLLARIVM

363 277 415 319 V.
454 277 536 318 241
576 276 861 319 Buechelerus
899 277 1020 318 malit
1058 277 1300 332 anapaestis
1339 276 1407 334 (ut
1444 279 1524 320 inc.
1563 279 1643 320 inc.
1681 278 1766 320 fab.

246 348 313 389 96.
351 346 463 404 183),
484 348 625 389 metiri

394 430 560 472 utinam
591 445 645 471 ne
677 445 899 486 umquam,
930 430 1070 486 Mede,
1106 429 1275 473 Colchis
1309 431 1462 485 cupido
1494 432 1619 473 corde

1067 502 1218 556 pedem
1249 502 1515 544 extetulisses

247 583 282 624 si
315 583 484 637 quidem
515 584 621 625 haec
652 584 770 626 verbi
802 584 1048 626 extendisses
1078 584 1217 627 forma
1247 584 1421 639 probari
1451 585 1599 639 possit.
1659 584 1765 627 Mihi

245 653 561 695 trochaicorum
587 655 893 696 vocabulorum
924 655 970 696 in
999 655 1082 697 hoc
1108 670 1232 697 versu
1259 655 1531 697 multitudine
1562 655 1767 697 trochaici

247 724 413 765 numeri
451 724 630 766 indicari
661 726 871 767 videntur.
938 724 1188 780 Correptam
1233 726 1277 768 in
1315 726 1523 771 extulisses
1560 725 1767 781 syllabam

247 795 428 849 primam
454 796 500 836 in
520 796 740 838 octonario
765 796 962 838 feremus.
1006 795 1069 838 Cf.
1094 796 1236 838 Plauti
1263 797 1385 838 Truc.
1410 795 1474 839 IV
1500 797 1545 851 2,
1569 796 1627 837 40
1658 794 1767 838 ‘sine

248 866 467 920 experiri3'
502 865 544 908 II
572 867 616 922 6,
647 867 703 909 33
737 867 903 909 ‘adsum
935 867 1098 909 adduco
1129 866 1211 910 tibi
1243 870 1490 923 exoptatum
1517 866 1767 921 Stratopha-

246 940 387 990 nem'3
420 936 513 978 Ter.
545 937 662 979 haut.
694 938 778 980 331
817 939 863 979 in
901 938 1132 993 septenarii
1163 938 1278 979 exitu
1309 937 1563 992 ‘ssquidem‘?
1608 938 1766 992 experi-

246 1007 360 1048 undo
395 998 527 1049 scies.3
591 1007 644 1049 In
676 1007 916 1050 Trinummi
948 1009 1189 1064 septenario
1222 1008 1392 1063 quidem
1424 1008 1509 1050 318
1543 1023 1639 1050 cum
1668 1008 1767 1050 libri

165 1081 168 1090 ¹
246 1078 475 1119 exhibeant
502 1077 650 1132 ‘quid‘e
671 1079 901 1133 exprobras
921 1080 1029 1121 bene
1050 1080 1163 1134 qu6d
1183 1079 1371 1121 fecisti?'
1401 1079 1556 1121 delevit
1574 1078 1766 1120 Ritsche-

246 1148 328 1190 lius
359 1149 475 1202 quid,
512 1163 591 1190 nec
622 1149 667 1190 in
700 1151 866 1192 creticis
897 1151 984 1192 250
1021 1151 1221 1206 probavit
1253 1149 1382 1205 ‘quod
1414 1150 1562 1191 ebibit'
1594 1150 1661 1192 vel
1687 1155 1766 1191 ‘ec-

212 1261 218 1266 ,
246 1219 389 1279 bibit',
422 1219 496 1261 sed
521 1220 669 1261 idem
658 1235 703 1261 m
729 1221 938 1263 octonarii
970 1222 1084 1263 exitu
1117 1222 1309 1276 ‘eloquar
1334 1235 1562 1275 quemnam
1594 1220 1646 1262 ad
1678 1234 1766 1263 mo-

247 1264 349 1331 dum
381 1290 622 1345 expediant'
657 1290 922 1334 Fleckeiseni
954 1293 1209 1348 scripturam
1239 1307 1329 1334 non
1359 1291 1579 1373 inprobat.

364 1360 416 1403 V
447 1361 536 1403 245
568 1363 802 1404 servandus
835 1366 928 1405 erat
956 1363 1027 1405 hic
1058 1357 1163 1406 ordo

561 1444 643 1486 hoc
674 1446 754 1501 ego
786 1445 882 1487 tibi
914 1446 1024 1488 dico

245 1526 428 1568 iambica
471 1528 738 1582 pronominis
782 1528 855 1569 tibi
898 1543 1098 1570 mensura
1140 1530 1190 1570 ut
1231 1529 1276 1570 in
1314 1543 1351 1570 v.
1389 1528 1487 1570 362.
1555 1526 1677 1577 Quod
1720 1527 1784 1581 ins

246 1596 433 1638 eiusdem
470 1598 597 1639 frusti
636 1599 776 1654 priore
814 1613 939 1641 versu
977 1599 1262 1654 supplendum
1300 1614 1390 1641 esse
1429 1598 1590 1640 conieci
1626 1601 1766 1650 mater,

246 1670 345 1722 post
371 1668 493 1726 ‘nulla
523 1670 652 1723 paulo
684 1669 852 1711 facilius
878 1670 1056 1711 mulier
1079 1670 1211 1712 inseri
1235 1684 1361 1725 posse
1386 1669 1554 1711 monuit
1578 1668 1766 1711 Bueche-

246 1739 371 1780 lerus'.

364 1809 417 1851 V.
460 1811 559 1853 248.
621 1810 808 1854 Cremari
850 1812 1035 1855 voluisse
1084 1826 1239 1866 pueros
1282 1812 1475 1852 monstro
1518 1812 1765 1864 procreatos

245 1882 412 1934 patrem
455 1880 726 1937 Melanippae
771 1883 939 1924 disertis
982 1882 1122 1923 verbis
1171 1883 1355 1923 testatur
1397 1880 1630 1935 Dionysius
1667 1879 1764 1922 Hal.

244 1950 369 1992 Rhet.
402 1951 447 2006 9,
482 1952 532 1992 11
555 1967 564 1993 ;
586 1948 609 1992 ὁ
641 1950 690 1991 δὲ
720 1949 864 2005 πατὴρ
895 1947 1065 2004 ἡγεῖται
1097 1948 1146 1990 ἐκ
1176 1947 1281 2003 βοὸς
1309 1946 1423 1991 εἶναι
1444 1948 1519 1991 καὶ
1547 1946 1607 1998 ὣς
1636 1949 1765 2003 τέρας

245 2019 457 2072 βούλεται
487 2022 780 2063 κατακαῦσαιε
813 2036 887 2064 cur
911 2021 1106 2076 voluerit,
1133 2021 1360 2075 explicavit
1384 2020 1636 2063 Welckerus
1655 2023 1764 2076 trag.

246 2089 391 2132 Graec.
422 2106 461 2146 p.
495 2092 591 2133 843.
652 2092 770 2148 Ergo
802 2093 962 2134 frustra
994 2092 1049 2134 sit
1080 2091 1170 2147 qui,
1194 2106 1249 2133 ne
1280 2092 1507 2134 verborum
1538 2092 1641 2133 ordo
1674 2107 1762 2133 mu-

245 2164 380 2216 tetur,
410 2162 587 2204 verbum
619 2163 734 2205 aliud
766 2163 992 2218 desideret,
1028 2164 1077 2204 ut
1112 2162 1196 2203 fuit
1233 2162 1305 2217 qui
1341 2163 1503 2204 armari
1531 2162 1622 2204 iube
1652 2176 1762 2203 com—

247 2232 560 2289 minisceretur,
603 2234 716 2288 quod
760 2250 813 2276 ne
858 2248 954 2276 cum
995 2233 1144 2275 fabula
1187 2232 1357 2287 quidem
1400 2228 1619 2275 commode
1664 2246 1761 2274 con-

247 2302 425 2344 ciliatur.
486 2302 695 2360 Exemplo
727 2308 844 2347 caret
873 2304 1091 2346 cremitari.

362 2385 610 2440 Dactylicus
635 2387 881 2429 hexameter
905 2387 988 2429 251
1017 2387 1212 2429 dubitare
1231 2386 1321 2428 noli
1340 2375 1443 2441 quin
1462 2388 1575 2427 recte
1594 2388 1760 2441 tragoe-

246 2455 339 2497 diae
383 2457 613 2498 tribuatur:
665 2473 766 2499 nam
809 2473 860 2500 ex
896 2458 1242 2513 philosophantis
1279 2456 1549 2512 Melanippae
1594 2457 1760 2507 cantico

246 2528 441 2581 sumptus
480 2530 562 2582 est,
605 2542 688 2582 quo
726 2528 800 2570 illa
836 2543 978 2570 rerum
1014 2530 1214 2570 naturam
1251 2527 1482 2593 enarravit3
1525 2527 1576 2569 cf.
1613 2526 1760 2582 Eurip.

243 2597 295 2639 fr.
326 2598 425 2639 488.
456 2598 541 2639 491
574 2597 626 2640 D.

362 2679 580 2723 Baccheos
616 2681 765 2722 haberi
800 2682 917 2724 volui
953 2697 991 2724 v.
1027 2682 1132 2737 252,
1169 2682 1243 2723 sed
1274 2678 1604 2723 commodiorem
1634 2679 1759 2721 intel-

246 2751 343 2805 lego
376 2751 532 2792 senarii
564 2751 724 2792 exitum
755 2765 846 2793 esse
877 2766 968 2794 cum
997 2766 1145 2794 saxum
1174 2752 1437 2794 sciciderit.

363 2821 480 2870 Quae
500 2836 550 2863 ex
575 2821 721 2863 eadem
750 2823 973 2877 tragoedia
999 2821 1067 2879 (fr.
1088 2820 1171 2878 VI)
1191 2821 1351 2864 Gellius
1376 2820 1541 2876 laudat,
1571 2820 1759 2863 Bueche-
