1942 3204
767 215 815 248 M.
840 212 1081 249 Ponvlvs
1646 212 1700 253 79

849 317 911 361 XI
965 319 992 362 5

282 397 365 441 Sed
397 400 490 441 clini
527 397 671 440 animo
705 396 870 459 attendi
902 317 963 439 ad(
989 317 1299 452 (iuuerendum,
1332 394 1435 452 quid
1468 396 1549 438 siet

655 459 705 469 s
818 479 903 523 ΧΠ
937 478 1036 538 (10)

604 467 654 475 ,μ’

377 593 551 603 .....
585 560 799 602 ceruicuni

374 637 526 680 Floros
559 636 798 693 dispendite
831 634 984 679 crines.

822 713 931 757 XIII
962 712 1030 773 (1)

192 796 251 838 20
283 793 476 850 Salu6te,
508 794 687 850 gemini,
719 794 814 835 mea
845 806 1060 849 propages
1092 793 1334 850 sanguinis!

875 870 982 914 XIV

279 950 452 993 Persius
485 949 506 992 I
539 950 592 992 77
633 951 757 992 ‘sunt
795 964 902 1005 quos
934 948 1233 1006 Pacuuiusque
1273 952 1315 991 et
1347 964 1576 992 uerrucosa
1608 966 1697 992 1110-

160 1031 278 1071 retur
309 1027 557 1084 Antiopa,
590 1028 848 1070 aerumnis
880 1042 966 1070 cor
997 1028 1348 1070 luctificabile
1381 1028 1543 1070 fulta²

281 1103 405 1149 Certe
438 1119 524 1148 cor
556 1106 911 1148 luctificabile
943 1121 1022 1162 pro
1054 1106 1159 1162 ipsis
1179 1105 1357 1148 Pacuuii
1377 1106 1521 1148 uerbis
1547 1105 1698 1148 haberi

159 1183 272 1226 licet.
335 1182 400 1226 Cf.
432 1183 513 1226 inc.
546 1184 631 1226 fab.
663 1182 762 1227 VII.

891 1260 975 1305 XV

159 1339 240 1381 20²¹
947 1340 1095 1382 illuuie
1128 1341 1320 1397 c6rporis

275 1415 348 1460 'Et
379 1431 502 1460 coma
534 1415 703 1474 prolixa
735 1418 904 1474 impexa
936 1419 1261 1476 conglomerata
1293 1422 1422 1476 atque
1453 1418 1629 1462 h6rrida

783 1496 891 1540 XVI
943 1496 1048 1539 XIV

275 1571 518 1616 Martianus
550 1572 725 1630 Capella
756 1574 823 1617 ΠΙ
855 1494 942 1618 257(
975 1495 1100 1617 ‘nain
1132 1574 1326 1618 Setum'
1361 1573 1442 1632 (sic
1468 1574 1697 1633 Bamberg.

158 1652 202 1692 et
238 1649 618 1694 Reichenauensis.
687 1650 898 1694 Sethum
942 1651 1079 1710 uulg.)
1125 1652 1366 1710 ‘dicebant‚
1411 1668 1537 1710 quem
1581 1668 1698 1697 nunc

160 1725 344 1770 Zethum
377 1728 552 1772 dicunt?

157 1847 252 1882 citer
267 1872 275 1880 .
289 1873 297 1882 .
312 1850 342 1881 .’
391 1848 423 1882 X
440 1847 536 1882 Non,
555 1850 611 1891 73,
629 1850 669 1882 15
689 1848 958 1882 ‘amolimini
975 1852 1033 1883 est
1049 1850 1212 1884 recedite
1228 1849 1288 1882 uel
1307 1849 1428 1884 tollite
1443 1876 1451 1883 .
1466 1875 1473 1884 .
1489 1875 1497 1884 .
1512 1850 1697 1885 Pacuuius

155 1893 359 1927 Hermiona
459 1894 555 1927 idem
579 1895 741 1938 Antiopa
765 1920 772 1927 .
794 1919 801 1927 .
822 1897 852 1928 .’
968 1896 1021 1929 XI
1045 1895 1138 1929 Non.
1164 1897 1249 1936 238,
1277 1898 1319 1928 15
1343 1896 1606 1930 ‘attendere
1638 1901 1696 1930 cst

155 1939 351 1973 intendere
375 1964 475 1974 .....
486 1943 496 1960 ’
591 1940 663 1974 XII
687 1939 838 1974 Seruius
862 1941 901 1974 in
925 1940 1017 1974 Aen.
1035 1941 1106 1975 XII
1125 1943 1191 1975 605
1215 1941 1353 1974 ‘flauos
1370 1942 1531 1975 Lauinia
1556 1944 1697 1976 crines:

156 1985 316 2029 antiqua
339 1985 455 2019 lectio
481 1985 626 2019 floros
650 1986 801 2028 habuit,
835 1986 858 2021 i.
887 1997 918 2019 e.
942 1987 1178 2028 florulentos,
1210 1987 1402 2030 pulchros:
1435 1990 1472 2021 et
1497 1991 1555 2021 est
1579 1998 1697 2021 sermo

157 2030 362 2065 Ennianus.
415 2031 560 2065 Probus
598 2032 652 2065 sic
689 2031 904 2065 adnotauit:
934 2033 1161 2066 neutericum
1193 2036 1274 2065 erat
1306 2032 1440 2076 flauos,
1478 2044 1566 2076 ergo
1600 2034 1696 2067 bene

160 2075 355 2119 floreos,
380 2086 465 2110 nam
490 2077 671 2120 sequitur:
699 2080 737 2111 et
761 2087 890 2111 roseas
916 2078 1061 2112 laniata
1085 2087 1203 2122 genas
1303 2079 1345 2112 P.
1370 2078 1530 2122 Antiopa
1553 2105 1583 2114 ..
1598 2082 1629 2112 .’

155 2121 250 2156 XIII
274 2121 367 2155 Non.
395 2123 456 2163 64,
483 2125 527 2156 30
558 2126 807 2167 ‘propages
833 2126 891 2156 est
916 2125 1032 2157 series
1058 2129 1095 2158 et
1126 2123 1260 2158 adfixio
1294 2125 1471 2158 continua
1499 2125 1561 2158 uel
1587 2125 1696 2169 longe

154 2166 267 2201 ducta
281 2193 311 2202 ..
325 2170 356 2201 .’
381 2167 484 2202 Idem
501 2169 579 2211 221,
593 2170 613 2202 ’1
632 2172 869 2213 ‘propago‚
895 2179 1121 2214 propages
1144 2174 1185 2202 ut
1207 2179 1319 2213 saepe
1341 2170 1489 2213 generis
1514 2174 1571 2204 est
1589 2170 1697 2204 femi·

154 2213 265 2246 nini.’
319 2212 387 2247 XV
403 2212 524 2247 Schol.
541 2214 662 2248 Persii
679 2215 695 2248 1
712 2216 755 2248 ¹27
774 2215 1029 2259 ‘Antiopam
1046 2226 1283 2249 uerrucosam
1302 2216 1454 2249 Persius
1470 2216 1562 2249 dicit
1579 2226 1664 2259 qua
1675 2228 1693 2250 c

157 2258 273 2302 apud
298 2259 470 2293 Dircen
493 2259 540 2292 in
566 2259 779 2303 squalore
805 2260 895 2294 fuit
919 2261 1114 2295 seruitio
1148 2271 1377 2305 oppressa.
1417 2262 1483 2295 sic
1508 2261 1693 2295 illuuie’

156 2315 188 2339 e.
214 2315 247 2348 q.
273 2314 302 2338 s,
345 2304 614 2339 Pacuuiana
643 2306 761 2340 uerba
792 2307 948 2349 agnouit
972 2306 1017 2340 Ο.
1041 2307 1193 2340 Iahnius
1226 2307 1367 2350 ephem.
1397 2307 1582 2341 archaeol.
1609 2309 1695 2341 1853

155 2359 191 2392 p.
217 2351 273 2383 77.
315 2348 404 2394 sic]
433 2350 593 2384 fortasse
618 2351 719 2387 Pac.
744 2351 862 2386 fuisse
888 2352 1051 2386 coniecit
1073 2352 1116 2387 L.
1139 2353 1298 2386 Mueller
1320 2362 1411 2386 mus.
1435 2353 1548 2388 Rhen.
1574 2353 1695 2386 XXIV

154 2395 223 2428 495
308 2395 393 2430 XVI
415 2395 632 2430 Priscianus
655 2397 674 2431 1
699 2407 734 2440 p.
760 2398 825 2431 561
850 2398 893 2434 P.
919 2397 978 2431 (Τ
1000 2401 1038 2431 et
1064 2397 1092 2431 Z
1118 2398 1155 2431 in
1181 2398 1327 2442 graecis
1352 2398 1604 2432 tantummodo
1629 2410 1694 2442 po—

155 2443 293 2474 nuntur
320 2441 557 2484 dictionibus,
583 2443 753 2486 quamuis
777 2443 816 2475 in
840 2443 968 2477 multis
994 2447 1140 2478 ueteres
1165 2444 1259 2477 haec
1284 2454 1430 2487 quoque
1454 2447 1616 2478 mutasse
1641 2445 1694 2477 in-

154 2486 363 2527 ueniuntur,
389 2490 428 2521 et
452 2498 515 2530 pro
543 2486 577 2520 Y
599 2488 641 2527 V,
665 2499 731 2532 pro
759 2488 788 2522 Z
812 2498 920 2531 uero,
953 2489 1050 2532 quod
1080 2499 1146 2533 pro
1171 2489 1230 2523 SD
1256 2490 1464 2524 coniunctis
1496 2490 1692 2533 accipitur,

154 2531 179 2564 S
203 2531 265 2565 uel
289 2532 342 2566 88
366 2532 428 2566 1101
443 2532 477 2565 D
503 2533 690 2578 posuisse,
715 2537 757 2567 ut
780 2559 787 2567 .
804 2559 810 2567 .
826 2560 835 2568 .
858 2534 1080 2578 Saguntum,
1106 2545 1230 2569 massa
1255 2546 1320 2579 pro
1348 2532 1567 2578 Ζάκυνθος,
1593 2534 1693 2579 μᾶζα

273 2652 322 2691 17
354 2653 511 2691 animum
541 2653 701 2703 Iunius,
733 2659 859 2703 recte,
893 2660 934 2692 ut
964 2656 1119 2694 uidetur
1213 2655 1457 2705 quaerendum
1490 2656 1573 2692 edd.
1607 2665 1691 2703 quc-

154 2708 305 2747 rendum
326 2710 417 2748 libri
515 2711 566 2749 19
589 2710 702 2749 ssoros
723 2711 857 2750 Delrae'o
889 2711 1024 2750 floreos
1046 2712 1209 2750 Seruius
1308 2711 1510 2761 ‹lispendilc
1539 2714 1694 2759 scripsi.

154 2765 350 2815 disperdite
381 2767 545 2806 Seruius
573 2767 773 2819 dispergite
803 2769 936 2807 Delrio
1025 2769 1081 2808 20
1111 2770 1176 2807 Sic
1207 2781 1259 2807 eoe
1288 2770 1370 2807 cod.
1404 2768 1635 2806 Monacensi
1660 2778 1692 2805 s.

154 2822 215 2859 XI
245 2824 359 2862 edidit
389 2824 433 2862 L.
454 2824 623 2863 Mueller
650 2827 676 2862 l.
707 2827 734 2863 l.
764 2825 890 2864 illuuie
921 2838 953 2864 c.
992 2832 1028 2863 et
1058 2838 1089 2863 0.
1121 2828 1299 2875 promissa
1338 2827 1360 2862 i.
1393 2836 1423 2862 c.
1456 2825 1600 2862 horrida
1633 2826 1691 2862 ed.

152 2881 304 2927 priua,
343 2883 443 2919 unde
479 2883 624 2920 iambos
661 2883 683 2919 i.
724 2895 755 2923 c.
788 2883 895 2921 Coma'n
926 2885 1102 2932 promissa
1142 2884 1267 2931 inpexa
1308 2882 1507 2930 glomerata
1547 2881 1691 2919 horrida

152 2935 205 2972 M.
229 2937 424 2986 Hauptius
455 2938 686 2987 effinxerat.
