1942 3204
737 189 1090 229 COROLLARIVM
1614 195 1678 231 LV

147 297 261 344 Nam
291 314 344 342 ne
375 300 653 355 potentialem
686 301 857 357 quidem
880 301 1149 356 praepediar,
1181 301 1268 344 scil.
1295 303 1330 344 si
1363 304 1505 360 eloqui
1537 305 1676 361 velim,

146 373 214 415 est
248 385 323 414 cur
359 374 584 415 mutemus.
652 371 883 429 Adlocutio
918 375 1064 416 autem
1101 376 1220 427 gyrate
1253 388 1362 428 puer
1405 390 1492 418 non
1537 378 1675 433 magis

97 488 101 494 .
146 442 324 486 offendit
354 458 483 500 quam
510 442 691 487 Gracchi
718 458 754 487 v.
786 445 804 488 1
840 445 987 501 ‘grata
1017 444 1166 487 cardo’
1202 445 1267 487 vel
1293 444 1473 501 Vergilii
1506 449 1674 504 ‘gratis-

145 513 255 558 sima
284 515 490 558 coniunx’
525 518 568 558 et
598 515 766 559 similia.

262 597 315 642 V.
328 600 414 642 297
434 601 652 655 antiquam
670 613 807 655 nuper
825 601 975 642 contra
995 599 1039 643 L.
1059 598 1314 644 Muellerum
1334 602 1524 646 defendit
1543 603 1672 659 Berg-

142 670 238 713 kius
270 671 397 714 anall.
429 670 592 727 philoll.
626 671 741 714 1870
771 686 811 727 p.
843 671 941 714 836.

262 741 313 785 V.
351 743 440 786 302
483 743 711 787 violentius
755 741 1040 787 Buechelerus
1083 742 1218 787 eiecto
1262 758 1378 788 camo
1422 747 1475 789 ad
1520 749 1676 791 senarii

147 813 298 856 modos
329 814 605 857 constrinxit:
851 871 853 873 Ι
1057 861 1062 866 ,

220 885 322 943 quid
354 886 473 930 cesso
506 886 566 930 ire
598 887 652 930 ad
683 887 808 930 eam?
851 901 920 930 em
951 887 1123 943 praesto
1156 890 1222 930 est
1248 903 1259 930 :
1285 902 1352 931 em
1384 887 1463 944 (vel
1493 890 1599 946 iam)

1120 983 1124 986 ·
1158 959 1333 1013 [collum
1365 973 1554 1016 grauem.

259 1040 310 1084 V.
333 1041 432 1085 304.
470 1040 741 1098 Oomparatis
773 1042 979 1098 exemplis
1010 1042 1077 1085 his
1105 1059 1115 1085 ε
1141 1042 1317 1086 Pacuvii
1348 1058 1385 1086 v.
1422 1045 1475 1086 16
1508 1048 1674 1088 ‘nonne

139 1110 241 1155 hinc
273 1128 351 1156 uos
382 1127 563 1177 propere
595 1128 621 1156 a
652 1114 833 1158 stabulis
865 1111 1158 1157 amolimini?’
1226 1115 1310 1157 184
1347 1116 1457 1158 ‘non
1495 1118 1542 1158 tu
1573 1119 1616 1158 te
1649 1133 1671 1158 e

138 1185 368 1239 conspectu
405 1184 507 1228 hinc
545 1183 772 1229 amolire?
843 1184 987 1228 Plauti
1030 1184 1182 1228 Pseud.
1221 1185 1308 1229 557
1348 1187 1485 1242 ‘agite
1522 1188 1671 1230 amoli-

138 1254 243 1298 mini
279 1254 382 1299 hinc
419 1270 497 1299 uos
534 1257 649 1299 intro
685 1259 802 1300 minc
837 1258 968 1311 iam’3
1006 1255 1174 1300 Trucul.
1207 1257 1251 1300 II
1284 1258 1329 1313 7,
1366 1258 1422 1301 69
1463 1259 1560 1301 ‘sed
1592 1273 1671 1315 ego

136 1341 256 1370 cesso
292 1327 393 1371 hinc
429 1342 498 1370 me
535 1329 747 1384 amoliri’3
791 1328 981 1372 Terentii
1024 1328 1158 1372 Andr.
1199 1330 1284 1372 708
1331 1329 1531 1386 ‘proinde
1569 1330 1670 1373 hinc

136 1413 214 1441 uos
245 1392 505 1451 amolimini’
539 1415 752 1457 nusquam
784 1401 830 1443 in
859 1401 1084 1444 amolienda·
1101 1401 1231 1443 verbo
1263 1415 1472 1456 personae
1498 1417 1668 1445 accusa-

134 1469 271 1512 tivum
301 1473 351 1513 ut
380 1470 450 1513 hic
481 1471 712 1514 desiderari
750 1472 1025 1528 intellegitur.
1087 1471 1152 1514 Ac
1190 1472 1295 1514 latet
1331 1472 1514 1515 fortasse
1552 1477 1589 1516 tc
1625 1475 1670 1516 in

135 1555 185 1582 eo
229 1542 342 1598 quod
387 1542 580 1599 sequitur
623 1545 781 1595 amitte,
832 1544 946 1600 quod
997 1558 1259 1600 quamquam
1302 1543 1477 1585 minime
1525 1559 1668 1588 carere

135 1626 262 1654 sensu
294 1611 345 1662 L.
383 1612 638 1657 Muellerum
676 1618 844 1670 praeter
881 1615 1018 1658 lexica
1055 1618 1098 1658 et
1134 1615 1320 1658 comicos
1358 1617 1527 1670 poetas,
1565 1631 1598 1659 e.
1635 1632 1667 1659 c.

134 1682 334 1726 Plautum
377 1684 422 1726 in
465 1684 574 1727 Rud.
617 1686 741 1728 1006.
783 1687 907 1730 1009.
949 1687 1080 1741 1031,
1123 1686 1169 1729 in
1213 1685 1360 1729 Sticho
1399 1701 1435 1728 v,
1478 1688 1578 1741 187,
1623 1688 1668 1730 in

133 1769 258 1797 merc.
309 1755 415 1810 869,
458 1755 550 1811 ipse
599 1755 718 1799 Accii
762 1772 798 1800 v.
847 1758 930 1800 144
980 1758 1130 1801 docere
1185 1759 1355 1814 poterat
1398 1756 1500 1811 (nec
1544 1759 1666 1802 video

131 1826 341 1882 profecto,
378 1841 454 1870 cur
490 1842 579 1870 non
616 1843 731 1883 eum,
775 1828 848 1884 qui
891 1829 1101 1884 impetum
1144 1828 1190 1870 in
1228 1843 1296 1870 me
1339 1828 1470 1871 faciat
1513 1844 1665 1886 meque

133 1897 260 1940 modo
286 1898 413 1941 modo
440 1901 687 1954 arrepturus
720 1900 793 1954 sit,
825 1899 970 1942 iubere
1002 1900 1128 1942 liceat
1153 1902 1202 1942 ut
1231 1914 1299 1941 me
1332 1899 1504 1942 amittat
1535 1903 1664 1957 atque

133 1968 250 2011 abire
278 1969 504 2024 patiatur),
534 1972 681 2013 tamen
707 1973 883 2026 propter
907 1971 1026 2013 illam
1051 1985 1224 2013 causam
1251 1971 1395 2013 nescio
1422 1986 1477 2013 an
1510 1972 1664 2014 merito

136 2039 181 2081 in
225 2041 516 2096 suspicionem
559 2044 743 2085 vocetur.
813 2041 960 2086 Possis
1004 2043 1119 2086 enim
1167 2057 1255 2085 non
1299 2042 1433 2085 nimia
1487 2043 1661 2086 audacia

130 2110 321 2154 conicere

296 2197 375 2240 age
407 2198 486 2240 age
519 2185 712 2239 amolire,
743 2185 865 2238 aufe'r
895 2189 931 2228 te
957 2202 965 2228 :
992 2199 1095 2229 caue
1127 2189 1291 2229 uestem
1324 2186 1494 2242 attigas.

129 2266 191 2309 Cf.
213 2266 355 2310 Plauti
381 2266 502 2311 Asin.
527 2268 614 2311 469
642 2269 783 2311 ‘aufer
807 2270 850 2310 te
876 2268 1068 2324 domum,
1101 2269 1279 2311 abscede
1306 2268 1424 2323 hinc,
1456 2270 1660 2312 molestus

128 2353 182 2380 ne
203 2329 306 2394 sis⁵3
338 2338 446 2382 Rud.
476 2340 586 2382 1021
617 2342 705 2395 ‘te,
737 2339 913 2382 obsecro
938 2339 1097 2395 hercle,
1123 2341 1242 2383 aufer
1267 2340 1438 2395 modo’3
1471 2340 1658 2383 Terentii

127 2409 299 2452 Phorm.
340 2410 427 2453 558
472 2412 613 2453 ‘aufer
654 2413 698 2453 te
741 2410 868 2453 hinc.’
943 2410 1079 2454 Paulo
1124 2411 1291 2454 diversa
1335 2414 1436 2454 sunt
1479 2412 1658 2467 Turpilii

127 2496 164 2522 v.
200 2481 294 2523 106.
340 2479 422 2523 Sed
453 2483 501 2523 ut
531 2482 577 2523 in
609 2481 801 2537 adelphis
833 2482 919 2525 937
953 2482 1139 2526 ‘insanis
1161 2499 1170 2525 τ
1191 2483 1330 2525 aufer'
1365 2483 1473 2525 dixit
1498 2482 1654 2524 Toron-

128 2551 232 2606 tius,
280 2551 354 2594 ubi
405 2552 492 2594 ‘vel
541 2554 583 2594 te
628 2553 694 2595 vel
738 2553 920 2595 malum'
967 2554 1303 2610 intellegendum
1354 2569 1445 2596 esse
1492 2554 1657 2596 monuit

127 2621 341 2677 Donatus,
379 2623 441 2666 ita
476 2623 658 2666 fortasse
695 2624 867 2667 amolire
904 2639 1072 2682 quoque
1111 2626 1165 2667 ab
1204 2625 1335 2668 Accio
1380 2625 1420 2666 vi
1459 2625 1653 2666 absoluta

127 2695 381 2757 usurpatum¹
409 2697 485 2737 est.
538 2706 541 2709 “

244 2799 295 2842 v.
328 2800 416 2844 315
476 2800 590 2845 Laid.
627 2803 709 2845 116
740 2802 871 2846 habet
903 2774 1114 2857 infanium

244 2870 295 2913 V.
327 2871 573 2916 327—329
605 2874 847 2930 exemplum
873 2889 965 2917 esse
992 2876 1134 2917 statuo
1162 2876 1397 2916 structurae
1425 2875 1653 2924 meminisse
