1942 3204
815 212 857 245 L.
883 210 1062 245 Arnvs
1619 206 1705 249 215

851 316 918 359 III
950 314 1019 374 (3)

343 396 534 439 Vulnere
567 397 706 438 taetro
738 395 1046 451 deformatum,

342 474 429 518 Suo
461 471 546 517 sibi
577 474 744 516 lautum
776 470 989 530 sanguine
1021 470 1168 528 tepido

850 567 913 611 1v
947 565 1015 625 (4)

281 648 383 692 Non
415 648 535 691 uides
567 662 696 704 quam
728 638 919 702 turbam,
950 647 1136 702 quantos
1169 645 1269 687 belli
1296 644 1452 686 fluctus
1479 644 1702 687 concites?

776 758 1086 803 TELEPHVS

755 847 757 849 ·
854 837 875 879 I
909 834 1006 895 (13)

281 918 498 969 Quantam
531 916 759 973 Tyndareo
791 916 928 972 gnz'tta
958 917 1002 958 et
1032 913 1225 958 Menelai
1253 914 1407 958 domus

161 997 248 1039 610
280 995 439 1039 Molem
471 994 668 1038 excitarit
698 994 801 1036 belli
831 995 1066 1050 pastorque
1097 993 1229 1036 ‘Ilius

855 1088 900 1132 II
956 1089 977 1131 1

284 1170 377 1213 Iam
407 1169 495 1212 isim
526 1167 700 1224 stupido
732 1086 950 1210 Thessala(
973 1086 1125 1210 gomno

343 1247 527 1290 Pectora
556 1247 854 1303 languentque
885 1245 1135 1301 senentque.

831 1334 911 1394 ,ΠΙ
944 1332 1012 1392 (3)

503 1415 631 1471 quem
662 1427 744 1471 ego
776 1413 851 1456 ubi
882 1410 1048 1470 aspexi,
1079 1412 1222 1455 uirum
1253 1412 1579 1456 memorabilem

158 1459 247 1563 ἐξ
275 1493 407 1537 'Intui
437 1492 624 1549 uiderer,
653 1491 700 1534 ni
730 1488 916 1534 uestitus
946 1492 1102 1547 taeter,
1133 1490 1373 1548 uestitudo,

259 1625 316 1659 ΙΙΙ
339 1624 433 1658 Non.
461 1625 539 1664 337,
566 1623 608 1657 15
640 1622 834 1655 ‘lautum
865 1623 979 1656 etiam
1009 1621 1243 1665 inquinatum
1274 1621 1335 1655 uel
1366 1621 1593 1657 maculatum
1623 1649 1632 1657 .
1654 1650 1662 1658 .
1685 1649 1693 1658 .

157 1672 292 1705 Accius
318 1669 495 1704 Stasiasti
520 1668 582 1702 uel
605 1668 750 1711 'Propeo
773 1692 804 1702 ..
820 1670 849 1702 .’
954 1667 1006 1701 IV
1030 1668 1123 1702 Non.
1149 1669 1234 1710 524,
1259 1669 1303 1702 25
1329 1668 1534 1702 ‘turbam
1559 1672 1597 1702 et
1623 1673 1700 1702 tur-

158 1718 225 1751 bas
256 1717 444 1750 diuersam
473 1714 603 1748 uolunt
634 1714 771 1747 habere
797 1712 1125 1757 significationem,
1158 1716 1199 1746 ut
1229 1714 1278 1746 sit
1311 1714 1420 1747 turba
1449 1714 1580 1758 populi
1612 1725 1699 1748 con-

158 1766 310 1804 uentus,
335 1761 469 1795 turbae
495 1759 742 1794 turbationes,
776 1760 854 1792 Nos
879 1761 1010 1792 contra
1035 1758 1175 1792 lectum
1199 1758 1409 1792 inuenimus
1435 1763 1473 1792 et
1496 1759 1700 1794 indiscrete

158 1811 318 1852 positum
343 1810 380 1840 et
404 1817 470 1850 pro
494 1806 612 1839 turbis
638 1804 796 1840 turbam.
846 1804 994 1843 Accius.
1006 1804 1231 1838 Athamante
1262 1829 1269 1837 .
1290 1829 1299 1838 .
1321 1829 1330 1838 .
1361 1805 1458 1838 idem
1482 1805 1699 1839 Stasiastris

162 1854 223 1888 uel
248 1854 321 1887 Tro
350 1863 393 1886 eo
418 1854 493 1886 ...’

247 1864 452 1932 'l'znliwnvs
472 1896 677 1941 (Tnmpvs.
702 1895 836 1929 Forma
853 1895 1031 1929 Tnnorvs
1052 1895 1095 1928 fr.
1105 1894 1159 1928 IX
1177 1898 1214 1928 et
1230 1895 1283 1928 XI
1303 1906 1385 1928 cum
1399 1895 1582 1930 similibus
1599 1907 1698 1930 com-

157 1945 340 1989 paranda,
367 1943 412 1976 de
438 1942 571 1986 quibus
596 1941 772 1975 disseruit
795 1940 1062 1975 Fleckeisenus
1089 1940 1226 1976 annall.
1245 1940 1384 1984 philon.
1403 1942 1491 1975 1866
1509 1952 1543 1985 p.
1568 1942 1697 1986 3sqq.)

156 1991 173 2024 1
198 1990 410 2024 Priscianus
435 1989 478 2021 de
502 1989 630 2022 metris
654 1987 738 2023 Ter.
763 1997 798 2030 p.
827 1988 914 2021 1325
937 1987 978 2023 P.
1013 1989 1104 2019 ‘nec
1135 1986 1252 2020 solum
1283 1986 1415 2020 comici
1444 1987 1697 2021 huiuscemodi

157 2039 243 2070 sunt
266 2036 325 2069 usi
350 2034 503 2076 iambis,
534 2032 599 2068 sed
625 2032 737 2066 etiam
762 2033 892 2076 tragici
916 2032 1164 2066 uetustissimi
1256 2057 1264 2065 .
1287 2031 1423 2066 Accius
1537 2032 1633 2066 idem
1659 2034 1697 2066 in

157 2081 322 2125 Telepho
352 2105 362 2115 .
379 2105 388 2114 .
409 2082 438 2113 .’
553 2079 591 2112 11
616 2078 834 2112 Priscianus
858 2078 891 2111 X
916 2089 950 2121 p.
976 2078 1043 2112 887
1068 2078 1109 2111 Ρ.
1137 2081 1296 2111 ‘senso
1321 2078 1509 2112 inuenitur
1533 2079 1573 2111 in
1598 2075 1695 2113 usu)

158 2127 226 2171 (in
250 2125 453 2169 Telepho
479 2135 549 2159 om.
575 2123 702 2167 Sang.)

273 2246 354 2285 606
384 2257 440 2295 sq.
480 2246 727 2294 Anapaestos
757 2246 915 2294 aqnouit
954 2245 1131 2287 Vossius;
1166 2246 1432 2292 septenarium
1462 2256 1549 2282 cum
1577 2256 1696 2294 prae-

157 2306 326 2342 cedentis
355 2305 465 2342 exitu
495 2305 629 2351 posuit
659 2302 824 2340 Baebius
939 2301 1139 2339 deformata
1167 2301 1291 2339 Basil.
1411 2302 1491 2340 607
1530 2313 1597 2339 suo
1628 2302 1696 2339 sibi

158 2374 230 2399 om.
251 2361 372 2398 Bern.
396 2360 418 2397 b
447 2360 525 2396 suci
554 2358 621 2396 sibl
647 2358 766 2397 Basil.
855 2359 1033 2408 sanguine
1062 2364 1147 2408 tepo
1174 2358 1291 2396 Rern.
1313 2358 1335 2395 b
1367 2358 1489 2408 tepido
1520 2360 1696 2408 sanguine

161 2418 324 2456 Botlzius
419 2416 499 2455 608
530 2422 687 2465 quantos
718 2414 803 2453 belli
823 2415 867 2452 L.
891 2415 1058 2454 Mueller
1077 2417 1225 2453 annall.
1246 2416 1395 2463 pbiloll.
1421 2415 1530 2454 1868
1548 2428 1589 2464 p.
1612 2415 1693 2454 431

159 2479 314 2525 quantos
344 2473 402 2510 uel
430 2473 520 2511 libri
547 2484 687 2522 quosue
718 2473 923 2510 Mercerus
1038 2472 1119 2511 609
1151 2472 1314 2510 tindarco
1345 2471 1441 2511 Par.
1463 2473 1500 2511 R
1618 2478 1694 2523 tyn·

157 2532 243 2569 (lare
273 2534 402 2581 agnata
434 2530 517 2569 Vae.
634 2529 741 2567 melei
773 2530 855 2568 Vat.
970 2529 1098 2567 domos
1129 2541 1233 2567 corr.
1267 2529 1395 2567 domus
1426 2530 1521 2567 Par.
1550 2530 1583 2566 Α

158 2589 242 2628 610
271 2588 428 2626 excitant
458 2598 562 2625 corr.
595 2587 758 2624 excitarit
777 2587 874 2624 Par.
897 2586 932 2623 R
1039 2587 1123 2624 llius
1143 2586 1353 2624 Putscbius
1379 2586 1475 2623 illius
1504 2587 1595 2624 libri

165 2645 244 2684 611
280 2643 414 2682 mesala
435 2643 558 2682 Bern.
580 2644 698 2682 Halb.
720 2644 895 2682 Karolir.
985 2642 1066 2682 612
1096 2643 1272 2693 languent
1302 2643 1439 2681 Bamb.
1462 2656 1508 2680 m.
1532 2642 1556 2679 2
1577 2643 1694 2681 Halb.

159 2715 206 2739 m.
229 2701 252 2739 2
283 2701 432 2750 langent
453 2701 589 2739 Bamb.
609 2701 727 2740 Han).
751 2700 869 2750 Sanq.
899 2699 1074 2750 plangent
1102 2700 1280 2739 Karolir.
1370 2710 1440 2748 quc
1461 2712 1530 2737 om.
1558 2701 1692 2738 Bamb.

161 2771 208 2797 m.
235 2759 254 2796 1
363 2754 583 2809 senemque]
615 2759 755 2796 litteris
784 2758 937 2796 duabus
965 2763 1069 2796 extr.
1102 2759 1258 2795 adrasis
1288 2759 1326 2794 in
1358 2757 1494 2794 Bamb.
1613 2757 1694 2795 613

162 2816 280 2852 uirum
320 2814 450 2852 Vrbin.
479 2814 574 2860 307,
606 2816 689 2853 edd.
724 2815 778 2851 nir
814 2817 937 2852 ceteri
969 2815 1061 2852 libri
1181 2812 1421 2850 uenerabilem
1458 2815 1556 2850 coni.
1590 2813 1692 2852 Bue-

161 2872 341 2910 cheler-us
485 2871 566 2909 614
598 2871 764 2909 diuorum
795 2871 950 2920 aliquem
987 2872 1079 2908 1111111
1108 2871 1255 2907 viderer
1283 2869 1415 2906 Delrio
1452 2869 1693 2908 Immortalem

160 2929 208 2965 mi
240 2929 331 2965 intui
360 2927 502 2966 uiderer
525 2929 687 2966 Bolbius
810 2928 890 2966 615
913 2939 967 2977 sq.
1000 2927 1196 2965 mestitudo
1227 2924 1410 2963 uastitudo
1434 2927 1526 2964 libri
1553 2928 1695 2965 maesti-
