1942 3204
830 227 872 269 Q.
901 226 1078 262 smuvs
1673 225 1719 267 71

684 331 874 375 xxxvl
906 331 1112 388 (xxxvu.
1150 330 1224 386 15)

307 414 441 463 Quem
485 413 701 466 metuunt,
745 410 945 453 oderunt:
990 424 1117 465 quem
1162 408 1341 465 quisquo
1387 409 1495 456 cidit,
1548 409 1724 463 periisse

1163 486 1335 542 expetit.

665 565 878 609 XXXVII
912 563 1139 622 (xxxvm.
1178 562 1251 620 17)

187 646 275 691 380
305 645 354 689 'O
386 644 512 706 Fides
544 644 657 687 alma
690 645 792 699 zipta
823 643 987 700 pinnis,
1018 643 1062 684 §t
1092 642 1158 684 ius
1191 641 1421 684 iurandum
1455 640 1589 683 Iouis!

670 726 907 770 XXXVIII
939 724 1128 783 (XXXIX.
1166 722 1239 781 14)

250 814 257 819 ’
308 840 607 850 ........
642 805 760 847 milla
793 806 943 847 saneta
976 804 1158 846 s6eiessas

305 884 397 929 Nec
428 885 534 927 fides
566 883 690 939 regni
721 884 786 926 §st

741 958 933 1003 XXXIX
965 958 1060 1017 (XL.
1095 957 1172 1015 24)

308 1074 607 1085 ........
640 1042 689 1081 iit
719 1053 798 1081 uos
831 1037 967 1080 uostri
997 1035 1126 1079 h'beri

307 1118 575 1174 Defendant,
606 1132 683 1173 pro
717 1118 866 1159 nostra
898 1116 989 1158 uita
1021 1115 1151 1158 morti
1185 1114 1444 1158 occumbant
1476 1114 1660 1156 6buiam.

800 1193 878 1236 XL
911 1191 1025 1251 (xm.
1060 1190 1107 1249 6)

187 1275 274 1320 385
307 1310 314 1319 .
348 1310 356 1318 .
390 1309 398 1317 .
431 1274 535 1330 quin
568 1272 668 1316 inde
700 1273 851 1316 inuitis
884 1271 1148 1328 sumpserint
1179 1270 1469 1327 perdvellibus

763 1350 865 1393 XLI
897 1347 1030 1407 (XLII.
1064 1347 1141 1406 25)

305 1431 535 1474 Parentem
567 1433 611 1472 et
641 1427 865 1488 pa[triam,
897 1426 960 1484 di,
992 1425 1177 1485 seruate]
1214 1427 1436 1483 sospitem!

275 1538 433 1572 XXXVI
457 1537 588 1572 Cicero
613 1537 657 1571 de
675 1537 734 1571 off.
753 1537 791 1571 II
809 1537 842 1578 7,
859 1538 903 1569 23
929 1535 1144 1579 ‘praeclare
1163 1535 1262 1567 enim
1279 1534 1422 1567 Ennius
1447 1559 1453 1565 .
1471 1559 1476 1565 .
1493 1559 1500 1567 .
1513 1537 1522 1552 '
1549 1534 1723 1567 Fortasse

185 1585 299 1619 Atreo
324 1584 418 1618 haec
442 1584 481 1617 in
504 1583 669 1626 Thyeste
695 1582 988 1626 opponebantur.
1083 1580 1259 1614 XXXVII
1285 1579 1416 1613 Cicero
1443 1579 1486 1613 de
1513 1579 1573 1612 off.
1591 1579 1649 1613 111
1667 1581 1725 1622 29,

188 1632 254 1665 104
276 1634 383 1663 ‘nam
408 1629 602 1673 praeclare
626 1629 769 1662 Ennius
798 1653 807 1662 .
822 1630 874 1661 ..²
914 1626 1095 1671 Apuleius
1120 1626 1164 1660 de
1191 1625 1260 1659 deo
1278 1625 1377 1659 Socr.
1397 1636 1427 1658 c.
1447 1626 1467 1657 5
1493 1636 1527 1668 p.
1548 1626 1613 1659 132
1630 1624 1725 1658 Oud.

186 1679 292 1710 ‘nam
318 1678 356 1708 et
380 1675 439 1708 ius
463 1674 657 1708 iurandum
682 1673 781 1707 Iouis
811 1672 1006 1706 iurandum
1030 1672 1184 1715 dicitur,
1216 1674 1258 1709 ut
1289 1671 1343 1704 ait
1367 1671 1538 1704 Ennius.'
1580 1668 1726 1711 (Iouis

186 1720 423 1755 iurandum
448 1731 515 1754 om.
534 1719 634 1754 Flor.
654 1729 736 1752 eum
753 1718 866 1760 aliis).
897 1717 1100 1751 Ariolando
1125 1717 1217 1750 haec
1235 1727 1378 1761 quoque
1405 1719 1442 1749 et
1467 1716 1512 1749 fr.
1532 1715 1727 1750 XXXVIII

185 1767 235 1801 ad
257 1767 457 1811 Thyestem
485 1765 626 1799 rettuli.
695 1764 891 1798 XXXVIII
915 1762 1044 1797 Cicero
1070 1762 1115 1795 de
1139 1762 1200 1797 off.
1227 1763 1243 1795 1
1269 1764 1311 1804 8,
1337 1763 1381 1795 26
1407 1762 1518 1805 ‘quotl
1545 1762 1641 1794 enim
1669 1765 1725 1795 est
1743 1786 1758 1796 ..

188 1813 286 1857 apud
303 1812 481 1846 Ennium:
508 1810 625 1844 nulla'
644 1821 675 1845 e.
695 1821 728 1853 q.
747 1820 774 1843 s.
801 1809 855 1842 ‘id
879 1809 995 1853 latius
1011 1811 1145 1852 patet.’
1177 1807 1279 1842 Idem
1298 1807 1344 1840 de
1362 1818 1437 1850 rep.
1458 1808 1472 1840 1
1491 1809 1548 1850 32,
1566 1809 1610 1840 49
1627 1810 1727 1840 ‘eon-

187 1858 290 1893 cordi
314 1857 448 1902 populo
472 1882 479 1890 .
495 1883 503 1890 .
518 1882 526 1889 .
550 1855 642 1890 nihil
660 1866 741 1890 esse
759 1854 1026 1896 inmutabilius,
1052 1853 1145 1887 nihil
1163 1853 1299 1886 firmius
1323 1878 1330 1886 .
1347 1878 1376 1886 ..
1400 1854 1527 1896 itaque
1555 1863 1637 1885 cum
1663 1863 1726 1895 pa-

186 1907 264 1938 tres
287 1913 405 1937 rerum
430 1903 647 1947 potirentur,
671 1911 868 1944 numquam
892 1900 1105 1934 constitisse
1132 1899 1298 1932 ciuitatis
1323 1902 1475 1931 statum.
1513 1897 1628 1931 Multo
1654 1899 1727 1931 iam

187 1949 226 1983 id
250 1949 288 1982 in
311 1949 436 1992 regnis
461 1949 598 1987 minus,
625 1957 822 1991 quorum,
854 1949 896 1979 ut
921 1947 975 1979 ait
999 1945 1157 1983 Ennius,
1190 1943 1316 1978 nulla
1349 1941 1530 1988 [regni]
1564 1947 1726 1976 sancta

188 1995 396 2030 societas
420 2004 502 2028 nec
526 1993 646 2028 fides
665 1995 764 2027 est.’
791 1991 865 2035 (uel
883 1991 1092 2035 quoniam
1119 1989 1354 2023 scribendum
1375 2000 1439 2032 pro
1466 1999 1648 2032 quorum
1665 1989 1725 2022 uel

187 2051 319 2096 regni
345 2050 587 2085 omittendum
604 2050 706 2084 Maio
721 2049 930 2083 uidebatur.
977 2046 1254 2082 FIDESTEST
1279 2045 1375 2089 οοᾱ.)
1429 2045 1600 2080 Conferri
1623 2046 1726 2079 iubet

187 2097 374 2131 ManutIus
398 2096 543 2131 Lucani
566 2095 696 2130 Phars.
713 2095 730 2129 1
747 2096 790 2129 92
883 2093 1041 2127 XXXIX
1065 2093 1215 2127 Seruius
1246 2093 1285 2126 in
1301 2092 1392 2125 Aen.
1409 2092 1447 2126 II
1464 2093 1507 2124 62
1534 2095 1726 2124 ‘occum-

186 2143 293 2177 bere
318 2142 465 2178 morti:
495 2151 614 2175 nouae
638 2141 836 2175 locutionis
867 2139 984 2183 figura
1016 2143 1054 2172 et
1085 2139 1233 2183 penitus
1264 2141 1416 2172 remota.
1468 2137 1608 2170 Ennius
1635 2163 1642 2170 .
1662 2162 1671 2171 .
1694 2140 1723 2170 .’

188 2188 341 2222 Contuli
370 2198 417 2222 ex
446 2187 634 2231 Euripidis
663 2185 875 2220 Erechtheo
900 2185 945 2219 fr.
970 2187 1055 2228 362,
1084 2186 1126 2218 14
1158 2181 1292 2218 ἔπειτα
1322 2181 1438 2217 τέκνα
1471 2176 1581 2216 τοῦδ’
1617 2179 1724 2217 ἕκατι

188 2233 387 2277 τίκτομεν,
406 2229 474 2272 Ὡς
497 2231 603 2267 θεῶν
627 2243 667 2266 τε
693 2228 843 2276 βωμοὺς
867 2230 1038 2274 πατρίδα
1063 2241 1102 2264 τε
1129 2226 1325 2273 ῥυσόμεθα.
1443 2228 1509 2262 XL
1535 2229 1652 2262 Varro
1677 2228 1723 2262 de

188 2279 212 2313 l.
236 2280 281 2313 L.
306 2278 377 2313 VII
400 2280 445 2312 49
470 2279 520 2312 Μ.
563 2277 683 2322 ‘apud
706 2278 885 2311 Ennium:
912 2278 1021 2320 quin’
1048 2288 1078 2311 e.
1106 2287 1140 2319 q.
1168 2286 1196 2308 s.
1244 2273 1528 2318 ‘perduelles
1552 2273 1726 2307 dicuntur

188 2325 343 2359 hostes.’
421 2324 507 2358 XLI
530 2324 668 2358 Festus
691 2334 726 2367 p.
751 2325 815 2357 301
842 2322 890 2355 Μ.
916 2319 1118 2365 ‘sos[pes
1143 2320 1329 2364 signifieat
1354 2317 1469 2363 apud]
1498 2329 1623 2353 omnes
1647 2319 1725 2353 fere

190 2367 380 2414 :monotes
404 2368 566 2403 saluum:
599 2367 669 2412 sic]
694 2387 739 2393 —
763 2386 806 2392 —
833 2366 1010 2412 En[nius
1039 2368 1075 2400 in
1106 2391 1259 2401 ......
1290 2368 1549 2409 parentem’
1576 2376 1607 2400 e.
1635 2375 1668 2408 q.
1694 2375 1723 2398 s,

304 2489 384 2529 379
417 2489 527 2527 odere
556 2500 610 2528 ex
640 2490 748 2528 Gom.
779 2490 1050 2538 Heusinqerus
1136 2488 1274 2536 perisse
1306 2486 1459 2523 codices
1490 2485 1645 2523 Bm‘wrr'

190 2548 291 2597 cupit
321 2547 444 2585 Ber-n.
474 2558 496 2584 c
583 2546 667 2586 380
697 2547 824 2595 pennis
855 2546 1062 2595 Bambery.
1086 2557 1132 2582 m.
1158 2544 1204 2592 2,
1237 2543 1357 2580 Bern.
1389 2554 1411 2580 c
1499 2542 1578 2579 :381
1612 2542 1726 2578 socie-

193 2610 246 2642 tas
276 2609 399 2642 sancta
419 2605 539 2642 Bern.
565 2615 586 2641 c
673 2602 755 2642 384
787 2602 1000 2640 occumbant
1031 2602 1172 2639 obuiam
1195 2601 1304 2639 Cass.
1337 2598 1549 2636 occumbant
1581 2599 1725 2634 sortiter

191 2663 306 2711 utdqo
336 2659 570 2708 occumbant,
601 2672 671 2698 om.
705 2659 867 2707 obuiam,
899 2660 1011 2697 Fuld.
1109 2657 1190 2696 385
1223 2658 1308 2706 quin
1341 2656 1421 2692 inde
1451 2655 1560 2692 Flor.
1582 2654 1676 2691 Par.
1701 2666 1723 2689 a

191 2718 322 2768 quoius
360 2717 442 2755 inde
480 2717 587 2756 Goth.
625 2717 732 2767 quius
771 2716 853 2754 inde
884 2717 1017 2754 Hauu.
1056 2714 1153 2765 quod
1190 2714 1272 2751 inde
1312 2712 1406 2749 Par.
1445 2712 1465 2746 b
1505 2710 1589 2758 quid
1630 2709 1724 2746 unde

197 2775 366 2813 Tur-nebi
392 2776 474 2812 cod.
508 2773 699 2812 uIndietam
725 2774 913 2823 Scaliqer.
962 2773 1199 2811 Coniece‘mus
1231 2781 1298 2817 ‘39⁰
1330 2778 1439 2816 quom
1473 2769 1533 2804 uel
1563 2767 1623 2815 qui
1655 2767 1724 2812 ius,

193 2831 463 2870 Buecheler-us
493 2830 554 2880 qui
587 2831 659 2868 uim
688 2830 731 2868 «le
760 2831 885 2879 uictis3
920 2835 955 2867 et
988 2830 1091 2867 uictis
1124 2831 1198 2864 iam
1221 2827 1397 2874 Scaliyer
1424 2826 1638 2872 proposuit.

193 2889 252 2926 De
281 2900 302 2923 v
332 2892 568 2926 consonante
605 2890 642 2924 in
682 2898 779 2925 uoce
817 2885 1060 2936 perdvellibus
1097 2886 1196 2922 dia-il
1226 2882 1500 2919 Lachmannus
1535 2883 1571 2917 ιή
1610 2880 1723 2917 Lacr.

193 2944 242 2982 ΙΙ
267 2944 347 2983 661
466 2944 547 2983 386
590 2944 705 2982 Vncis
741 2946 895 2982 inclusa
935 2945 971 2979 ῐη
1013 2943 1094 2978 eod.
1129 2952 1202 2977 mm
1242 2944 1448 2987 apparent.
1494 2944 1526 2973 et
1561 2937 1722 2986 patriam,
