1942 3204
730 191 1081 229 COROLLARIVM
1542 191 1672 229 LXVII

141 303 361 361 leguntur,
392 316 446 345 ne
473 317 498 345 a
523 302 675 345 ceteris
701 302 871 359 quidem
903 302 1080 360 tragicis
1110 303 1251 359 poetis
1283 302 1380 345 inde
1407 302 1461 345 ab
1488 302 1674 359 Augusti

142 378 283 420 aetate
315 389 519 431 umquam
551 390 624 418 eos
656 374 727 431 (cf.
759 390 796 418 V.
828 375 904 433 29)
936 376 1166 431 usurpatos
1198 374 1329 416 fuisse
1361 376 1565 417 continuo
1596 390 1674 431 pro

141 449 258 491 certa
295 447 389 504 lege
422 445 691 490 sanciemus?
757 445 848 490 Nec
887 446 1119 503 quidquam
1157 446 1223 489 vel
1260 447 1450 489 numeris
1489 447 1674 503 scrupuli

71 531 74 533 ’
140 521 336 562 movetur
385 518 628 574 septenario
684 517 901 561 trochaico
954 518 1050 561 138.
1136 518 1351 563 Iambicus
1408 519 1675 574 septenarius

140 590 200 634 42
230 605 334 633 num
372 590 529 633 rectius
569 589 622 632 ad
654 589 917 632 comoediam
949 590 1158 633 referatur
1196 590 1383 633 dubitari
1418 606 1544 646 posse
1576 606 1674 632 con-

141 661 256 705 cedo.
331 661 679 718 Anapaestorum
730 661 997 716 septenarius
1052 662 1135 705 182
1185 661 1317 704 Ennii
1367 661 1424 718 (v.
1471 663 1675 717 ’ΖΟ-72)

141 733 395 777 auctoritate
426 733 638 790 firmatur,
669 735 719 776 ut
737 731 1022 776 Buechelerus
1048 733 1277 791 intellexit,
1309 734 1376 776 cui
1409 733 1460 776 de
1486 734 1675 776 eiusdem

140 820 177 848 ν.
223 805 306 848 241
316 838 328 861 ,
372 820 498 861 quem
544 805 811 859 octonarium
855 807 1138 861 anapaestum
1182 820 1275 848 esse
1319 806 1427 861 vult,
1471 805 1675 848 adsentiri

141 876 283 919 minus
315 891 502 932 possum.
567 875 649 919 Sed
688 879 860 919 constat
891 877 1152 933 octonarios,
1190 877 1327 934 qualis
1366 877 1446 919 inc.
1479 877 1559 919 inc.
1591 877 1675 919 fab.

146 947 228 991 183
266 950 310 990 et
347 948 401 990 ab
438 947 520 990 hoc
558 963 645 991 non
684 948 876 991 diversus
915 948 1208 992 Aristobulius
1247 950 1303 991 96
1348 952 1431 1004 est,
1475 948 1674 991 Plautum

140 1019 302 1062 fecisse.
364 1018 519 1061 Restat
549 1020 663 1062 inter
695 1022 953 1076 anapaestos
986 1021 1179 1063 senarius
1212 1020 1316 1076 237,
1353 1035 1479 1076 quem
1513 1021 1548 1062 si
1581 1020 1675 1076 quis

142 1086 275 1146 lyrico
318 1094 470 1147 poetae
520 1092 708 1134 tribuere
752 1092 969 1147 maluerit,
1019 1092 1216 1148 equidem
1267 1108 1356 1134 non
1406 1092 1675 1145 adversabor,

141 1177 400 1218 quamquam
427 1162 555 1204 huius
581 1178 750 1220 quoque
775 1163 902 1206 metri
929 1163 1104 1206 Graecis
1130 1179 1218 1206 non
1244 1164 1454 1220 incogniti
1481 1165 1675 1219 exempla

142 1232 344 1276 Plautina
375 1234 584 1290 quaedam
615 1235 860 1291 nuperrime
893 1235 1095 1278 excitavit
1126 1235 1238 1279 Guil.
1269 1235 1415 1278 Christ
1446 1236 1490 1278 in
1523 1251 1674 1278 comm.

140 1305 192 1347 de
223 1305 401 1348 canticis
434 1305 576 1348 Plauti
607 1321 647 1362 p.
678 1307 737 1350 43
771 1322 861 1363 sqq.
893 1306 1012 1364 (actt.
1038 1307 1154 1350 acad.
1181 1307 1347 1350 Monac.
1378 1308 1521 1363 1871).
1572 1307 1672 1363 Pyr-

139 1376 298 1420 richius
330 1378 404 1434 qui
442 1377 597 1420 dicitur
635 1379 917 1434 grammatico
955 1380 1041 1422 218
1079 1379 1140 1422 nil
1179 1379 1294 1421 aliud
1332 1382 1398 1421 est
1434 1395 1562 1435 quam
1601 1395 1676 1434 per

141 1447 543 1503 proceleusmaticos
589 1449 817 1492 decurrens
867 1450 1110 1506 tetrapodia
1159 1451 1368 1506 dactylica
1417 1452 1675 1506 catalectica,

141 1534 269 1576 quam
301 1536 455 1576 puram
487 1524 680 1576 praestat
710 1521 976 1577 Pomponius
1008 1537 1045 1564 v.
1077 1523 1106 1564 ἵ)
1138 1526 1181 1564 et
1214 1523 1250 1565 7.
1314 1522 1378 1564 De
1410 1523 1576 1565 creticis
1614 1527 1673 1565 te-

140 1593 359 1634 trametris
400 1593 454 1635 97
491 1608 551 1648 sq.
589 1607 716 1635 nemo
755 1593 968 1637 dubitavit
1004 1597 1176 1649 praeter
1213 1594 1259 1637 L.
1291 1594 1563 1650 Muellerum,
1602 1596 1673 1650 qui

142 1663 258 1705 solus
290 1666 490 1718 expertus
523 1663 596 1719 sit,
634 1664 736 1720 quid
773 1668 942 1720 poetae,
980 1680 1161 1721 quorum
1193 1681 1272 1708 nos
1311 1666 1674 1708 ceterimortales

140 1733 319 1776 lacinias
361 1735 540 1777 miseras
583 1739 797 1791 tenemus,
841 1736 887 1779 in
930 1739 1021 1779 arte
1060 1740 1135 1778 aut
1177 1738 1328 1779 sectati
1373 1741 1448 1780 aut
1490 1739 1674 1780 aversati

142 1805 238 1847 sint.
301 1805 568 1849 Trochaeum
600 1822 697 1850 cum
729 1807 895 1850 creticis
927 1808 1202 1851 coniunctum
1241 1809 1285 1850 in
1318 1824 1353 1850 v.
1386 1810 1441 1851 97
1476 1825 1536 1865 sq.
1570 1810 1674 1851 satis

142 1891 271 1931 supra
301 1877 354 1918 ad
386 1876 518 1920 Ennii
550 1893 587 1920 v.
619 1878 706 1921 305
738 1879 915 1921 firmavi.
984 1878 1240 1922 Comoediae
1278 1882 1460 1922 fortasse
1497 1881 1672 1923 redden-

141 1947 218 1991 dos
250 1963 343 1991 esse
374 1952 418 1992 et
448 1950 628 1992 creticos
660 1950 746 1992 239
779 1953 822 1993 et
859 1950 1068 1993 baccheos
1100 1951 1186 1994 238
1224 1956 1399 2007 propter
1436 1954 1673 1995 sententiae

141 2023 185 2062 et
216 2021 425 2063 sermonis
463 2022 649 2064 colorem
687 2036 775 2064 non
813 2022 1077 2079 negaverim,
1115 2038 1375 2079 quamquam
1413 2025 1672 2067 abstinuisse

141 2091 338 2134 baccheis
382 2093 570 2148 tragicos
609 2093 855 2148 opinionem
899 2093 945 2137 L.
983 2094 1179 2137 Muelleri
1219 2110 1316 2137 ann.
1355 2095 1517 2150 philoll.
1560 2098 1672 2138 1868

142 2178 182 2218 p.
213 2163 302 2206 432
338 2166 498 2206 temere
534 2165 747 2220 prolatam
785 2165 917 2208 Ennii
949 2169 993 2208 et
1029 2165 1203 2208 Pacuvii
1241 2167 1435 2222 exempla
1474 2168 1672 2210 refutant.

258 2233 320 2277 Ut
367 2238 510 2279 autem
560 2236 611 2278 de
657 2232 1059 2280 Pseudocensorini‘
1090 2238 1170 2280 fide
1221 2238 1444 2280 dubitandi
1496 2254 1669 2281 causam

142 2306 303 2348 nullam
323 2321 415 2349 esse
434 2308 666 2364 contendo,
698 2309 758 2351 ita
777 2324 891 2352 nunc
922 2308 1226 2362 Centimetri
1259 2301 1454 2365 exempla
1486 2311 1670 2352 concedo

142 2378 373 2427 abicienda,
401 2394 493 2421 esse
531 2380 694 2436 omnia,
731 2395 819 2423 uon
858 2381 958 2437 quia
994 2395 1082 2423 non
1120 2382 1370 2424 intermixta
1409 2383 1497 2424 sint
1534 2383 1671 2424 frusta

142 2449 350 2505 quaedam
377 2454 618 2508 poetarum,
649 2451 830 2507 Vergilii
856 2452 1027 2495 Horatii
1047 2452 1186 2495 Ovidii
1208 2452 1392 2495 Senecae
1412 2453 1671 2506 Terenti-ani,

141 2519 273 2565 Ennii
311 2536 497 2578 quoque,
529 2521 602 2564 sed
634 2523 747 2579 quod
780 2527 924 2579 spreta
955 2524 1151 2567 consulto
1183 2525 1528 2566 testimoniorum
1562 2525 1669 2579 opti-

142 2580 310 2635 morum
348 2592 596 2649 integritate
633 2594 832 2638 flosculos
875 2611 927 2638 ex
969 2596 1099 2639 variis
1142 2596 1404 2638 carminibus
1448 2596 1670 2650 decerptos

143 2664 196 2707 ad
227 2678 362 2706 novos
393 2664 600 2720 quosdam
634 2666 863 2710 versiculos
895 2667 1255 2711 consarcinandos
1294 2668 1355 2709 ita
1395 2666 1671 2721 interpolavit

142 2750 277 2778 vanus
309 2738 543 2793 poetaster,
575 2740 623 2780 ut
653 2738 734 2780 nisi
769 2738 841 2780 ubi
873 2742 1022 2781 extant
1053 2739 1135 2794 ipsi
1168 2742 1388 2780 auctorum
1422 2738 1536 2792 libri,
1569 2737 1669 2792 quid

144 2807 255 2850 unde
298 2807 499 2851 haustum
540 2808 596 2850 sit
639 2809 736 2851 sciri
781 2810 907 2864 plane
951 2813 1145 2866 nequeat.
1215 2809 1440 2851 Praeterea
1480 2809 1669 2863 integros

145 2881 212 2920 sat
247 2880 405 2922 multos
442 2880 599 2934 partim
631 2880 722 2935 ipse
754 2881 870 2933 fecit,
907 2882 1065 2938 partim
1098 2896 1147 2922 ex
1180 2880 1541 2922 connnentariolis
1579 2880 1669 2934 qui-
