1942 3204
282 216 361 258 172
531 251 538 262 χ
882 272 885 274 Β
914 220 955 257 L.
977 220 1151 254 ATT1VS

278 322 365 363 270
397 321 587 377 Tyranni
621 337 794 365 saeuom
825 324 1049 379 ingenium
1081 326 1208 380 atque
1241 327 1488 368 execrabile.

969 401 1013 443 II
1064 401 1093 443 4

395 474 645 531 passimque
677 478 835 532 praeda
865 480 1001 533 pecua
1032 399 1253 521 §allebant
1285 481 1412 535 agris.

944 566 1010 609 III
1042 565 1139 625 (12)

397 641 499 684 Non
531 644 666 698 genus
699 643 839 686 uirum
873 646 1017 700 ornat,
1049 646 1197 701 generi
1228 645 1295 688 uir
1325 644 1452 688 fortis
1484 646 1590 688 loco.

942 733 1005 777 IV
1038 732 1135 791 (10)

1151 811 1320 868 Ogygia
1350 809 1520 855 moenia

969 899 1009 942 V
1043 899 1112 957 (8)

396 975 455 1017 Et
487 976 624 1041 quz'dis
656 976 802 1032 fuerit,
832 977 949 1019 fama
980 978 1238 1031 celebresce'it
1267 980 1354 1020 tua.

942 1065 1006 1108 VI
1038 1064 1134 1122 (11)

280 1142 366 1185 275
397 1142 465 1184 Ita
497 1144 540 1184 et
570 1142 672 1185 fletu
705 1145 747 1185 et
778 1143 967 1186 tenebris
993 1144 1236 1187 obstinatus
1257 1146 1441 1201 speciem
1473 1146 1596 1188 amisi
1627 1147 1801 1189 himinis

401 1218 705 1275 Conspiciendi
737 1220 981 1262 insolentia.

946 1309 1032 1352 VII
1065 1308 1132 1368 (3)

395 1385 573 1429 'Adsum
606 1387 719 1442 apud
750 1389 811 1443 te,
842 1387 1024 1443 genitor.

932 1476 1041 1519 vm
1074 1474 1140 1534 (9)

396 1553 535 1596 Multa
567 1553 823 1596 amittuntur
853 1554 1025 1597 tarditie
1056 1557 1099 1597 et
1130 1555 1335 1598 socordia.

369 1674 405 1706 11
430 1674 523 1706 Non.
554 1674 637 1713 159,
664 1673 704 1705 15
730 1676 898 1716 ‘pecua
923 1677 962 1706 et
986 1673 1128 1717 pecuda
1158 1674 1212 1707 ita
1237 1677 1277 1708 ut
1306 1685 1438 1717 pecora
1461 1677 1607 1709 ueteres
1632 1676 1802 1709 dixerunt

354 1720 383 1752 .‘
492 1718 548 1752 111
572 1719 664 1753 Non.
692 1720 775 1759 338,
802 1720 845 1751 22
877 1718 1041 1751 ‘locum
1068 1719 1179 1752 decus
1205 1719 1415 1763 significare
1446 1720 1527 1753 uult
1549 1720 1685 1754 Accius
1710 1721 1800 1754 Dio·

277 1764 379 1796 mede
405 1766 479 1796 ..'.’
587 1763 640 1796 IV
663 1764 797 1796 Festus
821 1775 857 1806 p.
884 1765 948 1797 178
972 1764 1021 1799 M.
1054 1765 1256 1808 ‘Ogygia
1286 1766 1462 1798 moenia
1485 1765 1619 1799 Accius
1651 1768 1690 1799 in
1715 1767 1801 1800 Dio-

278 1808 378 1842 mede
405 1808 600 1851 appellans
625 1808 812 1851 signifieat
835 1809 1033 1851 Thebas,
1061 1811 1147 1852 quia
1172 1820 1252 1843 eam
1276 1811 1402 1844 urbem
1420 1810 1571 1855 Ogygus
1595 1811 1801 1845 condidisse

278 1854 463 1886 traditur!
563 1854 594 1886 V
617 1854 708 1887 Non.
735 1856 796 1892 89,
822 1855 864 1888 15
890 1854 1235 1888 ‘celebrescat.’
1340 1856 1391 1888 VI
1415 1856 1506 1889 Non.
1534 1858 1618 1896 322,
1643 1858 1687 1890 24
1713 1858 1801 1889 ‘in—

278 1899 432 1932 solens
464 1909 603 1932 rursum
634 1909 706 1932 non
738 1899 859 1933 solens
882 1902 979 1933 ....’
1094 1901 1164 1934 VII
1187 1901 1279 1933 Non.
1305 1901 1390 1944 522,
1417 1903 1460 1934 33
1493 1902 1640 1943 ‘itaque
1665 1902 1799 1935 uitiose

278 1944 450 1987 dicimus,
483 1955 564 1976 cum
594 1955 661 1978 nos
692 1946 733 1977 in
762 1945 841 1978 foro
866 1945 1194 1987 fuisse-dicamus,
1224 1946 1322 1990 apud
1354 1949 1418 1978 aut
1448 1946 1494 1978 ad
1527 1947 1644 1979 forum
1670 1947 1799 1989 fuisse,

279 2000 359 2022 cum
385 1990 501 2032 apud
525 1990 628 2022 iuxta
652 1989 837 2032 significet
859 2015 889 2024 ..
904 1993 934 2022 .'
1043 1991 1131 2024 VIII
1155 1992 1245 2024 Non.
1274 1992 1355 2029 181,
1380 1993 1424 2024 20
1452 1991 1739 2027 ‘tarditudinem
1763 1996 1800 2026 et

279 2034 519 2067 tarditiem
544 2045 610 2077 pro
635 2035 811 2068 tarditate
835 2059 866 2069 ..
881 2060 890 2069 .
912 2035 1046 2069 Accius
1070 2035 1243 2069 Alcmene
1268 2061 1297 2069 ..
1312 2061 1321 2070 .
1344 2036 1440 2069 idem
1464 2035 1642 2070 Diomede
1667 2040 1743 2071 ...²

390 2175 473 2216 270
501 2189 649 2215 saeuum
679 2179 761 2215 edd.
792 2189 892 2215 scum
922 2179 1012 2215 libri
1095 2179 1292 2216 execrabile
1313 2182 1426 2228 iculqo
1457 2179 1689 2217 execrabilem
1710 2181 1801 2218 libri

390 2234 469 2272 271
503 2246 573 2283 que
615 2235 739 2272 Vrbin.
764 2235 857 2281 308,
883 2235 1090 2273 Gulielmus
1122 2236 1241 2274 Veris.
1266 2237 1289 2273 1
1309 2236 1359 2273 21
1395 2247 1485 2285 quae
1515 2237 1606 2273 libri
1690 2237 1799 2274 ualle-

278 2292 362 2328 bant
388 2292 436 2328 W
454 2292 508 2338 cf.
530 2292 647 2328 Pauli
665 2292 805 2329 Festus
830 2303 870 2339 p.
894 2292 974 2330 377
1005 2304 1042 2329 u.
1065 2292 1226 2329 uallessit
1256 2297 1292 2330 et
1317 2293 1591 2330 Lccckmannus
1621 2296 1659 2330 in
1680 2294 1796 2331 Lacr.

276 2361 314 2396 p.
340 2348 417 2386 191
450 2347 633 2385 ucllebant
663 2351 784 2386 ceteri
809 2350 900 2386 libri
926 2346 1089 2385 halabant
1109 2349 1257 2399 ᾼΙάἱηα·
1334 2350 1501 2398 praedam
1529 2361 1566 2398 p.
1598 2349 1799 2387 auellebant

278 2407 374 2442 coni.
407 2405 674 2442 Buechelerus
803 2405 884 2443 272
924 2405 1068 2454 generis
1105 2407 1218 2455 uulyo
1339 2406 1444 2443 sortis
1475 2407 1677 2443 Mercerus
1713 2406 1799 2443 forti

276 2463 367 2498 libri
467 2460 547 2497 274
578 2457 631 2511 et]
665 2474 716 2498 an
746 2462 810 2499 ut?
916 2461 996 2499 275
1026 2473 1083 2510 sq.
1114 2463 1301 2500 Iambicos
1330 2474 1432 2500 nunc
1452 2466 1693 2510 septenarios
1713 2474 1799 2500 cum

277 2519 320 2557 L.
345 2517 532 2555 Muellero
560 2516 721 2564 (annali.
744 2520 894 2566 philoll.
923 2519 1028 2556 1868
1049 2531 1093 2567 p.
1119 2518 1216 2564 428)
1241 2521 1414 2567 praetuli
1442 2520 1670 2566 trochaicis,
1703 2530 1798 2567 quos

278 2577 363 2612 olim
383 2575 564 2611 Rotleium
594 2578 750 2611 secutus
780 2576 1031 2612 exhibueram
1135 2574 1216 2612 275
1248 2581 1284 2612 et
1314 2575 1402 2613 fletu
1423 2576 1644 2613 Scriuerius
1672 2574 1797 2611 effletu

277 2632 366 2667 libri
393 2631 483 2667 ssetu
512 2631 718 2668 Gulielmus
739 2633 765 2669 l.
786 2633 812 2668 l.
919 2631 1240 2683 obsitusRotlzius
1269 2632 1440 2668 obstinati
1481 2632 1633 2670 Vossius
1661 2633 1796 2668 consti-

278 2693 382 2735 patus
404 2688 566 2725 Bothius
587 2687 609 2722 2
705 2698 845 2736 sperem
876 2688 918 2724 L.
941 2689 1107 2726 Mueller
1135 2690 1291 2726 nescius
1318 2689 1471 2736 speciem
1502 2698 1585 2725 esse
1609 2687 1796 2724 oculorum

278 2745 387 2780 aciem
515 2745 614 2780 amisi
646 2744 852 2781 Gulielmus
878 2747 904 2782 l.
926 2747 951 2781 l.
985 2756 1036 2781 ex
1067 2747 1124 2782 ed.
1157 2745 1247 2782 Ven.
1274 2743 1380 2782 1483
1410 2745 1529 2780 amissi
1557 2745 1664 2789 libri,
1697 2746 1799 2792 quod

277 2801 373 2836 idem
403 2806 459 2837 est
559 2799 639 2837 276
670 2801 912 2849 conspiciendi
940 2801 1132 2838 insolentia
1154 2801 1316 2838 Bothius
1336 2799 1379 2846 2,
1412 2802 1480 2837 sed
1507 2801 1629 2837 deleri
1649 2801 1794 2838 iubens.

278 2858 498 2904 conspicient
527 2857 754 2893 insolentiam
778 2858 869 2894 libri
896 2859 1119 2906 conspicient
1137 2857 1328 2894 insolentia
1346 2857 1478 2894 Delrio
1582 2856 1794 2911 278311111-

279 2917 405 2950 tuntur
435 2915 492 2952 ed.
519 2912 625 2951 1526
656 2914 850 2953 mittuntur
868 2915 958 2953 libri
1042 2914 1183 2950 tarditie
1204 2915 1316 2963 uulqo
1346 2913 1486 2950 tat-ditia
1511 2914 1601 2950 libri
