1942 3204
744 203 1096 242 COROLLARIVM
1602 205 1683 243 LIX

152 313 219 359 III
243 314 329 359 519
363 316 569 370 ‘namque
601 313 691 357 dies
716 313 871 370 aderit,
902 329 1031 371 quam
1056 329 1144 357 non
1176 315 1323 370 procul
1355 330 1543 371 auguror
1573 319 1680 359 esse’

151 401 187 431 e.
218 401 258 443 q.
289 401 320 429 s.
353 388 396 429 et
433 385 453 428 Ι
491 386 577 429 256
610 387 723 428 ‘esse
767 400 935 443 quoque
972 386 1019 429 in
1056 385 1157 429 fatis
1196 386 1499 440 reminiscitur,
1538 388 1683 431 adfore

150 460 321 515 tempus
361 457 476 509 Quo’
516 472 550 500 e.
590 472 628 513 q.
666 473 698 500 s.
772 456 1042 514 Quamquam
1079 456 1242 502 Statius
1280 457 1413 501 Theb.
1451 459 1559 502 VIII
1597 462 1683 503 206

153 529 324 586 scripsit
368 529 558 586 ‘iamque
595 529 674 573 erit
714 530 785 572 ille
823 529 931 584 dies,
969 531 1074 586 quo'
1115 544 1148 572 e.
1187 545 1225 586 q.
1264 545 1296 573 s.
1340 533 1383 574 et
1420 530 1567 574 Cicero
1606 547 1683 589 pro

151 599 241 644 Mil.
268 601 344 657 26,
375 601 431 644 69
465 601 587 658 ‘erit,
618 601 700 644 erit
729 601 834 645 illud
864 602 1057 658 profecto
1089 604 1258 658 tempus
1285 605 1329 645 et
1359 603 1577 647 illucescet
1608 604 1682 647 ali-

152 672 323 729 quando
355 673 426 716 ille
459 673 566 729 dies,
597 675 714 717 cum'
749 688 783 717 e.
804 688 842 730 q.
863 688 895 717 s.
958 672 1010 716 In
1041 673 1242 717 lemmate
1274 673 1389 718 Leid.
1426 675 1508 718 116
1541 675 1682 732 ipsum

151 748 289 788 tornes
331 745 531 801 praebet,
580 745 695 801 quod
743 745 814 789 hic
857 759 1025 802 quoque
1070 747 1118 790 ut
1160 746 1206 790 in
1250 761 1286 789 v.
1330 746 1416 791 452
1461 747 1682 804 scripsisse

151 815 331 861 Accium
362 817 603 872 suspicatus
635 832 742 861 sum.

269 886 322 931 V.
353 888 452 932 443.
483 889 569 931 461
604 903 665 945 sq.
733 888 959 945 Speciosae
990 888 1241 934 Buecheleri
1278 891 1563 946 coniecturae,
1600 907 1683 947 qua

90 1007 93 1010 ,
148 961 305 1016 fri‘ye‘re
341 960 534 1005 verbum,
556 960 611 1003 ad
647 974 813 1004 merum
843 960 976 1005 Nonii
1013 976 1200 1006 errorem
1231 965 1470 1019 revocatur,
1508 963 1578 1005 vix
1616 979 1683 1006 me

152 1032 344 1076 continui
388 1032 492 1089 quin
536 1033 858 1076 subscriberem.
932 1032 997 1077 Ac
1040 1037 1152 1077 certe
1195 1034 1242 1077 in
1284 1033 1493 1078 Varronis
1538 1037 1683 1078 satura

150 1120 191 1161 p.
227 1105 308 1148 181
341 1103 392 1147 R.
429 1105 532 1160 erigi
567 1105 731 1149 animos
768 1105 1005 1149 rectissime
1043 1121 1121 1162 pro
1159 1106 1233 1149 illo
1268 1107 1373 1162 frigi
1409 1106 1682 1149 emendatum

151 1190 244 1220 esse
275 1176 402 1232 plane
434 1191 686 1232 persuasum
712 1179 788 1220 est.
831 1177 1003 1220 Afranii
1027 1178 1157 1221 verba
1182 1193 1219 1221 v.
1245 1178 1331 1221 247
1366 1178 1529 1234 ‘neptis
1555 1193 1683 1234 porro

151 1248 203 1291 de
245 1248 355 1291 lect6
393 1248 554 1305 frigit’,
597 1263 706 1305 quae
750 1263 856 1291 sana
898 1263 990 1292 esse
1034 1250 1126 1306 ipse
1169 1250 1382 1306 concedit,
1426 1242 1519 1306 quo'
1555 1265 1683 1293 sensu

151 1320 440 1376 intellegenda
471 1320 576 1376 sint,
613 1322 757 1363 utrum
790 1321 981 1364 sussilire
1019 1321 1070 1364 de
1109 1322 1236 1378 lecto,
1274 1325 1323 1365 ut
1353 1321 1521 1365 Nonius
1553 1322 1681 1365 inter-

152 1393 364 1448 pretatur,
395 1407 469 1448 an,
500 1394 549 1435 ut
574 1391 859 1436 Buechelerus
891 1393 1001 1448 vult,
1031 1393 1078 1436 in
1108 1394 1218 1437 lecto
1245 1395 1396 1437 sedens
1422 1395 1488 1436 vel
1520 1394 1682 1437 cubans

150 1463 366 1519 friguttire
392 1463 558 1507 dicatur
587 1464 747 1520 puella,
778 1464 946 1508 dubito:
984 1479 1086 1508 nam
1111 1466 1303 1521 proxime
1330 1466 1545 1522 praecedit
1569 1466 1682 1522 quod

151 1534 295 1578 Nonio
333 1536 475 1578 faveat
513 1536 719 1579 ‘occurrit
755 1551 889 1592 nepos
926 1536 1167 1592 pausillus.’
1237 1537 1366 1580 Redit
1402 1551 1504 1594 ergo
1542 1538 1682 1580 omnis

151 1606 202 1649 de
234 1606 307 1650 illo
338 1607 468 1650 verbo
499 1607 692 1663 quaestio
725 1607 778 1650 ad
810 1607 916 1650 duos
941 1606 1061 1651 Accii
1092 1623 1256 1664 versus,
1288 1624 1469 1665 quorum
1501 1611 1681 1652 alterum

150 1679 235 1721 461
270 1693 331 1734 sq.
370 1678 740 1734 corruptissimum
777 1679 869 1734 ipse
907 1679 1002 1722 aliis
1040 1680 1339 1736 corrigendum
1379 1681 1560 1737 reliquit.
1623 1681 1683 1724 At

150 1750 220 1793 hic
234 1788 238 1793 .
252 1749 421 1792 defendi
447 1749 613 1793 videtur
640 1750 762 1806 friyit
785 1753 885 1792 ante
913 1751 1135 1804 fricantem
1166 1751 1325 1807 duplici
1351 1751 1681 1796 adlitterationis

151 1823 195 1865 et
224 1821 589 1872 adnominationis
621 1822 727 1864 lusu.
772 1822 824 1865 In
850 1822 984 1866 altero
1010 1825 1154 1865 autem
1172 1823 1260 1867 443
1293 1824 1521 1880 quominus
1552 1826 1682 1880 ervit,

102 1891 108 1894 ”
152 1892 264 1950 quod
290 1907 366 1948 per
391 1907 435 1935 se
461 1892 582 1936 valde
613 1894 772 1950 placet,
803 1894 1086 1937 confidentius
1111 1895 1290 1951 probem
1316 1895 1527 1951 impedior
1551 1895 1679 1939 Grae-

150 1979 297 2007 carum
327 1964 592 2007 locutionum
624 1963 886 2019 φρίσσειν
924 1964 1076 2019 τρίχας
1111 1966 1269 2020 χαίτην
1307 1963 1496 2019 ’ἔθειραν
1533 1967 1682 2007 νῶτον

151 2033 318 2089 λοφιήν
349 2035 628 2079 similitudine
660 2036 862 2092 quadam,
895 2052 1007 2093 quae
1040 2037 1094 2079 ab
1127 2038 1352 2081 audaciore
1383 2041 1512 2094 poeta
1540 2041 1679 2081 trans-

150 2107 251 2149 ferri
289 2107 472 2150 fortasse
514 2107 560 2150 in
597 2108 756 2151 latinos
795 2123 942 2151 versus
980 2112 1145 2165 posset,
1189 2110 1251 2152 ita
1294 2112 1342 2152 ut
1381 2111 1534 2166 f'riqerc
1576 2110 1679 2152 illud

150 2181 240 2221 tam
266 2178 539 2222 intransitiva
564 2194 693 2235 quam
723 2180 950 2223 transitiva
975 2181 1017 2223 vi
1042 2180 1170 2224 modo
1202 2181 1373 2224 horrere
1401 2182 1467 2224 vel
1493 2182 1680 2235 excitari,

151 2250 278 2293 modo
314 2250 498 2294 excitare
535 2250 710 2294 horrore
747 2252 814 2294 vel
850 2252 1098 2295 horrentem
1135 2253 1273 2296 facere
1311 2253 1588 2309 significaret,
1626 2254 1680 2295 ab

150 2322 224 2364 illo
267 2323 412 2365 autem
455 2323 640 2379 frigendi
682 2323 831 2378 verbo,
875 2324 989 2380 quod
1025 2339 1051 2366 a
1091 2324 1250 2380 frigore
1294 2325 1469 2368 ductum
1512 2328 1594 2379 est,
1638 2328 1680 2366 et

150 2393 312 2448 primae
339 2394 527 2449 syllabae
558 2394 759 2449 prosodia
784 2396 826 2437 et
847 2383 1051 2438 'flexionis
1089 2396 1334 2439 diversitate
1372 2397 1682 2439 discerneretur

150 2462 220 2519 (cf.
252 2463 410 2520 liquere
442 2463 602 2521 liquare
634 2465 768 2523 liqui).
818 2465 882 2511 Ac
912 2467 979 2509 vel
1007 2468 1219 2522 friguttire
1249 2468 1293 2510 in
1321 2467 1504 2511 Casinae
1536 2483 1572 2510 V.
1598 2468 1680 2510 164

150 2550 238 2578 non
270 2536 323 2579 ad
358 2551 506 2580 vocem
535 2539 723 2592 tantum,
761 2537 834 2580 sed
855 2538 996 2585 ,etiam
1028 2539 1081 2581 ad
1113 2540 1303 2594 corporis
1342 2542 1510 2595 gestum
1550 2554 1679 2595 quen-

150 2608 249 2651 dam
279 2608 491 2664 pertinere
523 2608 708 2651 videtur:

227 2677 309 2723 CL.
339 2682 387 2722 t1i
418 2682 586 2723 ecastor
615 2680 712 2735 tibi,
743 2681 891 2736 homo,
922 2682 1081 2725 malam
1113 2698 1202 2725 rem
1235 2683 1403 2738 quaeris
1426 2698 1435 2724 :
1456 2682 1641 2734 subolet,

1245 2754 1394 2795 sentio.

228 2820 305 2865 ST.
337 2823 503 2878 egone?
563 2822 645 2867 GL.
677 2826 724 2866 tu
746 2840 754 2866 :
776 2839 878 2867 nam
910 2823 1013 2881 quid
1044 2825 1264 2879 friguttis?
1296 2823 1397 2879 quid
1430 2824 1539 2866 istuc
1571 2826 1660 2866 tam

1063 2896 1214 2951 cupide
1245 2895 1394 2951 cupis?
