1942 3204
769 207 817 243 M.
843 205 1084 241 PAcvvws
1619 207 1698 251 121

281 309 616 354 Proteruitatem
649 314 777 368 atque
810 311 953 355 h6stio
986 312 1192 355 ferociam

596 437 678 480 Ex
710 437 985 482 INOERTIS
1017 437 1269 481 FABVLIS

871 515 894 559 Ι
926 514 994 574 (7)

732 593 888 637 Pastor

280 670 446 714 Exorto
478 671 644 728 iubare,
675 672 816 715 noctis
849 672 1028 715 decurso
1061 671 1214 716 itinere

859 749 903 792 II
936 748 1004 808 (2)

279 820 373 864 'Odi
406 835 487 878 ego
518 821 716 865 homines
748 820 911 879 ignaua
942 837 1074 878 opera
1105 825 1148 864 et
1178 821 1442 880 philosopha
1475 825 1702 868 sententia.

665 899 733 942 III
765 897 879 957 (Liu.
910 900 992 943 inc.
1024 901 1110 943 fab.
1144 899 1191 958 8)

281 970 347 1014 Tu
378 972 667 1015 cornifrontes
699 972 872 1028 pascere
905 974 1122 1016 amentes
1155 974 1279 1016 soles.

835 1049 900 1093 IV
933 1047 1031 1107 (34)

164 1122 253 1165 350
343 1120 475 1178 Agite
507 1120 586 1178 ite,
617 1122 805 1165 euoluite
838 1122 995 1179 rapite,
1027 1137 1151 1166 coma

162 1236 204 1242 -
229 1235 272 1240 —
299 1220 336 1251 et
360 1217 558 1251 Pacuius
582 1218 620 1250 in
644 1217 810 1251 Teucro:
835 1218 928 1251 nisi’
956 1229 986 1251 e.
1012 1227 1046 1261 q.
1072 1229 1101 1252 s.
1128 1217 1192 1261 (ef.
1219 1219 1264 1251 H.
1292 1219 1439 1252 Keilius
1463 1219 1487 1255 l.
1514 1219 1538 1252 l.
1566 1230 1599 1263 p.
1619 1219 1700 1262 624)

160 1263 254 1297 Non.
291 1265 370 1302 121,
405 1263 446 1297 15
477 1262 676 1305 ‘hostire
711 1266 768 1297 est
799 1266 1057 1307 comprimere,
1088 1264 1283 1307 recedere,
1316 1265 1452 1298 dictum
1486 1266 1532 1298 ab
1564 1265 1701 1300 hostia.

160 1308 350 1342 Pacuuius
374 1309 535 1342 Teucro:
563 1307 654 1342 nisi’
681 1320 712 1342 e.
740 1319 775 1352 q.
801 1320 830 1344 s.
857 1310 1038 1351 ‘hostire,
1063 1310 1252 1344 offendere
1280 1310 1424 1346 cedere.
1473 1311 1702 1344 Pacuuius

161 1355 463 1398 Erotopaegnion
487 1354 552 1387 lib.
579 1355 636 1388 11’
662 1353 881 1398 (Laeuius
907 1356 1114 1395 Mereerus,
1145 1355 1211 1390 sed
1236 1356 1397 1390 fortasse
1424 1357 1522 1390 alter
1546 1357 1703 1390 Pacuuii

161 1399 266 1434 locus
296 1404 384 1434 ante
409 1400 544 1434 Laeuii
574 1410 707 1434 nomen
738 1401 897 1442 excidit)
926 1401 1031 1435 Idem
1054 1402 1139 1443 490,
1167 1402 1209 1435 19
1241 1402 1442 1435 ‘ferocia
1471 1413 1536 1446 pro
1568 1403 1703 1436 feroci-

162 1448 272 1480 tate.’
364 1445 523 1479 Adiunxi
547 1446 656 1479 huius
681 1446 831 1480 fabulae
863 1447 1030 1490 reliquiis
1054 1448 1126 1481 inc.
1155 1448 1229 1481 fab.
1258 1447 1542 1484 XLIII—XLV.
1567 1447 1701 1482 XLIX.

161 1493 212 1534 L,
238 1492 314 1525 inc.
339 1492 411 1525 inc.
439 1491 513 1526 fab.
539 1492 672 1527 XLIV.
697 1491 830 1529 XLVI.
855 1493 1004 1526 XLVII.
1029 1493 1163 1527 XLIX.

252 1537 309 1570 Ex
333 1538 413 1571 Iuc.
440 1538 534 1570 ΕΑΒ.
558 1537 575 1570 Ι
592 1538 712 1571 Varro
738 1537 782 1571 de
808 1537 831 1573 l.
857 1539 901 1572 L.
919 1539 969 1572 VI
992 1540 1013 1571 6
1030 1539 1078 1572 Μ.
1105 1541 1168 1572 ‘ut
1193 1541 1281 1572 ante
1307 1538 1422 1573 solem
1447 1542 1578 1581 ortum,
1605 1540 1703 1582 quod

163 1582 291 1616 eadem
317 1582 430 1616 stella
454 1586 612 1616 uocatur
637 1583 788 1623 iubar,
815 1584 913 1627 quod
939 1585 1089 1627 iubata,
1114 1585 1405 1618 Pacuuianus
1431 1585 1522 1618 dicit
1546 1589 1704 1628 pastor

170 1653 178 1662 .
194 1631 246 1663 ..²
273 1627 423 1670 (Deficit
447 1628 509 1662 hic
532 1629 645 1661 Laur.
672 1629 729 1671 51,
757 1630 812 1662 10.
838 1632 994 1672 partor
1018 1630 1129 1663 Laut.
1153 1631 1215 1672 51,
1241 1631 1275 1664 5.
1301 1630 1411 1664 Goth.
1436 1631 1521 1664 Par.
1548 1642 1570 1664 a
1595 1642 1703 1674 pac-

162 1677 232 1708 tor
255 1674 378 1710 Haun.
402 1684 566 1718 parcor
588 1673 673 1707 Par.
693 1673 731 1717 b)
771 1674 911 1709 Ibidem
936 1675 1008 1709 VII
1032 1676 1076 1709 76
1100 1677 1149 1712 M.
1182 1676 1336 1710 ‘iubar
1364 1701 1374 1709 .
1393 1702 1401 1709 .
1423 1701 1431 1709 .
1460 1676 1570 1710 huius
1601 1679 1704 1710 ortus

163 1719 352 1764 significat
375 1719 525 1752 circiter
546 1729 629 1753 esse
647 1722 848 1753 extremam
866 1724 1029 1762 noctem;
1055 1722 1184 1764 itaque
1204 1722 1256 1755 ait
1274 1722 1457 1755 Pacuius’
1484 1721 1554 1763 (sie
1571 1721 1704 1763 Flor.):

163 1768 335 1799 ‘exorto’
362 1775 394 1798 e.
423 1775 456 1808 q.
482 1775 510 1801 ε.
551 1766 738 1808 Antiopae
770 1766 921 1799 exordio
953 1766 1183 1810 desumptum
1215 1766 1374 1801 uidetur.
1490 1768 1528 1801 ΙΙ
1561 1767 1704 1801 Gellius

162 1811 255 1845 XIII
284 1811 306 1844 8
339 1811 449 1844 ‘item
480 1820 610 1844 uersus
642 1815 700 1845 est
735 1811 773 1844 in
805 1811 960 1845 eandem
994 1812 1107 1846 ferme
1139 1813 1366 1846 sententiam
1394 1814 1557 1855 Pacuui,
1596 1824 1703 1857 quem

162 1856 317 1890 Macedo
343 1855 601 1900 philosophus,
629 1857 686 1890 uir
711 1856 841 1899 bonus,
868 1858 1064 1891 familiaris
1090 1868 1204 1897 meus,
1231 1858 1343 1892 scribi
1368 1859 1503 1892 debere
1524 1859 1704 1892 censebat

163 1913 230 1947 pro
262 1902 403 1937 foribus
435 1902 595 1935 omnium
620 1902 838 1946 templorum
862 1928 870 1936 .
890 1928 898 1937 .
920 1906 949 1938 .’
989 1903 1071 1937 Non
1096 1903 1293 1937 abhorrere
1326 1915 1348 1937 a
1373 1904 1453 1937 Seti
1482 1904 1521 1936 in
1545 1905 1704 1948 Antiopa

165 1958 325 1992 persona
349 1948 491 1982 monuit
507 1947 778 1982 Valckenarius
802 1948 963 1984 Diatrib.
989 1961 1025 1993 p.
1043 1951 1098 1984 77.
1129 1948 1367 1993 Comparauit
1381 1950 1600 1991 Hartungus
1618 1951 1703 1983 Eur.

164 1996 253 2028 rest.
279 1994 315 2028 11
338 1995 407 2028 420
435 1993 480 2030 fr.
505 1993 592 2027 Eur.
617 1995 660 2027 62
685 1994 728 2027 N.
752 1993 850 2038 μισῶ
874 1989 997 2038 σοφὸν
1012 1987 1121 2030 Ὄντ’
1154 1989 1196 2029 ἐν
1220 1992 1409 2039 λόγοισιν,
1441 1990 1479 2035 ἐς
1505 1990 1544 2029 δ’
1569 1989 1704 2040 ὄνησιν

164 2078 210 2119 οὖ
235 2078 377 2127 σοφόν,
405 2084 499 2128 quod
523 2085 562 2118 in
585 2085 750 2129 margine
776 2085 925 2119 Orionis
950 2080 989 2129 ἐξ,
1015 2058 1092 2120 vig-v
1121 2090 1306 2130 sumptum
1327 2097 1408 2120 esse
1426 2089 1586 2130 notatur,
1613 2087 1647 2120 h.
1671 2098 1719 2124 e.,
1763 2080 1767 2085 ⁴

165 2129 446 2164 Schneidewino
470 2131 674 2174 interprete
699 2125 740 2173 ἐξ
762 2125 1028 2175 Ἀλεξάνδρου.
1121 2133 1177 2166 111
1202 2131 1352 2166 Seruius
1378 2133 1414 2165 in
1440 2133 1530 2167 Aen.
1557 2133 1613 2167 111
1638 2134 1705 2167 540

165 2176 360 2210 ‘dixerunt
385 2176 496 2210 etiam
524 2176 670 2219 antiqui
696 2181 902 2211 armenta
933 2178 972 2211 in
999 2178 1188 2212 feminino.
1237 2177 1379 2211 Ennius
1411 2204 1418 2211 .
1439 2204 1446 2212 .
1469 2204 1477 2212 .
1502 2182 1540 2212 et
1564 2179 1702 2212 Pacu-

164 2222 286 2255 uius:
312 2224 373 2254 tu’
399 2232 430 2257 e.
455 2232 489 2265 q.
515 2232 544 2255 s.
576 2223 668 2259 Non.
697 2224 772 2262 190,
797 2224 842 2256 20
872 2226 1099 2257 ‘armenta
1200 2224 1380 2257 feminino
1405 2224 1545 2257 Ennius
1568 2250 1576 2258 .
1598 2250 1606 2258 .
1627 2250 1634 2257 .
1658 2224 1703 2257 ad

165 2269 343 2301 armenta.
385 2267 559 2301 ninius:
585 2271 646 2302 tu’
674 2279 704 2302 e.
733 2278 767 2311 q.
794 2280 822 2303 s.
863 2269 1061 2313 Amphioni
1085 2269 1123 2302 in
1148 2269 1311 2313 Antiopa
1336 2270 1431 2303 scite
1456 2270 1588 2303 tribuit
1604 2270 1704 2303 Wel—

165 2312 300 2346 ckerus
326 2314 387 2346 Gr.
413 2315 460 2349 tr.
484 2324 518 2357 p.
546 2315 626 2348 821,
706 2314 759 2347 IV
781 2315 923 2348 Marius
947 2315 1159 2349 Victorinus
1186 2326 1219 2358 p.
1245 2316 1334 2348 2522
1350 2315 1391 2348 P.
1417 2315 1497 2358 (103
1518 2315 1575 2358 G.)
1602 2319 1705 2348 ‘ana-

168 2409 330 2447 Vrsinus
359 2420 513 2447 coeaceo
552 2411 635 2448 cod.
658 2411 768 2448 Festi
795 2422 994 2449 coercuero
1019 2413 1168 2450 Nonius
1184 2423 1226 2459 p.
1252 2410 1330 2447 121
1419 2410 1501 2449 346
1536 2416 1704 2460 propter-

167 2467 316 2503 uitatem
340 2466 446 2503 Leia.
477 2467 592 2504 Nonii
613 2479 655 2515 p.
689 2467 792 2516 121,
827 2469 971 2515 probat
1002 2469 1197 2518 Berqlcius
1236 2470 1384 2506 annall.
1413 2469 1559 2516 pleiloll.
1595 2468 1702 2506 1869

163 2535 201 2571 p.
227 2522 309 2560 479
341 2524 601 2572 proteruitates
629 2525 772 2562 Festus
900 2525 981 2563 347
1012 2525 1126 2563 iubar.
1150 2537 1195 2562 nc
1227 2526 1416 2563 Varronis
1435 2525 1556 2563 Laur.
1581 2525 1656 2572 51,
1679 2525 1703 2562 5

162 2582 298 2627 priore
317 2582 415 2618 loco.
505 2579 587 2619 348
619 2581 678 2618 odi
709 2593 779 2631 ego
811 2584 873 2620 uel
894 2594 983 2632 ergo
1008 2583 1067 2620 odi
1090 2584 1253 2620 Bollaius
1283 2593 1352 2631 ego
1383 2582 1442 2619 odi
1462 2583 1572 2629 libri,
1604 2583 1707 2630 quod

166 2638 252 2674 olim
272 2639 327 2674 ila
344 2637 496 2685 tuebar,
518 2642 559 2675 ut
572 2641 741 2686 primam
756 2649 897 2676 uersus
912 2641 1102 2688 syllabam
1118 2641 1311 2678 excidisse
1327 2643 1550 2676 statuerem.
1575 2639 1703 2675 Erunt

163 2686 340 2742 fortasse
359 2696 427 2742 qui
445 2705 515 2743 cgo
538 2694 597 2731 odi
619 2695 794 2732 homones
816 2698 1090 2735 commendent.
1179 2695 1260 2734 349
1286 2702 1325 2733 ιιι
1347 2695 1592 2732 cornisrontes
1623 2706 1703 2743 pas-

167 2761 248 2787 cere
278 2756 456 2787 armentas
485 2751 583 2788 soles
610 2752 750 2790 Iunius
779 2758 819 2789 tu
849 2753 1095 2791 curuifrontes
1125 2766 1161 2802 p.
1192 2765 1225 2790 a.
1255 2765 1285 2790 s,
1310 2753 1490 2798 Seruius,
1525 2751 1705 2799 Scale'yer

167 2807 268 2844 Coni.
293 2819 336 2855 p.
358 2807 381 2845 ‘l
415 2811 454 2844 tu
484 2819 632 2857 pascere
662 2808 907 2847 cornifrontes
938 2810 1035 2848 soles
1060 2815 1238 2847 armentas
1262 2810 1411 2846 Nonius
1497 2807 1581 2845 350
1600 2807 1704 2845 euol-

166 2863 242 2899 uite
262 2861 333 2910 (sc.
354 2873 375 2901 e
393 2864 568 2913 latebris)
590 2865 850 2915 Kiesslinqius
880 2867 1018 2904 uoluite
1038 2869 1130 2905 libri
1159 2878 1233 2903 eam
1258 2865 1397 2902 uoluitc
1420 2865 1591 2902 uolebam
1613 2864 1702 2901 heus

167 2919 306 2957 uoluite
338 2921 530 2960 Vsenerus
559 2922 703 2960 auellitc
732 2924 1002 2961 Buecheler-us
1125 2934 1225 2960 coma
1258 2926 1407 2959 tractate
1436 2922 1702 2970 coniunyemla
