1942 3204
769 239 842 275 CN.
870 240 1080 276 NARVlvs
1670 242 1696 282 {i

800 344 1061 390 HESIONA

280 421 347 465 Ne
379 421 483 465 mihi
516 436 663 478 gerere
695 423 859 467 morem
891 424 1038 468 uidear
1069 422 1239 481 lingua,
1273 440 1420 468 uerum
1452 425 1631 482 lingula.

769 512 1079 557 IPHIGENIA
1111 514 1118 524 Ὗ

277 589 410 633 Piisso
431 590 557 633 uelod
583 589 787 646 uicinum,
812 590 985 648 Aquilo,
1010 593 1108 636 med
1133 593 1179 636 in
1205 595 1379 650 portum
1403 594 1467 636 fer
1491 595 1619 636 foras.
1658 606 1691 630 20
1743 637 1754 648 ‚

770 679 1080 726 LVOVRGVS

864 758 885 801 I
918 757 986 817 (7)

188 835 246 878 20
277 834 393 878 Tu6s
425 836 498 891 qui
530 835 666 879 celsos
697 836 905 880 terminos
938 838 1083 881 iuuant
1117 873 1124 881 .
1160 873 1167 881 .

834 925 878 969 II
911 925 1008 985 (17)

276 1002 376 1045 Alte
408 1002 579 1046 iubatos
611 1003 775 1060 {ungues
806 1004 852 1047 in
885 1006 978 1048 sese
1012 1009 1179 1062 gerunt.

868 1062 984 1080 X-

824 1093 891 1137 III
948 1093 1008 1138 13·

276 1168 422 1213 Lssoeri
457 1167 609 1228 [sunt]:
643 1172 810 1228 quinque
842 1091 1068 1228 incgdmit,
1100 1174 1240 1216 omnis
1273 1189 1400 1216 aruas
1433 1176 1648 1230 opterunt.
1688 1195 1755 1202 -³

666 1247 793 1260 fl
826 1261 890 1305 1v
923 1259 1020 1320 (19)
1544 1249 1548 1253 ’

940 1341 1220 1384 suauisomim
1252 1342 1386 1385 melos
1657 1355 1689 1379 ²5

245 1469 418 1502 Haemus
444 1469 590 1504 Gellius
606 1470 640 1503 X
656 1472 700 1505 25
719 1471 1004 1505 ‘admonendum
1028 1471 1251 1515 lingulam
1276 1475 1424 1506 ueteres
1449 1473 1586 1506 dixisse
1612 1473 1689 1515 gla-

156 1513 293 1548 diolum
319 1514 516 1558 oblongum
540 1516 579 1549 in
603 1516 763 1559 speciem
788 1517 940 1560 linguae
967 1518 1122 1558 factum,
1147 1518 1251 1551 euius
1275 1519 1442 1552 meminit
1466 1518 1630 1552 Naeuius
1654 1519 1690 1551 in

155 1559 350 1604 tragoedia
374 1561 550 1597 Hesiona.
588 1562 741 1596 Versum
766 1563 885 1596 Naeui
909 1563 1089 1606 apposui.
1110 1588 1119 1597 .
1139 1589 1146 1596 .
1164 1566 1174 1582 ’
1207 1562 1461 1605 (Haesiona
1487 1563 1565 1597 eod.
1593 1565 1689 1607 regi-

159 1614 246 1647 nae,
271 1605 447 1649 Fruneq.)
485 1606 602 1640 Varro
632 1607 676 1640 de
708 1607 729 1640 l.
754 1608 796 1644 L.
827 1608 897 1642 VII
928 1610 992 1642 107
1023 1609 1072 1642 Μ.
1107 1608 1239 1641 ‘multa
1264 1608 1360 1652 apud
1390 1613 1522 1652 poetas
1547 1609 1687 1652 reliqua

157 1660 238 1684 esse
262 1650 400 1692 uerba,
426 1661 575 1695 quorum
603 1652 764 1695 origines
788 1653 932 1696 possint
955 1653 1047 1696 dici,
1080 1664 1152 1687 non
1178 1653 1322 1696 dubito,
1356 1658 1396 1688 ut
1427 1655 1545 1698 apud
1577 1655 1689 1688 Nae·

157 1696 274 1728 nium
299 1696 342 1728 in
367 1697 583 1730 Hesiona:
610 1698 796 1732 enimuero
814 1698 930 1742 gladii
954 1699 1117 1740 lingula,
1143 1710 1165 1732 a
1181 1698 1338 1743 lingua)
1375 1699 1420 1742 (n
1432 1700 1576 1733 euium
1593 1699 1690 1733 Flor.

156 1740 332 1774 Esiona
356 1741 440 1775 Par.
467 1752 489 1775 a
512 1743 722 1776 Esionam
748 1743 847 1777 Flor.
874 1744 982 1778 Goth.
1007 1744 1152 1786 Haun.‚
1178 1755 1246 1778 om.
1272 1744 1365 1779 haec
1388 1746 1472 1779 Par.
1497 1745 1536 1788 b)
1583 1746 1689 1779 Exci·

99 1828 101 1830 q
157 1785 289 1820 derunt
313 1787 398 1830 ipsa
422 1790 555 1831 poetae
580 1788 698 1822 uerba
723 1793 807 1832 post
832 1799 964 1823 nomen
991 1789 1153 1826 fabulae.

246 1832 453 1866 lemanum
483 1833 592 1867 immo
622 1833 799 1867 lemnum
825 1834 918 1868 Non.
944 1836 1029 1878 370,
1063 1837 1108 1869 25
1134 1838 1354 1879 ‘passum,
1386 1839 1593 1878 extensum,
1624 1847 1687 1879 pa·

157 1880 241 1911 tens
258 1902 268 1911 .
282 1902 313 1912 ..
331 1878 502 1912 Neuius
526 1878 746 1922 Efigenia
766 1905 774 1912 .
788 1905 797 1913 .
811 1905 820 1913 .

244 1922 468 1958 chvuovs:
495 1923 541 1960 cf.
569 1924 615 1957 ad
642 1924 685 1960 fr.
710 1925 754 1959 X.
779 1925 797 1958 1
822 1925 912 1962 Non.
929 1927 1015 1967 476,
1034 1928 1054 1960 9
1073 1929 1252 1960 ‘tutant
1271 1952 1278 1960 .
1293 1951 1301 1959 .
1317 1950 1324 1959 .
1344 1927 1387 1960 N.
1413 1927 1584 1970 Lycurgo
1604 1951 1613 1960 .
1628 1952 1636 1959 .
1651 1952 1659 1960 .
1679 1930 1687 1946 ’

154 1967 339 2010 (Neuius
370 1969 567 2013 Licurgo
598 1970 742 2014 Bamb.)
821 1971 858 2004 11
881 1971 975 2006 Non.
1002 1973 1084 2014 191,
1114 1973 1155 2005 16
1180 1975 1370 2016 ‘angues
1395 1972 1598 2006 masculino
1624 1983 1687 2016 ge-

158 2023 246 2047 nere
266 2038 274 2046 .
288 2039 298 2048 .
317 2014 359 2047 N.
373 2013 546 2058 Lycurgo
570 2040 578 2050 .
599 2040 607 2048 .
627 2040 636 2048 .
652 2018 663 2035 ’
757 2017 811 2050 ΙΙΙ
827 2017 918 2051 Non.
939 2019 1016 2059 192,
1034 2019 1078 2051 29
1103 2020 1236 2051 ‘arua
1259 2043 1268 2052 .
1288 2043 1297 2052 .
1315 2042 1324 2051 .
1348 2018 1526 2052 feminino
1550 2018 1689 2052 Neuius

157 2058 329 2103 Lycurgo
360 2059 422 2092 lib.
451 2061 489 2094 11
521 2063 687 2104 quaque’
719 2072 750 2095 e.
777 2072 809 2104 q.
836 2073 864 2095 s.
958 2063 1009 2096 IV
1037 2063 1131 2099 Non.
1163 2064 1249 2105 213,
1284 2064 1325 2097 10
1357 2063 1518 2098 ‘melos
1554 2074 1687 2107 genere

156 2107 301 2138 neutro.
327 2105 371 2138 N.
395 2105 566 2149 Lycurgo
590 2131 597 2139 .
619 2131 627 2139 .
647 2132 654 2139 .
672 2110 683 2127 ²

271 2260 322 2299 18
344 2272 389 2298 ne
410 2260 496 2298 mihi
518 2261 773 2301 Suerdsioeus
805 2262 911 2300 Vinci.
931 2274 1067 2311 praec.
1090 2264 1218 2302 Benll.
1236 2276 1278 2312 p.
1304 2265 1377 2311 60,
1410 2265 1451 2302 0.
1474 2265 1688 2303 Muellerus

156 2318 234 2354 sine
265 2317 349 2354 mihi
378 2318 470 2355 libri
555 2323 709 2356 mortem
738 2320 911 2368 Franeq.
934 2320 1046 2366 Gellii
1103 2317 1244 2372 uidear]
1279 2325 1318 2358 tu
1349 2321 1493 2358 uideare
1523 2327 1591 2358 (ml
1621 2323 1687 2358 imn

157 2373 322 2410 uideatur
368 2374 622 2413 Suerdsioeus
739 2375 790 2414 19
835 2378 892 2414 sic
939 2388 1044 2414 tautae
1089 2380 1368 2415 restituendum
1411 2389 1495 2416 esse
1535 2381 1686 2427 putaui.

157 2441 262 2479 passo
295 2429 352 2467 uel
384 2430 455 2468 hoc
484 2431 639 2469 uicinum
670 2432 838 2481 aquilone
870 2433 1015 2471 hortum
1045 2434 1100 2472 ser
1130 2434 1227 2472 foras
1263 2436 1355 2472 libri
1382 2446 1490 2484 passo
1523 2435 1605 2472 uelo
1638 2436 1688 2471 ui-

157 2487 276 2523 cinum
298 2486 429 2536 Aquilo
450 2488 486 2525 in
507 2492 652 2537 portum
683 2488 754 2526 sert
774 2490 868 2526 orias
890 2490 1113 2537 Mercerus,
1146 2494 1186 2529 in
1216 2493 1354 2541 quibus
1376 2491 1457 2529 uelo
1486 2494 1689 2540 praeierat

155 2544 304 2580 lunius.
343 2554 450 2592 passo
481 2544 565 2581 uelo
595 2555 652 2582 me
682 2546 840 2583 uicinum
870 2546 992 2595 aquilo
1030 2548 1066 2584 in
1097 2553 1242 2597 portum
1282 2548 1372 2585 serat
1403 2548 1499 2585 sorus
1530 2549 1688 2595 Machly

157 2611 248 2637 ann.
267 2600 414 2647 philoll.
440 2599 547 2639 1857
567 2612 608 2648 p.
632 2600 713 2640 286
744 2613 851 2651 passo
884 2613 919 2640 u.
943 2614 978 2640 u.
1002 2615 1034 2641 a.
1057 2605 1092 2641 in
1123 2617 1158 2654 p.
1184 2616 1265 2642 oras
1299 2605 1388 2641 serat
1418 2607 1505 2642 olim
1526 2605 1686 2642 conieci.

270 2655 322 2693 21
355 2655 495 2694 iubatos
525 2658 667 2696 Iunius
695 2661 736 2696 in
766 2671 836 2708 my.
866 2660 1012 2709 iugaios
1041 2662 1133 2699 libri
1247 2661 1299 2698 22
1333 2660 1447 2698 Liberi
1479 2661 1687 2698 Mer-cerus

155 2711 216 2749 lib.
238 2712 265 2749 n
285 2713 379 2751 libri
433 2719 519 2752 sunt
539 2726 611 2752 om.
641 2715 749 2753 libri:
776 2715 951 2764 fortasse
971 2716 1090 2756 Liberi
1119 2729 1252 2757 nomen
1286 2719 1499 2755 cauillalur
1529 2719 1687 2755 numius

240 2780 391 2818 quaque·
411 2771 522 2820 libri,
558 2773 662 2820 quod
688 2774 923 2810 seruandum
955 2785 1059 2812 tautae
1090 2776 1204 2821 dmi,
1246 2786 1330 2811 cum
1369 2773 1454 2811 0'lim
1488 2770 1681 2824 [ramulae]

156 2824 274 2862 Liberi
303 2824 534 2876 Quacumque
562 2838 597 2865 e.
628 2840 663 2877 q.
695 2840 724 2867 s.
755 2830 885 2879 leyere
918 2831 1144 2878 placuisset.
1186 2841 1327 2879 quaqua
1359 2829 1563 2868 Mercerus
1601 2842 1686 2880 qua-

156 2891 309 2930 cumque
342 2883 512 2930 Vossius,
545 2886 613 2933 qm·
638 2888 900 2933 septenarium
919 2890 1088 2935 aynouit.
1178 2887 1229 2925 23
1251 2887 1485 2925 suauisonum
1519 2887 1684 2937 Vossius,

159 2938 365 2976 Gulielmus
405 2940 522 2978 Veris.
554 2940 626 2979 ΙΙΙ
651 2940 676 2979 8
707 2954 817 2980 suaue
847 2954 1025 2980 summum
1054 2945 1143 2981 libri
