1942 3204
289 205 371 247 262
608 205 673 237 EX
697 201 924 237 INCERTIS
949 175 1268 235 meEIzTomrM
1293 198 1499 233 FAssvms

410 310 486 352 Sin
517 308 853 351 inuerecundum
886 307 1017 348 enimi
1048 305 1271 361 ingenium
1301 303 1509 360 p6ssidet,

295 388 378 430 180
410 387 520 437 Quid
552 388 695 428 autem
727 399 898 427 accuses
931 383 1003 439 qui
1035 381 1079 424 I‘d
1110 382 1234 438 parui
1267 381 1460 423 auditum
1492 380 1715 423 aestimet?

558 461 723 505 XCVII
755 460 866 518 (Att.
898 460 1016 502 Arm.
1047 459 1132 501 iud.
1168 459 1219 501 17
1253 459 1335 500 inc.
1368 459 1477 500 auct.
1510 456 1557 515 2)

414 539 542 582 Nunc
574 541 654 595 ego
686 540 728 580 te
763 539 815 580 ab
850 552 1015 580 summo
1047 538 1134 579 ia'tm
1165 537 1360 578 detexam
1392 530 1591 577 exordio.

897 613 1084 657 XCVIII
1116 610 1214 670 (43)

412 687 563 730 Axena
593 687 722 729 Ponti
754 702 829 741 per
860 687 971 728 freta
1003 684 1186 728 Colchos
1219 683 1402 739 denique
1435 684 1601 726 delatus
1634 683 1820 726 adhaesi.

921 761 1062 807 XOJX
1096 760 1192 820 (44)
1263 786 1268 789 —
1413 755 1422 761 ζ’

416 840 498 884 Ore
542 841 669 882 beato
714 838 875 881 lumine
919 840 1126 895 uolitans,
1177 840 1249 894 qui
1292 841 1368 894 per
1413 840 1578 881 caelum
1615 836 1822 880 candidus

1359 916 1544 971 equitas!

297 1014 393 1046 enim
417 1014 553 1055 probus
580 1015 662 1046 est.’
697 1011 812 1044 Iulius
838 1012 964 1043 Victor
990 1022 1022 1044 c.
1050 1013 1090 1043 12
1116 1021 1151 1053 p.
1168 1011 1234 1044 235
1253 1010 1314 1044 Or.
1351 1010 1473 1051 (rhett.
1499 1010 1600 1043 Latt.
1629 1009 1682 1043 ed.
1701 1010 1823 1043 Halm.

295 1070 327 1101 p.
347 1058 428 1100 414)
456 1058 721 1090 ‘Conuersione
747 1056 814 1088 hoc
831 1056 953 1088 modo:
982 1053 1224 1099 [178—180].’
1259 1055 1437 1088 Secuntur
1455 1055 1581 1088 eadem
1608 1055 1685 1087 fere
1710 1054 1824 1087 uerba

296 1114 387 1147 quae
421 1103 516 1145 apud
550 1102 760 1134 Ciceronem
793 1101 975 1143 leguntur.
1024 1101 1235 1134 Victorinus
1269 1100 1411 1143 explan.
1444 1111 1477 1143 p.
1504 1101 1589 1141 253,
1615 1102 1656 1132 12
1682 1101 1727 1135 H.
1765 1101 1825 1132 ‘si

296 1152 501 1188 ueretur,
535 1147 642 1189 quid
674 1157 866 1196 Qecuses
899 1146 972 1187 qui
1003 1147 1167 1188 probus
1194 1148 1284 1178 est?
1310 1146 1347 1179 si
1372 1155 1455 1178 non
1488 1148 1689 1184 ueretur,
1721 1145 1826 1187 quid

298 1204 491 1226 accuses
518 1193 592 1234 qui
617 1192 659 1224 id
686 1192 814 1234 parui
841 1191 994 1223 auditu
1022 1192 1283 1224 aestimat?’
1311 1202 1341 1224 e.
1369 1201 1401 1232 q.
1430 1201 1457 1222 s.
1562 1190 1699 1224 XCVII
1724 1190 1826 1223 Rhet.

301 1239 348 1271 ad
374 1239 533 1271 Herenn.
560 1238 582 1269 l.
610 1248 722 1278 supra,
747 1236 769 1268 l.
865 1236 1017 1268 XCVIII
1042 1236 1161 1268 XCIX
1186 1234 1409 1268 Censorinus
1434 1236 1564 1276 fragm.
1598 1247 1628 1268 c.
1655 1237 1698 1267 14
1722 1246 1755 1278 p.
1782 1236 1825 1268 96

297 1284 401 1317 Iahn.
428 1283 530 1324 (2726
556 1282 616 1324 Ρ.)
646 1277 942 1324 ‘Aristophanius
969 1284 1195 1323 anapaestus
1221 1278 1411 1324 [XCVIII]
1445 1280 1576 1322 recipit
1604 1280 1715 1323 pedes
1741 1291 1828 1323 qua-

299 1333 482 1361 ternorum
508 1331 711 1369 temporum
737 1327 870 1365 οῐυηῑε,
897 1326 1016 1369 inplet
1041 1326 1152 1368 pedes
1170 1330 1308 1368 septem
1336 1329 1372 1358 et
1390 1325 1622 1368 semipedem.
1655 1326 1828 1367 Anapae-

298 1378 376 1407 stus
395 1373 604 1406 octonarius
625 1370 773 1414 [XCIX]
793 1371 927 1413 recipit
946 1371 1091 1403 eosdem
1110 1371 1222 1414 pedes
1240 1375 1387 1413 praeter
1404 1370 1655 1413 semipedem.’
1681 1371 1828 1402 Vtrum-

302 1429 370 1462 que
399 1418 601 1460 exemplum
635 1417 828 1450 confictum
862 1427 942 1449 esse
975 1416 1142 1448 decreuit
1166 1417 1207 1448 L.
1235 1416 1391 1448 Mueller
1417 1415 1552 1448 annali.
1578 1415 1714 1458 philoll.
1742 1416 1828 1448 1868

298 1476 333 1506 p.
351 1466 428 1497 433.
465 1463 573 1495 Prius
599 1463 705 1494 Medo
729 1462 886 1494 Pacuuii
911 1462 1038 1495 tribuit
1063 1461 1298 1499 VVelckerus,
1326 1472 1394 1493 nec
1420 1461 1573 1493 alterum
1599 1463 1663 1492 aut
1688 1461 1734 1493 ab
1758 1460 1829 1493 hac

299 1509 430 1542 fabula
456 1511 520 1540 aut
546 1508 591 1540 ab
617 1508 712 1540 Attii
738 1506 954 1555 Prometheo
980 1506 1041 1548 (ef.
1068 1506 1241 1548 Aeschyli
1265 1517 1299 1541 u.
1326 1505 1383 1547 91)
1409 1505 1569 1538 alienum
1593 1506 1718 1538 habui.

299 1630 393 1666 Par.
418 1629 606 1676 Anyelom.
634 1627 724 1663 Tur.
752 1626 881 1662 Tross.
904 1626 1066 1674 Erlany.
1100 1626 1278 1662 Wuerzb.
1311 1627 1452 1671 altero,
1484 1627 1558 1677 nisi
1577 1626 1678 1673 quod
1707 1635 1829 1661 accus-

299 1718 357 1744 ses
387 1707 499 1753 Par..
530 1692 655 1742 ac⁰uses
687 1705 881 1752 Wuerzb.,
913 1708 1000 1742 item
1030 1704 1154 1742 Iulius
1188 1705 1315 1741 Victor
1337 1708 1373 1741 et
1405 1704 1634 1741 Victorinus.
1667 1714 1829 1740 accusem
1848 1700 1857 1708 ⁶

301 1766 424 1800 ceteri
529 1758 609 1812 qui]
643 1761 739 1810 quod
773 1762 901 1798 Tross.
931 1763 1015 1798 loco
1043 1763 1176 1808 priore
1295 1760 1372 1797 179
1404 1759 1707 1797 sinuerecundum
1738 1760 1829 1807 Erf.

300 1821 395 1857 Par.
427 1822 511 1856 loco
538 1822 673 1866 priore
716 1820 745 1855 si
776 1817 1058 1854 inuerecundum
1088 1817 1224 1854 Bamb.
1248 1830 1272 1853 a
1302 1816 1534 1868 Fris4Tur.
1565 1817 1648 1854 loco
1681 1819 1828 1864 priore,

300 1878 394 1914 Par.
417 1877 609 1924 Anyelom.
637 1875 727 1912 Tur.
755 1875 884 1912 Tross.
917 1876 1060 1920 altero,
1092 1873 1218 1911 Iulius
1248 1874 1377 1911 Victor
1424 1869 1429 1872 ⁴
1485 1873 1565 1911 180
1595 1872 1681 1922 quid
1711 1877 1829 1910 autem

301 1944 445 1970 accuses
486 1933 663 1969 Wuerzb.
694 1934 828 1978 priore
864 1933 967 1977 loco,
1000 1931 1213 1979 Kayserus.
1254 1929 1339 1978 quid
1366 1925 1460 1980 [sss]
1489 1940 1633 1966 accuses
1661 1929 1744 1966 Erl.
1784 1931 1831 1966 de
1875 1975 1877 1978 ἱ

302 1993 379 2027 inu.
412 1989 495 2037 quid
526 1994 644 2025 autem
676 1999 756 2024 eum
788 1999 933 2024 accuses
962 1988 1055 2023 Par.
1088 2000 1135 2023 m.
1157 1999 1219 2034 pr.
1250 1988 1334 2024 loco
1363 1998 1426 2033 pr.
1460 1986 1544 2034 quid
1575 1996 1654 2023 eum
1686 1996 1831 2022 accuses

302 2047 391 2093 Erf.
415 2046 550 2081 Bamb.
573 2058 596 2081 a
628 2056 733 2081 corr.
754 2047 838 2081 loco
853 2046 1003 2091 priore,
1035 2043 1130 2080 Par.
1154 2044 1347 2091 Anyelom.
1375 2042 1465 2081 Tur.
1493 2043 1620 2079 Tross.
1651 2042 1828 2079 Wuerzb.

303 2105 450 2149 altero,
471 2102 597 2138 Iulius
626 2101 756 2138 Victor
786 2100 871 2148 quid
902 2110 1047 2136 accuses
1079 2100 1297 2136 Victorinus
1327 2098 1412 2147 quid
1434 2109 1596 2135 accusem
1627 2109 1708 2134 eum
1728 2099 1831 2136 Fris.

306 2159 397 2196 Tur.
425 2159 553 2195 Tross.
585 2159 667 2195 loco
693 2160 828 2204 priore
859 2156 944 2205 quid
974 2167 1055 2192 eum
1086 2166 1249 2192 accusem
1280 2157 1401 2192 ceteri
1429 2154 1515 2202 quid
1546 2159 1586 2190 tu
1615 2165 1696 2191 eum
1729 2165 1831 2191 accu-

302 2227 360 2251 ses
395 2215 592 2262 Sauppius
623 2214 710 2262 quid
738 2213 997 2250 tandem-eum
1028 2223 1173 2249 accuses
1205 2214 1290 2249 olim
1322 2215 1614 2258 temptaueram.
1666 2223 1668 2225 ’
1702 2212 1764 2259 qui
1794 2211 1830 2247 id

302 2272 392 2308 libri
418 2274 593 2319 plerique
624 2270 711 2319 quid
731 2270 825 2307 Par.
856 2282 902 2306 m.
922 2281 985 2317 pr.
1017 2269 1195 2306 Wuerzb.
1226 2273 1388 2316 utroque
1417 2270 1501 2305 loco
1531 2279 1611 2304 cum
1641 2267 1677 2303 id
1701 2268 1831 2305 Tross.

301 2330 385 2365 loco
412 2330 546 2375 priore
577 2327 653 2375 qui,
671 2327 754 2365 Erl.
785 2327 831 2363 de
860 2328 960 2372 inu.,
995 2326 1208 2363 Victorinus
1236 2325 1272 2360 id
1302 2325 1363 2373 qui
1393 2324 1557 2362 Bolhius
1671 2323 1831 2361 auditum
1892 2321 1895 2323 ’

302 2384 392 2432 Erf.
415 2384 509 2420 Par.
531 2385 615 2421 loco
634 2386 779 2430 priore,
806 2383 897 2420 Tur.
921 2387 1104 2430 utroque,
1138 2381 1319 2419 Victorini
1338 2381 1454 2428 Fris„
1485 2381 1667 2428 probauit
1687 2381 1828 2417 Fleck-

303 2428 454 2477 eisenus
484 2444 519 2477 et
548 2439 729 2477 Halmius
758 2441 862 2476 anal.
895 2439 990 2476 Tull.
1022 2438 1049 2476 I
1072 2438 1124 2475 18
1154 2438 1282 2474 auditu
1312 2439 1433 2474 ceteri
1531 2437 1703 2474 aestimet
1731 2437 1830 2474 Par.

302 2496 494 2546 Anyelom.
525 2497 614 2533 Tur.
647 2498 768 2533 altero
797 2497 900 2542 loco,
930 2495 1054 2532 Iulius
1083 2494 1213 2531 Victor
1243 2494 1407 2531 aestimat
1440 2494 1658 2531 Victorinus
1688 2493 1831 2529 estimet

308 2554 436 2591 Tross.
464 2555 599 2600 priore
618 2554 711 2599 loco,
746 2553 830 2591 Erl.
854 2552 1030 2590 Wuerzb.
1052 2553 1098 2588 de
1117 2554 1194 2588 inu.
1226 2551 1406 2587 existimes
1437 2552 1533 2587 idem
1561 2561 1625 2597 pr.
1646 2551 1672 2586 l.
1707 2549 1830 2585 existi·

305 2615 378 2646 met
412 2612 533 2647 ceteri
619 2608 697 2646 181
730 2620 799 2657 ego
831 2621 900 2646 om.
928 2609 1056 2645 Tross.
1145 2608 1213 2644 iam
1235 2619 1304 2644 om.
1331 2607 1422 2643 Tur.
1511 2605 1674 2642 detexam
1705 2605 1831 2649 ordine

306 2666 452 2703 exordio
484 2666 620 2702 Bamb.
644 2665 665 2702 b
695 2677 742 2702 m.
769 2677 834 2712 pr.
927 2664 1002 2702 182
1034 2664 1090 2701 fer
1119 2664 1287 2700 Darmst.
1322 2663 1442 2700 Vatic.
1531 2661 1678 2698 cholcos
1711 2662 1828 2699 Valic.

307 2724 475 2760 Darmst.
497 2721 605 2769 (teste
636 2721 821 2759 Vrliclzsio
842 2733 934 2758 mus.
958 2722 1081 2758 Rhen.
1103 2720 1230 2758 XXII
1245 2718 1342 2766 471)
1431 2718 1510 2756 183
1533 2728 1595 2754 ore
1615 2719 1706 2754 libri
1734 2717 1839 2759 Hore‘
1866 2739 1870 2742 -

307 2779 487 2825 Bothius,
520 2782 556 2815 et
585 2789 679 2815 scene
701 2778 791 2815 Orus
813 2780 1019 2815 inuocalur
1033 2789 1109 2825 pro
1131 2778 1318 2824 Apolline.
1343 2780 1422 2812 orte
1443 2775 1715 2812 Lachmannus
1735 2773 1830 2810 clare

308 2836 593 2872 Buechelerus:
622 2839 726 2873 recte
755 2836 851 2872 idem
872 2836 970 2872 conl.
994 2834 1189 2871 Ciceronis
1211 2833 1321 2870 Arat.
1346 2831 1427 2870 180
1456 2826 1611 2867 uolitans
1643 2832 1693 2867 ad
1721 2834 1827 2867 ante-

310 2893 482 2928 cedentia
513 2894 726 2929 reuocauit.
1085 2908 1088 2909 ⁷
1242 2890 1247 2895 ’
