1942 3204
822 211 865 247 L.
891 210 1068 245 ATTIVS
1630 211 1707 252 ‘221

856 316 920 360 IV
974 316 1002 360 5
1069 312 1075 319 ’

362 428 374 438 .
433 410 531 438 cum
563 395 767 452 uirgimili
799 314 972 438 mundo(
994 315 1106 438 3151„
1137 396 1261 451 patre

851 472 892 516 V
925 470 1023 531 (19)

167 549 254 593 655
286 549 427 594 Vide6
460 550 657 607 sepulcra
687 549 773 593 (hio
805 550 989 593 duorum
1022 550 1264 606 c6rporum.

844 627 909 671 VI
942 626 1040 687 (20)

290 705 446 749 M1ilier
478 720 566 748 una
598 705 731 748 dulim
762 705 957 749 uirorum

755 782 843 826 VII
876 781 1043 841 (Pelop.
1075 783 1124 843 4)

288 862 476 912 Quinsim
508 861 839 904 Tantalidarum
870 859 1165 930 internecioni
1194 863 1347 906 modus

286 939 498 982 Paretur?
531 942 607 982 aut
638 954 852 995 quaenam
883 943 1090 996 iimquam
1123 941 1178 983 ob
1211 944 1394 984 mortem
1427 941 1593 999 My‘rtili

286 1016 446 1061 Poenis
479 1017 649 1060 luendis
682 1018 856 1060 dabitur
887 1018 1020 1061 satias
1052 1019 1266 1075 sfipplici‘?

882 1096 993 1139 VIII

171 1174 259 1218 660
288 1173 405 1217 Hine
438 1175 638 1218 c6lomen
669 1174 755 1216 alte
788 1173 973 1231 geminis
1004 1177 1156 1232 aptum
1187 1176 1390 1220 cdrnjbus

261 1306 313 1341 IV
337 1306 475 1339 Festus
491 1316 527 1349 p.
548 1307 613 1339 142
632 1305 681 1339 M.
706 1306 918 1339 ‘mundus
944 1308 1058 1340 etiam
1076 1307 1249 1347 mulieris
1261 1306 1428 1352 [ornatus
1445 1308 1593 1351 dicitur,
1619 1308 1715 1352 quod

168 1356 207 1386 et
231 1351 290 1385 hic
314 1349 470 1397 moueri]
496 1354 633 1395 potest.
683 1351 837 1385 Accius:
870 1355 973 1385 eum’
1000 1363 1030 1386 e.
1058 1363 1091 1396 q.
1117 1363 1145 1389 s.
1239 1353 1273 1386 V
1297 1354 1349 1387 VI
1375 1354 1507 1387 Cicero
1534 1355 1639 1388 Orat.
1657 1356 1714 1396 46,

171 1399 236 1432 156
261 1397 487 1441 ‘pleneque’
514 1396 765 1440 (planeque
792 1397 922 1442 uulgo)
949 1398 1123 1432 ‘duorum
1141 1399 1302 1432 uirorum
1324 1399 1498 1433 iudicium
1518 1405 1582 1433 aut
1605 1401 1716 1433 trium

166 1445 325 1476 uirorum
358 1442 577 1487 capitalium
611 1446 677 1476 aut
710 1443 838 1476 decem
869 1444 1030 1477 uirorum
1063 1445 1228 1479 stlitibus
1259 1445 1470 1479 iudicandis
1501 1446 1580 1479 dico
1611 1456 1714 1478 num-

168 1499 290 1531 quam.
337 1489 451 1532 Atqui
480 1488 574 1521 dixit
600 1488 736 1522 Accius
764 1487 828 1532 [V]
863 1489 1035 1532 idemque
1070 1488 1169 1534 [VH.
1218 1490 1316 1531 Quid
1348 1501 1473 1525 uerum
1504 1492 1572 1533 sit,
1603 1492 1714 1524 intel·

167 1534 270 1578 lego:
295 1534 361 1567 sed
386 1534 479 1567 alias
504 1535 558 1566 ita
586 1533 716 1577 loquor
739 1538 781 1566 ut
807 1545 1025 1569 concessum
1051 1540 1126 1577 est,
1158 1539 1200 1569 ut
1225 1536 1295 1570 hoc
1319 1537 1379 1570 uel
1409 1548 1474 1580 pro
1499 1537 1604 1570 deum
1633 1537 1714 1571 dico

166 1580 230 1614 uel
253 1589 319 1623 pro
345 1579 513 1613 deorum:
547 1579 643 1612 alias
668 1583 709 1612 ut
733 1590 886 1614 necesse
910 1584 986 1622 est,
1017 1592 1099 1614 cum
1123 1582 1234 1614 trium
1258 1583 1398 1626 uirum,
1431 1593 1504 1616 non
1534 1584 1714 1616 uirorum:

172 1636 254 1659 cum
281 1625 493 1658 sestertium
517 1635 718 1669 nummum,
745 1635 819 1659 non
835 1636 1078 1660 nummorum:
1105 1627 1200 1671 quod
1215 1628 1254 1660 in
1270 1628 1329 1660 his
1354 1629 1583 1662 consuetudo
1607 1630 1715 1662 uaria

169 1681 242 1704 non
268 1672 354 1704 est?
395 1670 575 1707 Cf.Verr.
600 1672 634 1704 V
656 1672 718 1712 36,
743 1671 788 1704 94
813 1673 876 1704 ‘ut
900 1671 986 1705 duo
1022 1673 1269 1716 sepulchra
1295 1673 1474 1707 duorum
1501 1678 1712 1717 praetorum

166 1717 407 1760 inproborum
432 1716 574 1750 duabus
599 1716 638 1749 in
662 1716 866 1760 prouinciis
892 1717 1235 1754 constituerentur?
1313 1719 1383 1753 VII
1409 1719 1538 1754 Cicero
1563 1721 1607 1754 de
1634 1724 1712 1753 nat.

167 1762 264 1796 deor.
291 1763 349 1796 111
366 1763 428 1804 38,
449 1763 494 1795 90
518 1765 562 1795 ‘o
587 1763 715 1795 miram
742 1763 970 1805 aequitatem
997 1763 1164 1797 deorum!
1192 1764 1354 1798 ferretne
1386 1766 1522 1799 ciuitas
1555 1765 1633 1799 ulla
1658 1766 1711 1799 la·

167 1812 285 1841 torem
311 1808 421 1841 istius
438 1807 537 1840 modi
561 1807 674 1851 legis,
699 1811 742 1841 ut
766 1808 1076 1843 condemnaretur
1099 1809 1196 1843 filius
1220 1814 1286 1843 aut
1301 1821 1434 1854 nepos,
1461 1812 1493 1844 si
1516 1814 1624 1854 pater
1648 1815 1714 1845 aut

169 1863 263 1887 auus
296 1852 542 1896 deliquisset?
589 1853 801 1895 Quinam'
834 1865 865 1887 e.
892 1864 925 1897 q.
952 1865 982 1888 s.
1031 1855 1225 1889 Charisius
1250 1856 1268 1889 I
1298 1867 1334 1899 p.
1361 1858 1404 1890 70
1427 1857 1470 1892 Ρ.
1498 1859 1714 1901 ‘praeposi-

166 1899 284 1932 tiuum
315 1899 434 1942 quis,
468 1899 741 1933 subiunctiuum
776 1900 868 1942 qui,
902 1901 998 1943 quod
1030 1904 1156 1935 tamen
1186 1906 1358 1936 auctores
1388 1912 1462 1935 non
1486 1902 1713 1936 obseruaue-

168 1948 272 1986 runt,
297 1947 339 1977 ut
363 1943 534 1978 Accius
561 1945 691 1979 dicens
717 1942 818 1990 [657]
847 1948 885 1978 et
908 1946 1095 1989 Vergilius
1118 1972 1127 1981 .
1142 1972 1150 1981 .
1165 1950 1194 1981 .’
1301 1948 1393 1982 VIII
1417 1947 1510 1981 Non.
1538 1959 1572 1991 p.
1589 1951 1667 1987 235,
1695 1951 1710 1981 1

167 1993 341 2034 ‘aptum
366 2000 508 2035 rursum
534 2001 712 2024 conexum
737 1994 775 2025 et
799 1990 1013 2036 colligatum
1040 1992 1230 2036 significat
1262 2019 1270 2027 .
1291 2018 1299 2026 .
1322 2019 1330 2027 .
1360 1994 1529 2027 Accius
1554 1994 1712 2028 Demer

169 2139 249 2178 quo
276 2140 320 2167 eo
342 2134 490 2167 tantum
510 2130 710 2178 dissentio,
742 2132 846 2179 quod
863 2142 1045 2169 mancum
1066 2133 1302 2169 uersiculum
1324 2135 1456 2180 terlio,
1490 2145 1565 2170 non
1587 2139 1627 2170 ul
1647 2135 1712 2170 ille

168 2192 310 2235 quarto
329 2188 416 2224 loco
434 2189 560 2235 posui.
640 2183 749 2225 6533
770 2189 866 2237 capis
885 2190 979 2226 libri
1054 2200 1197 2226 asaraco
1220 2189 1341 2227 Bern.
1364 2201 1385 2226 c
1465 2190 1545 2228 653
1559 2186 1575 2211 5
1596 2190 1710 2239 Capus

168 2248 288 2280 autem
309 2244 499 2281 Anchisem
523 2243 758 2283 Bitschelius
776 2247 803 2282 l.
824 2247 851 2283 l.
873 2244 956 2283 496
979 2245 1048 2294 (cf.
1071 2246 1190 2294 488),
1224 2258 1309 2284 cum
1340 2252 1378 2284 et
1406 2247 1508 2296 Capis
1531 2248 1710 2284 Anchisen

167 2302 295 2337 minus
325 2305 430 2338 recte
460 2302 659 2339 dedissem.
748 2303 924 2339 ancissem
946 2303 1067 2340 Bern.
1092 2303 1128 2339 B
1157 2305 1324 2352 Agcisem
1347 2306 1474 2341 Allius
1493 2307 1652 2351 scripsit

171 2356 251 2394 655
274 2357 346 2394 duo
381 2357 496 2395 Vileb.
528 2357 597 2395 dua
617 2361 740 2396 ceteri
756 2360 850 2396 libri
856 2377 865 2395 .-
887 2359 941 2407 cf.
965 2359 1226 2405 Quintilianus
1246 2361 1271 2398 Ι
1289 2362 1328 2408 5,
1354 2361 1404 2398 15
1495 2361 1576 2399 656
1598 2360 1708 2397 duum

170 2414 288 2450 uirum
317 2414 410 2451 libr-1·
514 2414 595 2452 657
617 2416 847 2453 internicioni
869 2416 973 2457 Leid.
1002 2417 1056 2466 A,
1085 2418 1228 2466 probat
1257 2419 1437 2456 Klotzius
1467 2418 1710 2455 interlectioni

169 2470 274 2508 Leid.
299 2471 329 2508 G
346 2483 394 2508 m.
420 2471 441 2508 1
532 2471 613 2510 658
635 2477 758 2522 paret,
791 2484 896 2510 corr.
920 2478 1109 2523 pararetur
1130 2474 1235 2512 Leid.
1259 2476 1295 2512 B
1324 2476 1372 2512 sit
1395 2475 1604 2521 Charisius,
1638 2477 1713 2511 nisi

166 2527 274 2576 forte
295 2539 381 2564 cum
402 2528 444 2565 L.
468 2528 657 2567 Muellero
678 2541 769 2567 ann.
789 2531 935 2579 philoll.
961 2531 1069 2569 1868
1089 2543 1129 2579 p.
1151 2531 1234 2569 439
1265 2533 1316 2569 sic
1338 2538 1374 2569 et
1395 2532 1567 2581 Virgilius
1589 2534 1709 2568 corri-

169 2585 334 2633 yendum
355 2589 424 2622 est.
514 2586 594 2623 659
616 2587 763 2624 satietas
784 2586 889 2624 Leicl.
915 2586 947 2624 C
965 2588 1049 2625 Erl.
1138 2589 1293 2638 supplici
1315 2590 1417 2626 Leid.
1441 2589 1516 2625 BC
1543 2588 1710 2636 supplicii

182 2642 335 2679 Vindob.
367 2642 532 2691 supplitii
553 2643 655 2681 Leia.
678 2645 712 2680 A
742 2644 907 2693 supplicy
929 2645 1014 2683 Erl.
1106 2645 1189 2684 660
1209 2646 1293 2682 hinc
1310 2646 1486 2694 fortasse
1508 2645 1709 2683 delendum

171 2698 272 2746 (uide
292 2696 442 2747 supra),
466 2703 534 2737 aut
553 2701 589 2737 in
610 2701 913 2738 substituendum
985 2701 1152 2740 colomen
1175 2701 1245 2739 alte
1267 2703 1419 2751 geminis
1436 2704 1590 2749 scripsi,
1608 2702 1709 2738 Pur-

170 2766 329 2793 nassum
349 2756 584 2805 intelleqens.
617 2757 842 2795 colomenale
863 2759 1018 2807 geminis
1036 2760 1127 2797 libri
1149 2761 1330 2806 plerique
1357 2758 1521 2795 colomen
1543 2758 1710 2807 alagemi·

171 2812 227 2848 nis
249 2812 392 2850 Genea.
415 2813 601 2851 colomena
623 2814 700 2852 lece
722 2815 827 2852 minis
847 2825 916 2852 mS.
938 2815 1045 2854 Iunii
1062 2816 1151 2853 colis
1174 2817 1325 2852 menemi
1347 2815 1423 2851 lece
1443 2826 1532 2852 mss.
1556 2815 1714 2852 Barlhii

171 2868 338 2906 columen
359 2870 435 2907 alae
455 2871 609 2919 geminis
634 2872 837 2909 Turnebus
857 2872 954 2909 Adu.
978 2873 1123 2910 XXIX
1141 2873 1195 2910 20
1282 2872 1406 2908 aether
1435 2872 1471 2908 in
1494 2883 1566 2921 quo
1587 2871 1708 2910 lumen

173 2925 243 2962 alte
274 2937 309 2975 g.
341 2938 373 2966 a.
405 2938 438 2964 c.
468 2926 575 2975 (luna
607 2927 708 2977 scil.)
740 2929 1009 2966 Buechelerus
