1942 3204
269 191 351 232 248
593 190 658 223 EX
686 189 908 222 muniens
936 187 1249 222 INCERTORVM
1276 187 1479 221 FABVLIS

938 291 1127 334 XLVIII

388 372 436 415 ‘O
468 388 624 428 parens
657 369 836 427 antiqua
867 371 1040 413 nostrae
1074 370 1234 427 gentis,
1265 369 1478 426 Argiuum
1509 369 1653 412 decus!

757 465 899 508 XLIX
933 463 1049 521 (Pae.
1082 464 1208 507 Teuc.
1241 462 1316 520 21)

954 548 1116 590 Teucer

767 626 906 681 pzitria
939 627 1022 681 est,
1052 625 1309 681 ubicumque
1342 626 1406 667 est
1437 625 1558 667 bene.

796 721 830 762 L
864 718 996 776 (Enn.
1030 708 1191 763 Telamss
1223 718 1270 777 9)

389 797 545 841 Hicine
583 798 653 839 ille
693 800 758 839 est
796 798 970 840 Telamo
979 832 990 854 7
1034 798 1160 840 modo
1200 812 1326 853 quem
1365 797 1503 854 gloria
1543 797 1596 839 ad
1634 797 1799 840 caelum

1339 874 1509 930 extulit,

393 952 528 1002 Quem
566 952 865 1008 aspectabant,
909 951 1030 995 cuius
1069 952 1124 995 ob
1163 967 1210 995 os
1249 951 1350 994 Grai
1395 952 1470 994 ora
1514 951 1800 994 obuertebzint

1337 1029 1444 1071 sua?

911 1106 933 1131 a:
1027 1136 1049 1160 γ’
1140 1106 1163 1131 >ie

299 1184 356 1226 95
859 1183 983 1226 simul
1017 1184 1187 1226 {inimus
1220 1198 1316 1226 eum
1347 1198 1391 1226 re
1425 1184 1622 1227 concidit.

390 1354 508 1404 Quae
540 1355 629 1396 ’naim
660 1354 866 1395 terribilis
903 1357 978 1397 tua
1015 1357 1191 1410 pectora
1227 1357 1392 1412 turbat,
1429 1357 1614 1400 terrifico
1655 1358 1800 1400 sonitu

1339 1434 1526 1489 inpulit?

382 1562 540 1595 XLVIII
564 1561 747 1595 Analecta
772 1563 1010 1603 grammatica
1036 1563 1252 1597 Endlichcri
1277 1564 1313 1597 11
1338 1564 1403 1597 517
1442 1567 1452 1583 ‘
1468 1563 1646 1598 diuiditur
1677 1568 1800 1598 autem

272 1610 524 1641 tetrametrum
557 1607 786 1640 trochaicum
818 1608 1076 1641 catalecticum
1108 1609 1146 1642 in
1172 1611 1329 1652 quatuor
1353 1620 1491 1652 genera
1516 1610 1608 1643 haec
1636 1635 1644 1643 .
1666 1635 1674 1644 .
1693 1636 1701 1643 .
1727 1615 1802 1644 tra-

270 1654 409 1695 gicum,
437 1652 532 1693 quod
558 1652 683 1694 plures
707 1652 881 1695 spondios
905 1653 1043 1686 habeat
1070 1657 1107 1686 et
1133 1655 1181 1687 sit
1204 1654 1355 1687 elatius:
1381 1665 1401 1687 o
1427 1657 1583 1697 parens’
1610 1666 1641 1688 e.
1660 1666 1693 1699 q.
1713 1666 1741 1689 s,

269 1697 391 1731 XLIX
410 1697 546 1730 Cicero
571 1698 680 1730 Tusc.
699 1698 792 1740 disp.
811 1699 842 1731 V
859 1699 915 1738 37,
935 1700 999 1732 108
1026 1700 1176 1742 ‘itaque
1203 1699 1248 1732 ad
1273 1710 1414 1733 omnem
1431 1701 1609 1734 rationem
1634 1701 1801 1735 Teucri

275 1754 355 1776 uox
379 1742 648 1775 accommodari
671 1745 810 1785 potest:
836 1744 1012 1786 patria'
1039 1755 1070 1776 e.
1097 1755 1130 1787 q.
1157 1755 1186 1779 s,
1220 1744 1403 1778 Publilius
1430 1745 1542 1788 Syrus
1568 1747 1646 1780 545.
1670 1747 1736 1780 685
1754 1747 1797 1780 R.

269 1787 354 1831 (635
381 1785 480 1832 [281]
510 1787 555 1820 de
581 1798 668 1820 mor.
693 1790 736 1821 43
756 1788 813 1827 W)
846 1789 1005 1822 Pacuuii
1028 1789 1170 1823 Teucro
1196 1790 1360 1823 tribuere
1386 1801 1491 1823 nemo
1515 1790 1677 1825 dubitat.

269 1835 299 1866 L
326 1833 458 1866 Cicero
481 1833 590 1867 Tusc.
618 1832 710 1876 disp.
730 1834 785 1867 111
812 1834 871 1875 18,
897 1835 941 1867 39
967 1835 1068 1877 ‘quid
1095 1837 1208 1878 ergo?
1234 1835 1388 1868 huiusne
1414 1836 1513 1869 uitae
1539 1836 1739 1879 propositio
1764 1840 1801 1869 et
1833 1836 1836 1838 ’

274 1879 453 1920 cogitatio
478 1883 542 1910 aut
568 1877 769 1920 Thyestem
793 1878 920 1912 leuare
947 1880 1085 1922 poterit
1109 1885 1174 1913 aut
1197 1879 1371 1921 Aeetam,
1403 1880 1447 1914 de
1480 1892 1551 1923 quo
1576 1881 1686 1925 paulo
1712 1885 1797 1915 ante

271 1923 367 1963 dixi,
402 1929 466 1956 aut
489 1923 768 1956 Telamonem
799 1924 971 1966 pulsum
1003 1926 1174 1968 patria,
1208 1925 1463 1959 exulantem
1497 1929 1632 1968 atque
1665 1937 1798 1969 egen·

270 1972 376 2010 tem3
402 1969 442 2001 in
468 1979 537 2011 quo
563 1969 656 2001 haec
683 1968 878 2002 admiratio
894 1969 1024 2003 fiebat:
1051 1970 1202 2004 hicine
1229 1974 1296 2003 est
1320 1970 1399 2004 ille
1500 1972 1801 2006 obuertebant

275 2016 380 2046 sua?
423 2013 519 2056 quod
552 2015 583 2046 si
610 2014 687 2055 cui,
719 2017 760 2047 ut
792 2014 845 2046 ait
869 2014 982 2054 idem,
1015 2016 1146 2048 simul
1179 2017 1350 2048 animus
1380 2026 1472 2049 cum
1502 2027 1547 2050 re
1578 2017 1799 2059 concidit,

273 2070 294 2091 a
320 2059 495 2102 grauibus
520 2059 596 2092 illis
621 2059 784 2101 antiquis
816 2059 1042 2102 philosophis
1073 2061 1234 2103 petenda
1258 2060 1440 2094 medicina
1465 2065 1539 2103 est,
1570 2072 1643 2095 non
1673 2064 1719 2096 ab
1743 2062 1801 2096 his

269 2104 519 2147 uoluptariis.’
559 2104 662 2137 Idem
687 2104 735 2136 ad
759 2104 844 2137 fam.
860 2103 912 2136 IX
930 2106 972 2137 26
999 2106 1060 2137 ‘in
1085 2116 1128 2138 eo
1153 2105 1285 2151 igitur²
1309 2106 1449 2148 inquis,
1475 2107 1645 2140 conuiuio
1668 2107 1799 2141 Cicero

270 2149 334 2182 ille
363 2147 488 2192 [94]?’
523 2149 706 2191 Eurysaci
728 2148 819 2182 Attii
843 2149 1032 2183 uindicare
1064 2151 1189 2184 studui
1224 2152 1263 2183 in
1295 2154 1436 2194 quaest.
1468 2162 1567 2187 scen.
1594 2163 1627 2195 p.
1653 2154 1719 2186 329
1745 2163 1798 2197 sq.

363 2194 562 2227 LI—-LIII
588 2194 809 2227 Censorinus
834 2194 966 2238 fragm.
992 2206 1023 2228 c.
1051 2196 1093 2228 14
1118 2207 1152 2239 p.
1178 2196 1222 2229 96
1246 2196 1350 2229 Iahn.
1375 2195 1478 2238 (2726
1502 2195 1560 2240 P.)
1593 2197 1800 2231 ‘Aristobo-

263 2239 344 2272 lius
381 2237 479 2282 [LIJ.
528 2239 589 2272 hic
622 2240 798 2273 circuitus
828 2241 947 2283 magis
985 2251 1091 2283 quam
1122 2251 1248 2274 uersus
1278 2244 1344 2274 est.
1398 2242 1598 2285 Dactylum
1634 2243 1800 2277 crebrum

358 2370 409 2407 93
439 2371 556 2407 hicine
587 2371 731 2418 Brux„
754 2372 962 2409 Lambinus
991 2371 1137 2408 haecine
1157 2373 1253 2421 Rey.
1277 2372 1373 2410 Gud.
1394 2373 1495 2410 Pitb.
1528 2374 1665 2411 hiccine
1686 2377 1798 2424 uulqo

356 2426 415 2463 ille
446 2432 501 2463 est
530 2427 673 2464 Telamo
697 2427 916 2475 Geppertus
943 2429 969 2464 l.
997 2430 1023 2465 l.
1050 2427 1129 2465 114
1160 2434 1215 2465 cst
1245 2429 1305 2465 ille
1335 2428 1478 2466 Telamo
1502 2431 1620 2467 Bern.
1653 2436 1709 2468 est
1737 2432 1799 2468 ille

272 2482 442 2520 Telamon
471 2485 563 2521 libri
581 2487 726 2531 optimi,
759 2485 861 2532 quod
889 2489 1018 2521 tuetur
1047 2485 1339 2534 Wesenberqius
1370 2487 1422 2522 ad
1443 2487 1556 2524 Tusc.
1578 2486 1602 2523 Ι
1619 2486 1694 2534 49,
1718 2488 1797 2525 116

271 2544 327 2577 est
347 2538 491 2576 Telamo
514 2539 573 2576 ille
595 2542 662 2577 aliz·
747 2539 800 2578 94
830 2540 1053 2590 aspectabam
1075 2541 1177 2578 Med.
1200 2543 1308 2588 epist.
1397 2541 1476 2579 Grai
1499 2554 1561 2579 ora
1583 2543 1677 2592 Rey.
1701 2544 1796 2581 Gud.

271 2597 401 2633 Brux.
423 2596 522 2633 Pitlz.
557 2595 636 2633 Grai
667 2597 743 2634 lora
764 2597 863 2634 Med.
889 2600 998 2645 epist.
1030 2596 1125 2633 Graii
1156 2607 1219 2634 ora
1249 2600 1360 2647 uulyo
1382 2598 1464 2645 Graj
1498 2610 1560 2635 ora
1582 2599 1798 2638 Lachman-
1822 2592 1825 2596 ¹

272 2663 345 2690 nus
374 2655 413 2690 in
443 2652 559 2690 Lacr.
587 2665 630 2700 p.
655 2653 734 2691 163
852 2653 903 2691 95
936 2665 1015 2691 cum
1045 2664 1084 2690 re
1114 2654 1270 2691 concidit
1297 2656 1389 2691 libri
1415 2656 1647 2702 deteriores,
1682 2656 1797 2693 Bent-

271 2711 369 2746 zeias
399 2720 437 2745 rc
468 2709 623 2746 concidit
648 2710 764 2747 Rern.
796 2713 835 2747 in
866 2722 952 2759 my„
986 2711 1112 2747 Marb.
1144 2721 1219 2747 rem
1248 2710 1409 2748 condidit
1429 2712 1522 2760 Req.
1547 2712 1642 2749 Gud.
1666 2712 1796 2750 Brux.

273 2766 373 2802 Pe'tlz.
493 2765 545 2803 96
577 2777 666 2814 quae
698 2771 768 2803 tam
801 2767 962 2804 Bothius
994 2767 1259 2816 (intelleyenda
1292 2778 1362 2804 uox
1393 2767 1462 2814 est)
1500 2767 1671 2815 quaedam
1708 2770 1799 2806 libre·

359 2828 418 2858 tua
449 2818 615 2872 pectora]
653 2824 737 2869 tria,
779 2835 849 2860 om.
890 2829 1056 2872 pectora,
1090 2823 1229 2861 Gorlic.
1339 2823 1484 2860 turbans
1516 2823 1716 2872 Heinsius,
1753 2825 1794 2863 0.

275 2878 436 2915 Iahnius
502 2877 651 2915 terribili
681 2908 689 2917 .
710 2908 717 2916 .
738 2908 746 2917 .
777 2878 881 2916 tui-lna
902 2885 938 2917 et
958 2881 1184 2918 Hultscleius
1242 2879 1437 2917 terrificum
1458 2880 1616 2917 sonitum
1638 2881 1796 2921 Botlte‘us
