<?xml version="1.0" encoding="UTF-8"?>
<!DOCTYPE html PUBLIC "-//W3C//DTD XHTML 1.0 Transitional//EN"
    "http://www.w3.org/TR/xhtml1/DTD/xhtml1-transitional.dtd">
<html xmlns="http://www.w3.org/1999/xhtml" xml:lang="en" lang="en">
 <head>
  <title>
</title>
<meta http-equiv="Content-Type" content="text/html;charset=utf-8" />
  <meta name='ocr-system' content='tesseract 3.04.00' />
  <meta name='ocr-capabilities' content='ocr_page ocr_carea ocr_par ocr_line ocrx_word'/>
</head>
<body>
  <div class='ocr_page' id='page_1' title='image "./romanorumpoes01ribbuoft_0200.png"; bbox 0 0 1942 3204; ppageno 0'>
   <div class='ocr_carea' id='block_1_1' title="bbox 198 164 1110 205">
    <p class='ocr_par' dir='ltr' id='par_1_1' title="bbox 198 164 1110 205">
     <span class='ocr_line' id='line_1_1' title="bbox 198 164 1110 205; baseline -0.009 0"><span class='ocrx_word' id='word_1_1' title='bbox 198 165 219 204; x_wconf 90' lang='grc'>1</span> <span class='ocrx_word' id='word_1_2' title='bbox 227 164 278 205; x_wconf 88' lang='grc'>16</span> <span class='ocrx_word' id='word_1_3' title='bbox 799 166 846 198; x_wconf 92' lang='grc' dir='ltr'>Μ.</span> <span class='ocrx_word' id='word_1_4' title='bbox 872 164 1110 202; x_wconf 73' lang='lat' dir='ltr'><strong>PAOVVIVS</strong></span> 
     </span>
    </p>
   </div>
   <div class='ocr_carea' id='block_1_2' title="bbox 312 265 699 310">
    <p class='ocr_par' dir='ltr' id='par_1_2' title="bbox 312 265 699 310">
     <span class='ocr_line' id='line_1_2' title="bbox 312 265 699 310; baseline 0.005 -2"><span class='ocrx_word' id='word_1_5' title='bbox 312 265 490 310; x_wconf 76' lang='lat' dir='ltr'>Concste</span> <span class='ocrx_word' id='word_1_6' title='bbox 522 269 699 310; x_wconf 84' lang='lat' dir='ltr'><strong>melum!</strong></span> 
     </span>
    </p>
   </div>
   <div class='ocr_carea' id='block_1_3' title="bbox 755 362 1155 406">
    <p class='ocr_par' dir='ltr' id='par_1_3' title="bbox 755 362 1155 406">
     <span class='ocr_line' id='line_1_3' title="bbox 755 362 1155 406; baseline -0.003 0"><span class='ocrx_word' id='word_1_7' title='bbox 755 362 1155 406; x_wconf 77' lang='lat' dir='ltr'><strong>PROTESILAVS</strong></span> 
     </span>
    </p>
   </div>
   <div class='ocr_carea' id='block_1_4' title="bbox 193 439 1719 650">
    <p class='ocr_par' dir='ltr' id='par_1_4' title="bbox 193 439 1719 650">
     <span class='ocr_line' id='line_1_4' title="bbox 311 439 1714 496; baseline 0.001 -16"><span class='ocrx_word' id='word_1_8' title='bbox 311 439 529 482; x_wconf 71' lang='lat' dir='ltr'>Antonius</span> <span class='ocrx_word' id='word_1_9' title='bbox 548 441 731 484; x_wconf 81' lang='lat' dir='ltr'>Volscus</span> <span class='ocrx_word' id='word_1_10' title='bbox 762 441 809 482; x_wconf 87' lang='lat' dir='ltr'>in</span> <span class='ocrx_word' id='word_1_11' title='bbox 829 442 1083 496; x_wconf 78' lang='lat' dir='ltr'>argumento</span> <span class='ocrx_word' id='word_1_12' title='bbox 1104 440 1310 495; x_wconf 62' lang='lat' dir='ltr'><strong>episssolae</strong></span> <span class='ocrx_word' id='word_1_13' title='bbox 1331 439 1567 482; x_wconf 84' lang='lat' dir='ltr'>Ouidianae</span> <span class='ocrx_word' id='word_1_14' title='bbox 1587 439 1714 483; x_wconf 89' lang='lat' dir='ltr'>XIII:</span> 
     </span>
     <span class='ocr_line' id='line_1_5' title="bbox 194 515 1719 577; baseline 0.001 -20"><span class='ocrx_word' id='word_1_15' title='bbox 194 515 426 558; x_wconf 72' lang='lat' dir='ltr'>‘Pacuuius</span> <span class='ocrx_word' id='word_1_16' title='bbox 464 520 507 559; x_wconf 71' lang='lat' dir='ltr'><strong>et</strong></span> <span class='ocrx_word' id='word_1_17' title='bbox 547 518 685 560; x_wconf 73' lang='lat' dir='ltr'>Titius</span> <span class='ocrx_word' id='word_1_18' title='bbox 722 518 1038 559; x_wconf 71' lang='lat' dir='ltr'><strong>Prothesssaum</strong></span> <span class='ocrx_word' id='word_1_19' title='bbox 1074 517 1342 573; x_wconf 78' lang='lat' dir='ltr'><strong>tragoediam</strong></span> <span class='ocrx_word' id='word_1_20' title='bbox 1362 518 1620 577; x_wconf 74' lang='lat' dir='ltr'><strong>ediderunt:</strong></span> <span class='ocrx_word' id='word_1_21' title='bbox 1668 532 1719 559; x_wconf 86' lang='lat' dir='ltr'>ex</span> 
     </span>
     <span class='ocr_line' id='line_1_6' title="bbox 193 594 1461 650; baseline 0.002 -16"><span class='ocrx_word' id='word_1_22' title='bbox 193 608 277 647; x_wconf 82' lang='lat' dir='ltr'>qua</span> <span class='ocrx_word' id='word_1_23' title='bbox 307 594 491 635; x_wconf 74' lang='lat' dir='ltr'>multum</span> <span class='ocrx_word' id='word_1_24' title='bbox 525 596 571 637; x_wconf 90' lang='lat' dir='ltr'>in</span> <span class='ocrx_word' id='word_1_25' title='bbox 602 596 714 637; x_wconf 83' lang='lat' dir='ltr'>hanc</span> <span class='ocrx_word' id='word_1_26' title='bbox 747 595 972 650; x_wconf 77' lang='lat' dir='ltr'>epistolam</span> <span class='ocrx_word' id='word_1_27' title='bbox 1004 594 1181 636; x_wconf 83' lang='lat' dir='ltr'>Ouidius</span> <span class='ocrx_word' id='word_1_28' title='bbox 1212 595 1461 636; x_wconf 63' lang='lat' dir='ltr'>transtulit?</span> 
     </span>
    </p>
   </div>
   <div class='ocr_carea' id='block_1_5' title="bbox 313 688 1276 1066">
    <p class='ocr_par' dir='ltr' id='par_1_5' title="bbox 313 688 1276 1066">
     <span class='ocr_line' id='line_1_7' title="bbox 836 688 1072 732; baseline -0.004 0"><span class='ocrx_word' id='word_1_29' title='bbox 836 688 1072 732; x_wconf 82' lang='lat' dir='ltr'><strong>TEVOER</strong></span> 
     </span>
     <span class='ocr_line' id='line_1_8' title="bbox 901 766 1022 824; baseline 0.008 -1"><span class='ocrx_word' id='word_1_30' title='bbox 901 767 922 809; x_wconf 87' lang='grc' dir='ltr'>Ι</span> <span class='ocrx_word' id='word_1_31' title='bbox 955 766 1022 824; x_wconf 78' lang='grc'>(6)</span> 
     </span>
     <span class='ocr_line' id='line_1_9' title="bbox 313 841 1276 900; baseline -0.001 -15"><span class='ocrx_word' id='word_1_32' title='bbox 313 841 429 893; x_wconf 81' lang='lat' dir='ltr'><strong>Quae</strong></span> <span class='ocrx_word' id='word_1_33' title='bbox 469 843 678 886; x_wconf 73' lang='lat' dir='ltr'><strong>desiderio</strong></span> <span class='ocrx_word' id='word_1_34' title='bbox 711 844 931 886; x_wconf 75' lang='lat' dir='ltr'>alumnum</span> <span class='ocrx_word' id='word_1_35' title='bbox 938 878 949 900; x_wconf 89' lang='lat'>,</span> <span class='ocrx_word' id='word_1_36' title='bbox 981 843 1276 899; x_wconf 71' lang='lat' dir='ltr'>paenitudine,</span> 
     </span>
     <span class='ocr_line' id='line_1_10' title="bbox 314 919 1240 976; baseline 0 -14"><span class='ocrx_word' id='word_1_37' title='bbox 314 919 470 975; x_wconf 71' lang='lat' dir='ltr'><strong>Squale</strong></span> <span class='ocrx_word' id='word_1_38' title='bbox 503 921 754 976; x_wconf 82' lang='lat' dir='ltr'><strong>scabreque,</strong></span> <span class='ocrx_word' id='word_1_39' title='bbox 783 921 946 963; x_wconf 77' lang='lat' dir='ltr'>inculta</span> <span class='ocrx_word' id='word_1_40' title='bbox 977 921 1240 963; x_wconf 67' lang='lat' dir='ltr'>uas’citlidine</span> 
     </span>
     <span class='ocr_line' id='line_1_11' title="bbox 871 1008 1044 1066; baseline 0 -14"><span class='ocrx_word' id='word_1_41' title='bbox 871 1010 915 1052; x_wconf 95' lang='lat' dir='ltr'>II</span> <span class='ocrx_word' id='word_1_42' title='bbox 948 1008 1044 1066; x_wconf 83' lang='lat'>(11)</span> 
     </span>
    </p>
   </div>
   <div class='ocr_carea' id='block_1_6' title="bbox 191 1085 1387 1143">
    <p class='ocr_par' dir='ltr' id='par_1_6' title="bbox 191 1085 1387 1143">
     <span class='ocr_line' id='line_1_12' title="bbox 191 1085 1387 1143; baseline 0.001 -16"><span class='ocrx_word' id='word_1_43' title='bbox 191 1086 277 1127; x_wconf 81' lang='lat'>315</span> <span class='ocrx_word' id='word_1_44' title='bbox 308 1085 413 1128; x_wconf 74' lang='lat' dir='ltr'>Post</span> <span class='ocrx_word' id='word_1_45' title='bbox 444 1087 573 1142; x_wconf 64' lang='lat' dir='ltr'>quaeim</span> <span class='ocrx_word' id='word_1_46' title='bbox 608 1087 801 1130; x_wconf 78' lang='lat' dir='ltr'><strong>defessus</strong></span> <span class='ocrx_word' id='word_1_47' title='bbox 832 1087 1167 1143; x_wconf 70' lang='lat' dir='ltr'>perrogitandod</span> <span class='ocrx_word' id='word_1_48' title='bbox 1199 1086 1387 1128; x_wconf 51' lang='lat' dir='ltr'><strong>aduenas</strong></span> 
     </span>
    </p>
   </div>
   <div class='ocr_carea' id='block_1_7' title="bbox 152 1211 1720 2205">
    <p class='ocr_par' dir='ltr' id='par_1_7' title="bbox 188 1211 1718 1335">
     <span class='ocr_line' id='line_1_13' title="bbox 191 1211 1718 1254; baseline 0 -11"><span class='ocrx_word' id='word_1_49' title='bbox 191 1211 289 1253; x_wconf 85' lang='lat' dir='ltr'>apud</span> <span class='ocrx_word' id='word_1_50' title='bbox 320 1212 475 1244; x_wconf 89' lang='lat' dir='ltr'>Nonium</span> <span class='ocrx_word' id='word_1_51' title='bbox 502 1223 536 1254; x_wconf 90' lang='lat' dir='ltr'>p.</span> <span class='ocrx_word' id='word_1_52' title='bbox 563 1213 624 1252; x_wconf 88' lang='grc'>89,</span> <span class='ocrx_word' id='word_1_53' title='bbox 651 1213 694 1244; x_wconf 94' lang='grc'>14</span> <span class='ocrx_word' id='word_1_54' title='bbox 722 1222 756 1244; x_wconf 94' lang='grc' dir='ltr'>ιι.</span> <span class='ocrx_word' id='word_1_55' title='bbox 784 1214 975 1254; x_wconf 81' lang='lat' dir='ltr'><strong>‘coepere’</strong></span> <span class='ocrx_word' id='word_1_56' title='bbox 1010 1211 1105 1253; x_wconf 90' lang='lat' dir='ltr'>quod</span> <span class='ocrx_word' id='word_1_57' title='bbox 1135 1222 1200 1254; x_wconf 80' lang='lat' dir='ltr'>pro</span> <span class='ocrx_word' id='word_1_58' title='bbox 1231 1211 1590 1254; x_wconf 82' lang='lat' dir='ltr'>Hypobolimaea</span> <span class='ocrx_word' id='word_1_59' title='bbox 1623 1211 1718 1243; x_wconf 84' lang='lat' dir='ltr'><strong>Cae-</strong></span> 
     </span>
     <span class='ocr_line' id='line_1_14' title="bbox 190 1255 1716 1300; baseline 0 -12"><span class='ocrx_word' id='word_1_60' title='bbox 190 1256 268 1288; x_wconf 81' lang='lat' dir='ltr'>cilii</span> <span class='ocrx_word' id='word_1_61' title='bbox 295 1255 354 1297; x_wconf 89' lang='lat' dir='ltr'>(fr.</span> <span class='ocrx_word' id='word_1_62' title='bbox 382 1255 427 1298; x_wconf 92' lang='lat' dir='ltr'>V)</span> <span class='ocrx_word' id='word_1_63' title='bbox 452 1257 626 1289; x_wconf 73' lang='lat' dir='ltr'>laudatur</span> <span class='ocrx_word' id='word_1_64' title='bbox 649 1257 880 1290; x_wconf 86' lang='lat' dir='ltr'><strong>Periboea.</strong></span> <span class='ocrx_word' id='word_1_65' title='bbox 975 1257 1213 1289; x_wconf 86' lang='lat' dir='ltr'><strong>Inserendum</strong></span> <span class='ocrx_word' id='word_1_66' title='bbox 1239 1260 1429 1300; x_wconf 81' lang='lat' dir='ltr'><strong>praeterea</strong></span> <span class='ocrx_word' id='word_1_67' title='bbox 1454 1257 1538 1288; x_wconf 82' lang='lat' dir='ltr'>huic</span> <span class='ocrx_word' id='word_1_68' title='bbox 1564 1256 1716 1288; x_wconf 82' lang='lat' dir='ltr'><strong>fabulae</strong></span> 
     </span>
     <span class='ocr_line' id='line_1_15' title="bbox 188 1301 697 1335; baseline 0.006 -2"><span class='ocrx_word' id='word_1_69' title='bbox 188 1302 261 1334; x_wconf 86' lang='lat' dir='ltr'>inc.</span> <span class='ocrx_word' id='word_1_70' title='bbox 289 1302 363 1334; x_wconf 84' lang='lat' dir='ltr'>fab.</span> <span class='ocrx_word' id='word_1_71' title='bbox 387 1302 484 1335; x_wconf 89' lang='lat' dir='ltr'><strong>XLI.</strong></span> <span class='ocrx_word' id='word_1_72' title='bbox 694 1301 697 1306; x_wconf 84' lang='grc'><strong>’</strong></span> 
     </span>
    </p>

    <p class='ocr_par' dir='ltr' id='par_1_8' title="bbox 190 1346 1720 1571">
     <span class='ocr_line' id='line_1_16' title="bbox 281 1346 1642 1390; baseline 0.001 -12"><span class='ocrx_word' id='word_1_73' title='bbox 281 1347 551 1381; x_wconf 67' lang='grc' dir='ltr'>ΡιιοΤι-ῑεῐῐ,Ανε.</span> <span class='ocrx_word' id='word_1_74' title='bbox 591 1347 777 1380; x_wconf 82' lang='lat' dir='ltr'>Indioauit</span> <span class='ocrx_word' id='word_1_75' title='bbox 802 1346 842 1380; x_wconf 83' lang='lat' dir='ltr'>C.</span> <span class='ocrx_word' id='word_1_76' title='bbox 865 1346 1020 1390; x_wconf 78' lang='lat' dir='ltr'>Dilthey</span> <span class='ocrx_word' id='word_1_77' title='bbox 1043 1347 1087 1380; x_wconf 90' lang='lat' dir='ltr'>de</span> <span class='ocrx_word' id='word_1_78' title='bbox 1113 1346 1330 1380; x_wconf 84' lang='lat' dir='ltr'>Callimachi</span> <span class='ocrx_word' id='word_1_79' title='bbox 1354 1346 1522 1389; x_wconf 78' lang='lat' dir='ltr'>Cydippa</span> <span class='ocrx_word' id='word_1_80' title='bbox 1545 1357 1580 1388; x_wconf 89' lang='lat' dir='ltr'>p.</span> <span class='ocrx_word' id='word_1_81' title='bbox 1598 1347 1642 1379; x_wconf 89' lang='grc'>59</span> 
     </span>
     <span class='ocr_line' id='line_1_17' title="bbox 190 1390 1716 1436; baseline 0 -13"><span class='ocrx_word' id='word_1_82' title='bbox 190 1392 390 1425; x_wconf 82' lang='lat' dir='ltr'><strong>Titinius</strong></span> <span class='ocrx_word' id='word_1_83' title='bbox 415 1393 601 1436; x_wconf 87' lang='lat' dir='ltr'><strong>exemplar</strong></span> <span class='ocrx_word' id='word_1_84' title='bbox 625 1405 657 1426; x_wconf 85' lang='lat' dir='ltr'>a.</span> <span class='ocrx_word' id='word_1_85' title='bbox 677 1394 775 1434; x_wconf 80' lang='lat'>1497,</span> <span class='ocrx_word' id='word_1_86' title='bbox 802 1403 871 1435; x_wconf 91' lang='lat' dir='ltr'>quo</span> <span class='ocrx_word' id='word_1_87' title='bbox 896 1393 975 1436; x_wconf 86' lang='lat' dir='ltr'><strong>ipse</strong></span> <span class='ocrx_word' id='word_1_88' title='bbox 1001 1403 1144 1435; x_wconf 84' lang='lat' dir='ltr'><strong>quoque</strong></span> <span class='ocrx_word' id='word_1_89' title='bbox 1169 1395 1265 1433; x_wconf 76' lang='lat' dir='ltr'>utor3</span> <span class='ocrx_word' id='word_1_90' title='bbox 1292 1403 1383 1427; x_wconf 87' lang='lat' dir='ltr'>corr.</span> <span class='ocrx_word' id='word_1_91' title='bbox 1409 1392 1574 1433; x_wconf 80' lang='lat' dir='ltr'>Dilthey.</span> <span class='ocrx_word' id='word_1_92' title='bbox 1658 1390 1716 1423; x_wconf 84' lang='lat' dir='ltr'>cf.</span> 
     </span>
     <span class='ocr_line' id='line_1_18' title="bbox 191 1436 1719 1481; baseline -0.001 -12"><span class='ocrx_word' id='word_1_93' title='bbox 191 1438 302 1469; x_wconf 87' lang='lat' dir='ltr'>schol.</span> <span class='ocrx_word' id='word_1_94' title='bbox 318 1438 451 1470; x_wconf 85' lang='lat' dir='ltr'>Veron.</span> <span class='ocrx_word' id='word_1_95' title='bbox 469 1439 507 1470; x_wconf 91' lang='lat' dir='ltr'>in</span> <span class='ocrx_word' id='word_1_96' title='bbox 527 1440 633 1481; x_wconf 86' lang='lat' dir='ltr'><strong>Verg.</strong></span> <span class='ocrx_word' id='word_1_97' title='bbox 658 1438 749 1472; x_wconf 83' lang='lat' dir='ltr'><strong>Aen.</strong></span> <span class='ocrx_word' id='word_1_98' title='bbox 771 1438 822 1471; x_wconf 89' lang='lat' dir='ltr'>IV</span> <span class='ocrx_word' id='word_1_99' title='bbox 847 1439 911 1471; x_wconf 88' lang='grc'>146</span> <span class='ocrx_word' id='word_1_100' title='bbox 937 1438 1087 1480; x_wconf 78' lang='lat' dir='ltr'><strong>‘Asper-z</strong></span> <span class='ocrx_word' id='word_1_101' title='bbox 1114 1438 1251 1480; x_wconf 76' lang='lat' dir='ltr'>pictos,</span> <span class='ocrx_word' id='word_1_102' title='bbox 1276 1438 1492 1480; x_wconf 83' lang='lat' dir='ltr'>stigmosos,</span> <span class='ocrx_word' id='word_1_103' title='bbox 1519 1441 1560 1469; x_wconf 79' lang='lat' dir='ltr'>ut</span> <span class='ocrx_word' id='word_1_104' title='bbox 1584 1436 1719 1480; x_wconf 80' lang='lat' dir='ltr'>pictos-</span> 
     </span>
     <span class='ocr_line' id='line_1_19' title="bbox 191 1481 1718 1526; baseline -0.001 -11"><span class='ocrx_word' id='word_1_105' title='bbox 191 1493 260 1524; x_wconf 90' lang='lat' dir='ltr'>que</span> <span class='ocrx_word' id='word_1_106' title='bbox 287 1483 446 1516; x_wconf 83' lang='lat' dir='ltr'>Gelonos</span> <span class='ocrx_word' id='word_1_107' title='bbox 470 1484 507 1515; x_wconf 88' lang='lat' dir='ltr'>in</span> <span class='ocrx_word' id='word_1_108' title='bbox 532 1483 863 1517; x_wconf 82' lang='lat' dir='ltr'>Protesilaodamia</span> <span class='ocrx_word' id='word_1_109' title='bbox 895 1483 956 1515; x_wconf 87' lang='lat' dir='ltr'>fac</span> <span class='ocrx_word' id='word_1_110' title='bbox 988 1484 1163 1526; x_wconf 86' lang='lat' dir='ltr'>papyrin’</span> <span class='ocrx_word' id='word_1_111' title='bbox 1198 1483 1307 1524; x_wconf 81' lang='lat' dir='ltr'><strong>(teste</strong></span> <span class='ocrx_word' id='word_1_112' title='bbox 1333 1481 1577 1523; x_wconf 82' lang='lat' dir='ltr'>Herrmanno)</span> <span class='ocrx_word' id='word_1_113' title='bbox 1607 1482 1718 1514; x_wconf 84' lang='lat' dir='ltr'><strong>‘haec</strong></span> 
     </span>
     <span class='ocr_line' id='line_1_20' title="bbox 190 1526 1720 1571; baseline 0 -12"><span class='ocrx_word' id='word_1_114' title='bbox 190 1531 295 1570; x_wconf 82' lang='lat' dir='ltr'><strong>terga</strong></span> <span class='ocrx_word' id='word_1_115' title='bbox 320 1528 485 1561; x_wconf 82' lang='lat' dir='ltr'><strong>habeant</strong></span> <span class='ocrx_word' id='word_1_116' title='bbox 509 1531 709 1571; x_wconf 74' lang='lat' dir='ltr'>stigmata.’</span> <span class='ocrx_word' id='word_1_117' title='bbox 742 1529 874 1561; x_wconf 86' lang='lat' dir='ltr'>Nescio</span> <span class='ocrx_word' id='word_1_118' title='bbox 900 1531 1003 1561; x_wconf 85' lang='lat' dir='ltr'>cuius</span> <span class='ocrx_word' id='word_1_119' title='bbox 1027 1529 1156 1561; x_wconf 87' lang='lat' dir='ltr'>comici</span> <span class='ocrx_word' id='word_1_120' title='bbox 1180 1528 1273 1562; x_wconf 84' lang='lat' dir='ltr'><strong>ha&#39;ec</strong></span> <span class='ocrx_word' id='word_1_121' title='bbox 1299 1538 1379 1561; x_wconf 85' lang='lat' dir='ltr'><strong>esse</strong></span> <span class='ocrx_word' id='word_1_122' title='bbox 1399 1528 1539 1560; x_wconf 82' lang='lat' dir='ltr'>iudicat</span> <span class='ocrx_word' id='word_1_123' title='bbox 1554 1526 1720 1569; x_wconf 80' lang='lat' dir='ltr'>Dilthey.</span> 
     </span>
    </p>

    <p class='ocr_par' dir='ltr' id='par_1_9' title="bbox 193 1572 1720 1652">
     <span class='ocr_line' id='line_1_21' title="bbox 284 1572 1720 1615; baseline -0.001 -10"><span class='ocrx_word' id='word_1_124' title='bbox 284 1573 492 1606; x_wconf 85' lang='lat' dir='ltr'><strong>Verendum</strong></span> <span class='ocrx_word' id='word_1_125' title='bbox 517 1585 589 1607; x_wconf 92' lang='lat' dir='ltr'>non</span> <span class='ocrx_word' id='word_1_126' title='bbox 621 1577 693 1615; x_wconf 79' lang='lat' dir='ltr'><strong>est,</strong></span> <span class='ocrx_word' id='word_1_127' title='bbox 726 1585 771 1607; x_wconf 91' lang='lat' dir='ltr'>ne</span> <span class='ocrx_word' id='word_1_128' title='bbox 796 1574 1030 1606; x_wconf 85' lang='lat' dir='ltr'>librariorum</span> <span class='ocrx_word' id='word_1_129' title='bbox 1061 1573 1244 1606; x_wconf 85' lang='lat' dir='ltr'>erroribus</span> <span class='ocrx_word' id='word_1_130' title='bbox 1276 1574 1450 1606; x_wconf 85' lang='lat' dir='ltr'>inductus</span> <span class='ocrx_word' id='word_1_131' title='bbox 1475 1572 1608 1605; x_wconf 81' lang='lat' dir='ltr'>Laeuii</span> <span class='ocrx_word' id='word_1_132' title='bbox 1630 1573 1720 1604; x_wconf 89' lang='lat' dir='ltr'>Pro-</span> 
     </span>
     <span class='ocr_line' id='line_1_22' title="bbox 193 1619 1127 1652; baseline 0.001 -2"><span class='ocrx_word' id='word_1_133' title='bbox 193 1619 485 1651; x_wconf 80' lang='lat' dir='ltr'>tesilaodamiam</span> <span class='ocrx_word' id='word_1_134' title='bbox 511 1620 690 1652; x_wconf 83' lang='lat' dir='ltr'>cothurno</span> <span class='ocrx_word' id='word_1_135' title='bbox 715 1620 910 1652; x_wconf 81' lang='lat' dir='ltr'>donauerit</span> <span class='ocrx_word' id='word_1_136' title='bbox 933 1619 1127 1652; x_wconf 86' lang='lat' dir='ltr'>Antonius.</span> 
     </span>
    </p>

    <p class='ocr_par' dir='ltr' id='par_1_10' title="bbox 152 1662 1719 1845">
     <span class='ocr_line' id='line_1_23' title="bbox 283 1662 1719 1706; baseline 0 -11"><span class='ocrx_word' id='word_1_137' title='bbox 283 1664 436 1697; x_wconf 67' lang='lat' dir='ltr'>&#39;I‘Evcmt</span> <span class='ocrx_word' id='word_1_138' title='bbox 460 1665 478 1697; x_wconf 94' lang='lat'>1</span> <span class='ocrx_word' id='word_1_139' title='bbox 501 1665 595 1698; x_wconf 91' lang='lat' dir='ltr'>Non.</span> <span class='ocrx_word' id='word_1_140' title='bbox 622 1666 699 1706; x_wconf 82' lang='lat'>152,</span> <span class='ocrx_word' id='word_1_141' title='bbox 724 1666 768 1696; x_wconf 82' lang='lat'>29</span> <span class='ocrx_word' id='word_1_142' title='bbox 794 1664 1168 1706; x_wconf 77' lang='lat' dir='ltr'>‘poenitudinem.</span> <span class='ocrx_word' id='word_1_143' title='bbox 1193 1664 1233 1696; x_wconf 91' lang='lat' dir='ltr'>P.</span> <span class='ocrx_word' id='word_1_144' title='bbox 1261 1663 1462 1696; x_wconf 83' lang='lat' dir='ltr'>&#39;reuchro</span> <span class='ocrx_word' id='word_1_145' title='bbox 1487 1665 1561 1695; x_wconf 92' lang='lat'>...’</span> <span class='ocrx_word' id='word_1_146' title='bbox 1588 1662 1719 1704; x_wconf 88' lang='lat' dir='ltr'><strong>(Teu-</strong></span> 
     </span>
     <span class='ocr_line' id='line_1_24' title="bbox 190 1708 1718 1753; baseline -0.001 -12"><span class='ocrx_word' id='word_1_147' title='bbox 190 1719 263 1741; x_wconf 87' lang='lat' dir='ltr'>cro</span> <span class='ocrx_word' id='word_1_148' title='bbox 297 1708 441 1753; x_wconf 80' lang='lat' dir='ltr'>Bamb.)</span> <span class='ocrx_word' id='word_1_149' title='bbox 488 1710 589 1742; x_wconf 90' lang='lat' dir='ltr'>Idem</span> <span class='ocrx_word' id='word_1_150' title='bbox 622 1711 706 1752; x_wconf 85' lang='lat'>169,</span> <span class='ocrx_word' id='word_1_151' title='bbox 739 1711 782 1742; x_wconf 88' lang='lat'>23</span> <span class='ocrx_word' id='word_1_152' title='bbox 816 1713 1023 1752; x_wconf 77' lang='lat' dir='ltr'><strong>‘scapres</strong></span> <span class='ocrx_word' id='word_1_153' title='bbox 1054 1720 1119 1752; x_wconf 84' lang='lat' dir='ltr'>pro</span> <span class='ocrx_word' id='word_1_154' title='bbox 1151 1710 1302 1743; x_wconf 79' lang='lat' dir='ltr'><strong>scabres</strong></span> <span class='ocrx_word' id='word_1_155' title='bbox 1323 1734 1332 1742; x_wconf 92' lang='lat'><strong><em>.</em></strong></span> <span class='ocrx_word' id='word_1_156' title='bbox 1353 1733 1360 1741; x_wconf 95' lang='lat'><strong><em>.</em></strong></span> <span class='ocrx_word' id='word_1_157' title='bbox 1382 1711 1410 1742; x_wconf 85' lang='lat'>.’</span> <span class='ocrx_word' id='word_1_158' title='bbox 1450 1708 1549 1740; x_wconf 90' lang='lat' dir='ltr'>Idem</span> <span class='ocrx_word' id='word_1_159' title='bbox 1583 1709 1666 1749; x_wconf 85' lang='lat'>185,</span> <span class='ocrx_word' id='word_1_160' title='bbox 1698 1709 1718 1740; x_wconf 90' lang='lat'>2</span> 
     </span>
     <span class='ocr_line' id='line_1_25' title="bbox 192 1753 1717 1795; baseline -0.001 -9"><span class='ocrx_word' id='word_1_161' title='bbox 192 1755 385 1787; x_wconf 67' lang='lat' dir='ltr'>‘uastities</span> <span class='ocrx_word' id='word_1_162' title='bbox 415 1758 453 1787; x_wconf 82' lang='lat' dir='ltr'>et</span> <span class='ocrx_word' id='word_1_163' title='bbox 483 1755 723 1788; x_wconf 79' lang='lat' dir='ltr'>uastitudo</span> <span class='ocrx_word' id='word_1_164' title='bbox 755 1758 792 1787; x_wconf 82' lang='lat' dir='ltr'>et</span> <span class='ocrx_word' id='word_1_165' title='bbox 822 1756 981 1788; x_wconf 77' lang='lat' dir='ltr'>uastitas</span> <span class='ocrx_word' id='word_1_166' title='bbox 1011 1779 1019 1787; x_wconf 98' lang='lat'>.</span> <span class='ocrx_word' id='word_1_167' title='bbox 1040 1779 1048 1787; x_wconf 81' lang='grc'><strong>.</strong></span> <span class='ocrx_word' id='word_1_168' title='bbox 1069 1757 1097 1788; x_wconf 84' lang='grc'>.’</span> <span class='ocrx_word' id='word_1_169' title='bbox 1148 1755 1248 1787; x_wconf 89' lang='lat' dir='ltr'>Idem</span> <span class='ocrx_word' id='word_1_170' title='bbox 1280 1756 1364 1795; x_wconf 85' lang='lat'>243,</span> <span class='ocrx_word' id='word_1_171' title='bbox 1394 1755 1416 1786; x_wconf 92' lang='grc'>4</span> <span class='ocrx_word' id='word_1_172' title='bbox 1451 1753 1717 1794; x_wconf 84' lang='lat' dir='ltr'>‘alumnum,</span> 
     </span>
     <span class='ocr_line' id='line_1_26' title="bbox 152 1799 1716 1845; baseline -0.001 -13"><span class='ocrx_word' id='word_1_173' title='bbox 152 1840 159 1845; x_wconf 32' lang='lat'>¹</span> <span class='ocrx_word' id='word_1_174' title='bbox 189 1799 304 1832; x_wconf 89' lang='lat' dir='ltr'>filium</span> <span class='ocrx_word' id='word_1_175' title='bbox 328 1825 335 1833; x_wconf 92' lang='lat'><strong><em>.</em></strong></span> <span class='ocrx_word' id='word_1_176' title='bbox 352 1825 358 1832; x_wconf 96' lang='lat'>.</span> <span class='ocrx_word' id='word_1_177' title='bbox 375 1803 403 1833; x_wconf 89' lang='lat'>.’</span> <span class='ocrx_word' id='word_1_178' title='bbox 445 1801 577 1833; x_wconf 78' lang='lat' dir='ltr'><strong>Festus</strong></span> <span class='ocrx_word' id='word_1_179' title='bbox 602 1812 636 1843; x_wconf 88' lang='lat' dir='ltr'>p.</span> <span class='ocrx_word' id='word_1_180' title='bbox 660 1802 725 1834; x_wconf 79' lang='lat'>372</span> <span class='ocrx_word' id='word_1_181' title='bbox 749 1800 799 1835; x_wconf 91' lang='lat' dir='ltr'>M.</span> <span class='ocrx_word' id='word_1_182' title='bbox 826 1803 1026 1833; x_wconf 75' lang='lat' dir='ltr'>‘uastum</span> <span class='ocrx_word' id='word_1_183' title='bbox 1052 1810 1115 1842; x_wconf 84' lang='lat' dir='ltr'>pro</span> <span class='ocrx_word' id='word_1_184' title='bbox 1139 1810 1327 1842; x_wconf 83' lang='lat' dir='ltr'>magnum;</span> <span class='ocrx_word' id='word_1_185' title='bbox 1358 1799 1505 1841; x_wconf 78' lang='lat' dir='ltr'>ponitur</span> <span class='ocrx_word' id='word_1_186' title='bbox 1529 1801 1652 1832; x_wconf 81' lang='lat' dir='ltr'><strong>tamen</strong></span> <span class='ocrx_word' id='word_1_187' title='bbox 1679 1802 1716 1830; x_wconf 77' lang='lat' dir='ltr'>et</span> 
     </span>
    </p>

    <p class='ocr_par' dir='ltr' id='par_1_11' title="bbox 189 1843 1719 2205">
     <span class='ocr_line' id='line_1_27' title="bbox 190 1843 1716 1888; baseline -0.001 -12"><span class='ocrx_word' id='word_1_188' title='bbox 190 1855 254 1886; x_wconf 88' lang='lat' dir='ltr'>pro</span> <span class='ocrx_word' id='word_1_189' title='bbox 279 1845 391 1878; x_wconf 86' lang='lat' dir='ltr'>inani.</span> <span class='ocrx_word' id='word_1_190' title='bbox 429 1846 563 1879; x_wconf 83' lang='lat' dir='ltr'>Accius</span> <span class='ocrx_word' id='word_1_191' title='bbox 586 1864 630 1869; x_wconf 90' lang='lat'>—</span> <span class='ocrx_word' id='word_1_192' title='bbox 655 1849 693 1878; x_wconf 77' lang='lat' dir='ltr'>et</span> <span class='ocrx_word' id='word_1_193' title='bbox 717 1846 900 1878; x_wconf 69' lang='lat' dir='ltr'>Pacuuiae</span> <span class='ocrx_word' id='word_1_194' title='bbox 928 1843 1048 1888; x_wconf 85' lang='lat'>[314]’</span> <span class='ocrx_word' id='word_1_195' title='bbox 1079 1845 1243 1877; x_wconf 87' lang='lat' dir='ltr'><strong>Eundem</strong></span> <span class='ocrx_word' id='word_1_196' title='bbox 1268 1854 1411 1877; x_wconf 84' lang='lat' dir='ltr'><strong>uersum</strong></span> <span class='ocrx_word' id='word_1_197' title='bbox 1438 1843 1585 1876; x_wconf 85' lang='lat' dir='ltr'><strong>uidetur</strong></span> <span class='ocrx_word' id='word_1_198' title='bbox 1603 1844 1716 1875; x_wconf 86' lang='lat' dir='ltr'>Varro</span> 
     </span>
     <span class='ocr_line' id='line_1_28' title="bbox 189 1888 1718 1933; baseline -0.001 -11"><span class='ocrx_word' id='word_1_199' title='bbox 189 1891 315 1923; x_wconf 83' lang='lat' dir='ltr'>Manio</span> <span class='ocrx_word' id='word_1_200' title='bbox 341 1894 488 1923; x_wconf 79' lang='lat' dir='ltr'><strong>saturae</strong></span> <span class='ocrx_word' id='word_1_201' title='bbox 515 1891 573 1933; x_wconf 88' lang='lat' dir='ltr'>(fr.</span> <span class='ocrx_word' id='word_1_202' title='bbox 597 1891 689 1923; x_wconf 84' lang='lat' dir='ltr'><strong>XIII</strong></span> <span class='ocrx_word' id='word_1_203' title='bbox 713 1891 772 1931; x_wconf 82' lang='lat' dir='ltr'>R.)</span> <span class='ocrx_word' id='word_1_204' title='bbox 799 1891 1018 1931; x_wconf 88' lang='lat' dir='ltr'>inseruisse,</span> <span class='ocrx_word' id='word_1_205' title='bbox 1050 1890 1144 1922; x_wconf 89' lang='lat' dir='ltr'><strong>unde</strong></span> <span class='ocrx_word' id='word_1_206' title='bbox 1167 1890 1310 1922; x_wconf 86' lang='lat' dir='ltr'>Nonius</span> <span class='ocrx_word' id='word_1_207' title='bbox 1334 1889 1427 1921; x_wconf 87' lang='lat' dir='ltr'><strong>haec</strong></span> <span class='ocrx_word' id='word_1_208' title='bbox 1452 1888 1563 1922; x_wconf 80' lang='lat' dir='ltr'><strong>affert.</strong></span> <span class='ocrx_word' id='word_1_209' title='bbox 1597 1889 1670 1920; x_wconf 85' lang='lat' dir='ltr'>iam</span> <span class='ocrx_word' id='word_1_210' title='bbox 1696 1899 1718 1920; x_wconf 76' lang='lat' dir='ltr'>a</span> 
     </span>
     <span class='ocr_line' id='line_1_29' title="bbox 191 1933 1717 1978; baseline -0.001 -11"><span class='ocrx_word' id='word_1_211' title='bbox 191 1935 367 1968; x_wconf 76' lang='lat' dir='ltr'>carrione</span> <span class='ocrx_word' id='word_1_212' title='bbox 392 1936 477 1967; x_wconf 85' lang='lat' dir='ltr'>Ant.</span> <span class='ocrx_word' id='word_1_213' title='bbox 504 1937 608 1970; x_wconf 81' lang='lat' dir='ltr'><strong>Lect.</strong></span> <span class='ocrx_word' id='word_1_214' title='bbox 628 1937 646 1968; x_wconf 96' lang='lat' dir='ltr'><strong>I</strong></span> <span class='ocrx_word' id='word_1_215' title='bbox 663 1938 683 1968; x_wconf 92' lang='grc'><strong>2</strong></span> <span class='ocrx_word' id='word_1_216' title='bbox 709 1946 788 1970; x_wconf 85' lang='lat' dir='ltr'>cum</span> <span class='ocrx_word' id='word_1_217' title='bbox 815 1936 950 1968; x_wconf 79' lang='lat' dir='ltr'>nostris</span> <span class='ocrx_word' id='word_1_218' title='bbox 976 1935 1115 1968; x_wconf 83' lang='lat' dir='ltr'>collata</span> <span class='ocrx_word' id='word_1_219' title='bbox 1139 1933 1188 1978; x_wconf 91' lang='lat' dir='ltr'>(p.</span> <span class='ocrx_word' id='word_1_220' title='bbox 1207 1936 1284 1975; x_wconf 85' lang='grc'>226,</span> <span class='ocrx_word' id='word_1_221' title='bbox 1301 1936 1323 1968; x_wconf 87' lang='grc'><strong>4</strong></span> <span class='ocrx_word' id='word_1_222' title='bbox 1347 1933 1510 1976; x_wconf 83' lang='lat' dir='ltr'>‘squalor</span> <span class='ocrx_word' id='word_1_223' title='bbox 1536 1934 1717 1966; x_wconf 85' lang='lat' dir='ltr'>feminini’</span> 
     </span>
     <span class='ocr_line' id='line_1_30' title="bbox 194 1979 1719 2023; baseline -0.001 -11"><span class='ocrx_word' id='word_1_224' title='bbox 194 1981 269 2023; x_wconf 87' lang='lat'>185,</span> <span class='ocrx_word' id='word_1_225' title='bbox 298 1982 339 2013; x_wconf 86' lang='grc'>16</span> <span class='ocrx_word' id='word_1_226' title='bbox 365 1984 610 2013; x_wconf 75' lang='lat' dir='ltr'><strong>‘nasteseant’</strong></span> <span class='ocrx_word' id='word_1_227' title='bbox 638 1982 719 2022; x_wconf 88' lang='grc'>168,</span> <span class='ocrx_word' id='word_1_228' title='bbox 748 1982 789 2014; x_wconf 87' lang='grc'>19</span> <span class='ocrx_word' id='word_1_229' title='bbox 815 1981 974 2013; x_wconf 81' lang='lat' dir='ltr'><strong>‘scabre’</strong></span> <span class='ocrx_word' id='word_1_230' title='bbox 1002 1981 1077 2021; x_wconf 81' lang='grc'>125,</span> <span class='ocrx_word' id='word_1_231' title='bbox 1103 1982 1145 2013; x_wconf 85' lang='grc'>32</span> <span class='ocrx_word' id='word_1_232' title='bbox 1171 1980 1361 2019; x_wconf 82' lang='lat' dir='ltr'>‘inluuies,</span> <span class='ocrx_word' id='word_1_233' title='bbox 1388 1979 1564 2020; x_wconf 79' lang='lat' dir='ltr'><strong>sordes’):</strong></span> <span class='ocrx_word' id='word_1_234' title='bbox 1591 1982 1719 2021; x_wconf 84' lang='lat' dir='ltr'><strong>‘ager</strong></span> 
     </span>
     <span class='ocr_line' id='line_1_31' title="bbox 192 2022 1719 2068; baseline -0.001 -11"><span class='ocrx_word' id='word_1_235' title='bbox 192 2025 591 2068; x_wconf 83' lang='lat' dir='ltr'><strong>derelinqueretur</strong></span> <span class='ocrx_word' id='word_1_236' title='bbox 632 2036 682 2058; x_wconf 83' lang='lat' dir='ltr'>ac</span> <span class='ocrx_word' id='word_1_237' title='bbox 723 2026 898 2068; x_wconf 81' lang='lat' dir='ltr'><strong>periret</strong></span> <span class='ocrx_word' id='word_1_238' title='bbox 938 2024 1105 2068; x_wconf 66' lang='lat' dir='ltr'><strong>Squalel</strong></span> <span class='ocrx_word' id='word_1_239' title='bbox 1145 2026 1415 2067; x_wconf 82' lang='lat' dir='ltr'><strong>scabreque,</strong></span> <span class='ocrx_word' id='word_1_240' title='bbox 1459 2022 1633 2057; x_wconf 75' lang='lat' dir='ltr'>inluuie</span> <span class='ocrx_word' id='word_1_241' title='bbox 1677 2027 1719 2056; x_wconf 80' lang='lat' dir='ltr'>et</span> 
     </span>
     <span class='ocr_line' id='line_1_32' title="bbox 190 2069 1718 2114; baseline -0.001 -12"><span class='ocrx_word' id='word_1_242' title='bbox 190 2069 498 2111; x_wconf 79' lang='lat' dir='ltr'>uastitlidine‚</span> <span class='ocrx_word' id='word_1_243' title='bbox 539 2082 689 2114; x_wconf 86' lang='lat' dir='ltr'>quorum</span> <span class='ocrx_word' id='word_1_244' title='bbox 726 2071 846 2113; x_wconf 84' lang='lat' dir='ltr'>priora</span> <span class='ocrx_word' id='word_1_245' title='bbox 876 2071 987 2113; x_wconf 82' lang='lat' dir='ltr'>paulo</span> <span class='ocrx_word' id='word_1_246' title='bbox 1020 2070 1175 2103; x_wconf 83' lang='lat' dir='ltr'><strong>fortasse</strong></span> <span class='ocrx_word' id='word_1_247' title='bbox 1211 2069 1410 2103; x_wconf 80' lang='lat' dir='ltr'>uiolentius</span> <span class='ocrx_word' id='word_1_248' title='bbox 1442 2069 1650 2102; x_wconf 81' lang='lat' dir='ltr'>Meinekius</span> <span class='ocrx_word' id='word_1_249' title='bbox 1680 2069 1718 2100; x_wconf 88' lang='lat' dir='ltr'>in</span> 
     </span>
     <span class='ocr_line' id='line_1_33' title="bbox 191 2113 1612 2158; baseline -0.001 -11"><span class='ocrx_word' id='word_1_250' title='bbox 191 2126 360 2149; x_wconf 87' lang='lat' dir='ltr'>numeros</span> <span class='ocrx_word' id='word_1_251' title='bbox 385 2117 507 2158; x_wconf 81' lang='lat' dir='ltr'>coegit</span> <span class='ocrx_word' id='word_1_252' title='bbox 533 2116 742 2149; x_wconf 87' lang='lat' dir='ltr'>scribendo:</span> <span class='ocrx_word' id='word_1_253' title='bbox 776 2115 885 2158; x_wconf 75' lang='lat' dir='ltr'><strong>ager</strong></span> <span class='ocrx_word' id='word_1_254' title='bbox 909 2114 1246 2158; x_wconf 75' lang='lat' dir='ltr'><strong>relinqueretur</strong></span> <span class='ocrx_word' id='word_1_255' title='bbox 1271 2119 1315 2147; x_wconf 82' lang='lat' dir='ltr'>et</span> <span class='ocrx_word' id='word_1_256' title='bbox 1338 2113 1612 2158; x_wconf 78' lang='lat' dir='ltr'><strong>perbiteret.</strong></span> 
     </span>
     <span class='ocr_line' id='line_1_34' title="bbox 190 2159 1714 2205; baseline -0.001 -13"><span class='ocrx_word' id='word_1_257' title='bbox 190 2161 225 2192; x_wconf 89' lang='lat'>11</span> <span class='ocrx_word' id='word_1_258' title='bbox 250 2162 463 2195; x_wconf 81' lang='lat' dir='ltr'>Priscianus</span> <span class='ocrx_word' id='word_1_259' title='bbox 487 2162 536 2195; x_wconf 95' lang='lat' dir='ltr'>IV</span> <span class='ocrx_word' id='word_1_260' title='bbox 563 2173 595 2205; x_wconf 88' lang='lat' dir='ltr'>p.</span> <span class='ocrx_word' id='word_1_261' title='bbox 623 2163 689 2194; x_wconf 85' lang='lat'>634</span> <span class='ocrx_word' id='word_1_262' title='bbox 716 2162 754 2195; x_wconf 90' lang='lat' dir='ltr'>P.</span> <span class='ocrx_word' id='word_1_263' title='bbox 781 2161 914 2202; x_wconf 78' lang='lat' dir='ltr'>‘scio,</span> <span class='ocrx_word' id='word_1_264' title='bbox 941 2161 1055 2193; x_wconf 81' lang='lat' dir='ltr'><strong>seius:</strong></span> <span class='ocrx_word' id='word_1_265' title='bbox 1083 2162 1137 2193; x_wconf 88' lang='lat' dir='ltr'>sic</span> <span class='ocrx_word' id='word_1_266' title='bbox 1161 2160 1338 2204; x_wconf 86' lang='lat' dir='ltr'>Apuleius</span> <span class='ocrx_word' id='word_1_267' title='bbox 1437 2163 1476 2192; x_wconf 88' lang='lat' dir='ltr'>et</span> <span class='ocrx_word' id='word_1_268' title='bbox 1501 2160 1541 2192; x_wconf 89' lang='grc' dir='ltr'>Ρ.</span> <span class='ocrx_word' id='word_1_269' title='bbox 1567 2160 1605 2191; x_wconf 86' lang='lat' dir='ltr'>in</span> <span class='ocrx_word' id='word_1_270' title='bbox 1624 2159 1714 2192; x_wconf 86' lang='lat' dir='ltr'><strong>Ten-</strong></span> 
     </span>
    </p>
   </div>
   <div class='ocr_carea' id='block_1_8' title="bbox 357 2242 475 2248">
    <p class='ocr_par' dir='ltr' id='par_1_12' title="bbox 357 2242 475 2248">
     <span class='ocr_line' id='line_1_35' title="bbox 357 2242 475 2248; baseline 0 0"><span class='ocrx_word' id='word_1_271' title='bbox 357 2242 475 2248; x_wconf 95' lang='lat' dir='ltr'> </span> 
     </span>
    </p>
   </div>
   <div class='ocr_carea' id='block_1_9' title="bbox 188 2293 1721 2907">
    <p class='ocr_par' dir='ltr' id='par_1_13' title="bbox 188 2293 1721 2907">
     <span class='ocr_line' id='line_1_36' title="bbox 191 2293 1721 2343; baseline -0.002 -13"><span class='ocrx_word' id='word_1_272' title='bbox 191 2305 391 2341; x_wconf 79' lang='lat' dir='ltr'><strong>supraser.</strong></span> <span class='ocrx_word' id='word_1_273' title='bbox 418 2294 652 2343; x_wconf 75' lang='lat' dir='ltr'>thyasianlem</span> <span class='ocrx_word' id='word_1_274' title='bbox 669 2294 819 2340; x_wconf 79' lang='lat' dir='ltr'>Iunius,</span> <span class='ocrx_word' id='word_1_275' title='bbox 841 2294 943 2339; x_wconf 81' lang='lat' dir='ltr'>quod</span> <span class='ocrx_word' id='word_1_276' title='bbox 961 2294 1057 2329; x_wconf 83' lang='lat' dir='ltr'>mira</span> <span class='ocrx_word' id='word_1_277' title='bbox 1079 2293 1245 2340; x_wconf 79' lang='lat' dir='ltr'>quadam</span> <span class='ocrx_word' id='word_1_278' title='bbox 1262 2293 1593 2340; x_wconf 62' lang='lat' dir='ltr'>argumentatione</span> <span class='ocrx_word' id='word_1_279' title='bbox 1616 2293 1721 2327; x_wconf 85' lang='lat' dir='ltr'>lueri</span> 
     </span>
     <span class='ocr_line' id='line_1_37' title="bbox 191 2348 1717 2397; baseline -0.003 -10"><span class='ocrx_word' id='word_1_280' title='bbox 191 2352 315 2387; x_wconf 81' lang='lat' dir='ltr'>studet</span> <span class='ocrx_word' id='word_1_281' title='bbox 336 2351 556 2388; x_wconf 86' lang='lat' dir='ltr'><strong>L.Mueller</strong></span> <span class='ocrx_word' id='word_1_282' title='bbox 576 2361 671 2386; x_wconf 82' lang='lat' dir='ltr'><strong>mus.</strong></span> <span class='ocrx_word' id='word_1_283' title='bbox 694 2350 818 2387; x_wconf 76' lang='lat' dir='ltr'><strong>Rhen.</strong></span> <span class='ocrx_word' id='word_1_284' title='bbox 841 2349 943 2386; x_wconf 87' lang='lat' dir='ltr'>XXI</span> <span class='ocrx_word' id='word_1_285' title='bbox 955 2348 1080 2386; x_wconf 82' lang='lat' dir='ltr'>V240</span> <span class='ocrx_word' id='word_1_286' title='bbox 1100 2349 1324 2397; x_wconf 79' lang='lat' dir='ltr'><strong>thyasantem</strong></span> <span class='ocrx_word' id='word_1_287' title='bbox 1347 2348 1569 2384; x_wconf 81' lang='lat' dir='ltr'>Scriuerius</span> <span class='ocrx_word' id='word_1_288' title='bbox 1589 2352 1717 2384; x_wconf 82' lang='lat' dir='ltr'>cuncta</span> 
     </span>
     <span class='ocr_line' id='line_1_38' title="bbox 191 2403 1720 2444; baseline -0.003 -1"><span class='ocrx_word' id='word_1_289' title='bbox 191 2408 405 2443; x_wconf 73' lang='lat' dir='ltr'><strong>excitantem</strong></span> <span class='ocrx_word' id='word_1_290' title='bbox 428 2408 589 2444; x_wconf 76' lang='lat' dir='ltr'>Botleius</span> <span class='ocrx_word' id='word_1_291' title='bbox 611 2407 634 2442; x_wconf 89' lang='grc'><strong>2</strong></span> <span class='ocrx_word' id='word_1_292' title='bbox 714 2406 859 2442; x_wconf 73' lang='lat' dir='ltr'>fremitu</span> <span class='ocrx_word' id='word_1_293' title='bbox 879 2406 1016 2443; x_wconf 83' lang='lat' dir='ltr'>Iunius</span> <span class='ocrx_word' id='word_1_294' title='bbox 1037 2406 1178 2442; x_wconf 75' lang='lat' dir='ltr'><strong>fremita</strong></span> <span class='ocrx_word' id='word_1_295' title='bbox 1196 2406 1287 2442; x_wconf 85' lang='lat' dir='ltr'>libri</span> <span class='ocrx_word' id='word_1_296' title='bbox 1366 2404 1448 2441; x_wconf 88' lang='lat'>312</span> <span class='ocrx_word' id='word_1_297' title='bbox 1470 2403 1610 2440; x_wconf 89' lang='lat' dir='ltr'>concidi</span> <span class='ocrx_word' id='word_1_298' title='bbox 1629 2404 1720 2440; x_wconf 79' lang='lat' dir='ltr'>libri</span> 
     </span>
     <span class='ocr_line' id='line_1_39' title="bbox 190 2460 1715 2511; baseline -0.002 -12"><span class='ocrx_word' id='word_1_299' title='bbox 190 2464 338 2500; x_wconf 86' lang='lat' dir='ltr'>concine</span> <span class='ocrx_word' id='word_1_300' title='bbox 367 2464 584 2501; x_wconf 75' lang='lat' dir='ltr'><strong>Palmertus</strong></span> <span class='ocrx_word' id='word_1_301' title='bbox 614 2463 792 2511; x_wconf 73' lang='lat' dir='ltr'><strong>Spieiley.</strong></span> <span class='ocrx_word' id='word_1_302' title='bbox 824 2475 886 2510; x_wconf 79' lang='lat' dir='ltr'>ap.</span> <span class='ocrx_word' id='word_1_303' title='bbox 919 2463 1028 2499; x_wconf 85' lang='lat' dir='ltr'>Grut.</span> <span class='ocrx_word' id='word_1_304' title='bbox 1058 2463 1123 2500; x_wconf 87' lang='lat' dir='ltr'>IV</span> <span class='ocrx_word' id='word_1_305' title='bbox 1149 2462 1229 2499; x_wconf 83' lang='lat'>778</span> <span class='ocrx_word' id='word_1_306' title='bbox 1267 2461 1433 2498; x_wconf 83' lang='lat' dir='ltr'>concinui</span> <span class='ocrx_word' id='word_1_307' title='bbox 1465 2461 1505 2497; x_wconf 90' lang='lat' dir='ltr'>L.</span> <span class='ocrx_word' id='word_1_308' title='bbox 1536 2460 1715 2506; x_wconf 84' lang='lat' dir='ltr'>Mueller,</span> 
     </span>
     <span class='ocr_line' id='line_1_40' title="bbox 190 2515 1715 2568; baseline -0.003 -11"><span class='ocrx_word' id='word_1_309' title='bbox 190 2522 338 2557; x_wconf 77' lang='lat' dir='ltr'>scilicet</span> <span class='ocrx_word' id='word_1_310' title='bbox 357 2525 398 2557; x_wconf 85' lang='lat' dir='ltr'>ut</span> <span class='ocrx_word' id='word_1_311' title='bbox 418 2523 614 2557; x_wconf 76' lang='lat' dir='ltr'>senarium</span> <span class='ocrx_word' id='word_1_312' title='bbox 637 2522 805 2557; x_wconf 83' lang='lat' dir='ltr'><strong>eliceret.</strong></span> <span class='ocrx_word' id='word_1_313' title='bbox 873 2519 953 2556; x_wconf 85' lang='lat'>313</span> <span class='ocrx_word' id='word_1_314' title='bbox 975 2519 1208 2568; x_wconf 83' lang='lat' dir='ltr'>poenitudine</span> <span class='ocrx_word' id='word_1_315' title='bbox 1229 2518 1320 2556; x_wconf 84' lang='lat' dir='ltr'>libri</span> <span class='ocrx_word' id='word_1_316' title='bbox 1335 2529 1374 2564; x_wconf 83' lang='lat' dir='ltr'>p.</span> <span class='ocrx_word' id='word_1_317' title='bbox 1396 2517 1491 2554; x_wconf 86' lang='grc'>169.</span> <span class='ocrx_word' id='word_1_318' title='bbox 1518 2517 1610 2553; x_wconf 88' lang='lat'>185.</span> <span class='ocrx_word' id='word_1_319' title='bbox 1635 2515 1715 2552; x_wconf 81' lang='grc'>243</span> 
     </span>
     <span class='ocr_line' id='line_1_41' title="bbox 190 2571 1716 2625; baseline -0.003 -12"><span class='ocrx_word' id='word_1_320' title='bbox 190 2576 412 2625; x_wconf 79' lang='lat' dir='ltr'>penitudinis</span> <span class='ocrx_word' id='word_1_321' title='bbox 434 2578 568 2614; x_wconf 79' lang='lat' dir='ltr'>Bamb.</span> <span class='ocrx_word' id='word_1_322' title='bbox 583 2589 627 2623; x_wconf 81' lang='lat' dir='ltr'>p.</span> <span class='ocrx_word' id='word_1_323' title='bbox 657 2575 735 2613; x_wconf 85' lang='lat'>152</span> <span class='ocrx_word' id='word_1_324' title='bbox 758 2576 983 2624; x_wconf 77' lang='lat' dir='ltr'>poenitudini</span> <span class='ocrx_word' id='word_1_325' title='bbox 1005 2578 1127 2612; x_wconf 84' lang='lat' dir='ltr'><strong>celeri</strong></span> <span class='ocrx_word' id='word_1_326' title='bbox 1144 2576 1236 2612; x_wconf 86' lang='lat' dir='ltr'>libri</span> <span class='ocrx_word' id='word_1_327' title='bbox 1255 2586 1296 2622; x_wconf 83' lang='lat' dir='ltr'>p.</span> <span class='ocrx_word' id='word_1_328' title='bbox 1322 2573 1400 2611; x_wconf 88' lang='grc'>152</span> <span class='ocrx_word' id='word_1_329' title='bbox 1489 2571 1569 2610; x_wconf 90' lang='grc'>314</span> <span class='ocrx_word' id='word_1_330' title='bbox 1591 2572 1716 2621; x_wconf 82' lang='lat' dir='ltr'>squalc</span> 
     </span>
     <span class='ocr_line' id='line_1_42' title="bbox 190 2629 1717 2682; baseline -0.002 -14"><span class='ocrx_word' id='word_1_331' title='bbox 190 2645 418 2682; x_wconf 80' lang='lat' dir='ltr'>squaprcqne</span> <span class='ocrx_word' id='word_1_332' title='bbox 446 2635 503 2671; x_wconf 87' lang='lat' dir='ltr'>ed.</span> <span class='ocrx_word' id='word_1_333' title='bbox 528 2634 644 2670; x_wconf 82' lang='lat' dir='ltr'>Nonii</span> <span class='ocrx_word' id='word_1_334' title='bbox 661 2646 699 2670; x_wconf 85' lang='grc' dir='ltr'>α.</span> <span class='ocrx_word' id='word_1_335' title='bbox 731 2632 856 2669; x_wconf 82' lang='lat'>1526:</span> <span class='ocrx_word' id='word_1_336' title='bbox 888 2632 942 2680; x_wconf 83' lang='lat' dir='ltr'>ef.</span> <span class='ocrx_word' id='word_1_337' title='bbox 978 2633 1116 2670; x_wconf 85' lang='lat' dir='ltr'>Varro.</span> <span class='ocrx_word' id='word_1_338' title='bbox 1150 2631 1293 2681; x_wconf 84' lang='lat' dir='ltr'><strong>squales</strong></span> <span class='ocrx_word' id='word_1_339' title='bbox 1323 2629 1539 2677; x_wconf 77' lang='lat' dir='ltr'><strong>scabresque</strong></span> <span class='ocrx_word' id='word_1_340' title='bbox 1570 2629 1717 2666; x_wconf 83' lang='lat' dir='ltr'>Nonius</span> 
     </span>
     <span class='ocr_line' id='line_1_43' title="bbox 188 2685 1715 2738; baseline -0.003 -12"><span class='ocrx_word' id='word_1_341' title='bbox 188 2702 229 2736; x_wconf 84' lang='lat' dir='ltr'>p.</span> <span class='ocrx_word' id='word_1_342' title='bbox 258 2689 338 2727; x_wconf 89' lang='grc'>243</span> <span class='ocrx_word' id='word_1_343' title='bbox 369 2690 512 2738; x_wconf 79' lang='lat' dir='ltr'><strong>squales</strong></span> <span class='ocrx_word' id='word_1_344' title='bbox 543 2689 779 2737; x_wconf 82' lang='lat' dir='ltr'><strong>scabresquae</strong></span> <span class='ocrx_word' id='word_1_345' title='bbox 810 2690 908 2726; x_wconf 83' lang='lat' dir='ltr'><strong>idem</strong></span> <span class='ocrx_word' id='word_1_346' title='bbox 932 2701 976 2736; x_wconf 84' lang='lat' dir='ltr'>p.</span> <span class='ocrx_word' id='word_1_347' title='bbox 1003 2688 1082 2726; x_wconf 90' lang='lat'>185</span> <span class='ocrx_word' id='word_1_348' title='bbox 1111 2700 1167 2737; x_wconf 85' lang='lat' dir='ltr'>sq.</span> <span class='ocrx_word' id='word_1_349' title='bbox 1199 2687 1414 2735; x_wconf 77' lang='lat' dir='ltr'><strong>scahresqua</strong></span> <span class='ocrx_word' id='word_1_350' title='bbox 1443 2687 1540 2723; x_wconf 86' lang='lat' dir='ltr'><strong>idem</strong></span> <span class='ocrx_word' id='word_1_351' title='bbox 1568 2697 1607 2732; x_wconf 83' lang='lat' dir='ltr'>p.</span> <span class='ocrx_word' id='word_1_352' title='bbox 1637 2685 1715 2723; x_wconf 87' lang='grc'>169</span> 
     </span>
     <span class='ocr_line' id='line_1_44' title="bbox 190 2741 1715 2795; baseline -0.003 -13"><span class='ocrx_word' id='word_1_353' title='bbox 190 2746 314 2794; x_wconf 81' lang='lat' dir='ltr'><strong>squale</strong></span> <span class='ocrx_word' id='word_1_354' title='bbox 334 2747 564 2795; x_wconf 79' lang='lat' dir='ltr'><strong>scauerisque</strong></span> <span class='ocrx_word' id='word_1_355' title='bbox 584 2746 673 2783; x_wconf 80' lang='lat' dir='ltr'>libri</span> <span class='ocrx_word' id='word_1_356' title='bbox 687 2748 865 2793; x_wconf 77' lang='lat' dir='ltr'><strong>plerique</strong></span> <span class='ocrx_word' id='word_1_357' title='bbox 882 2758 922 2793; x_wconf 79' lang='lat' dir='ltr'>p.</span> <span class='ocrx_word' id='word_1_358' title='bbox 944 2744 1023 2782; x_wconf 82' lang='lat'>152</span> <span class='ocrx_word' id='word_1_359' title='bbox 1047 2743 1403 2793; x_wconf 82' lang='lat' dir='ltr'>qualescancrisquac</span> <span class='ocrx_word' id='word_1_360' title='bbox 1422 2743 1555 2779; x_wconf 84' lang='lat' dir='ltr'>Bamb.</span> <span class='ocrx_word' id='word_1_361' title='bbox 1574 2754 1615 2789; x_wconf 81' lang='lat' dir='ltr'>p.</span> <span class='ocrx_word' id='word_1_362' title='bbox 1636 2741 1715 2778; x_wconf 87' lang='lat'>152</span> 
     </span>
     <span class='ocr_line' id='line_1_45' title="bbox 191 2798 1716 2851; baseline -0.003 -13"><span class='ocrx_word' id='word_1_363' title='bbox 191 2802 314 2850; x_wconf 80' lang='lat' dir='ltr'><strong>quales</strong></span> <span class='ocrx_word' id='word_1_364' title='bbox 336 2802 478 2839; x_wconf 83' lang='lat' dir='ltr'><strong>scabres</strong></span> <span class='ocrx_word' id='word_1_365' title='bbox 500 2802 598 2851; x_wconf 88' lang='lat' dir='ltr'>quod</span> <span class='ocrx_word' id='word_1_366' title='bbox 618 2804 758 2840; x_wconf 83' lang='lat' dir='ltr'><strong>Festus</strong></span> <span class='ocrx_word' id='word_1_367' title='bbox 835 2803 934 2838; x_wconf 86' lang='lat' dir='ltr'>Num</span> <span class='ocrx_word' id='word_1_368' title='bbox 954 2801 1093 2838; x_wconf 82' lang='lat' dir='ltr'>incultu</span> <span class='ocrx_word' id='word_1_369' title='bbox 1114 2813 1154 2837; x_wconf 84' lang='lat' dir='ltr'>ac</span> <span class='ocrx_word' id='word_1_370' title='bbox 1178 2799 1419 2837; x_wconf 72' lang='lat' dir='ltr'>uastitudine?</span> <span class='ocrx_word' id='word_1_371' title='bbox 1445 2811 1496 2835; x_wconf 86' lang='lat' dir='ltr'>an</span> <span class='ocrx_word' id='word_1_372' title='bbox 1522 2798 1657 2835; x_wconf 88' lang='lat' dir='ltr'>inluuie</span> <span class='ocrx_word' id='word_1_373' title='bbox 1677 2809 1716 2834; x_wconf 81' lang='lat' dir='ltr'>ac</span> 
     </span>
     <span class='ocr_line' id='line_1_46' title="bbox 193 2855 1719 2907; baseline -0.001 -14"><span class='ocrx_word' id='word_1_374' title='bbox 193 2859 437 2895; x_wconf 67' lang='lat' dir='ltr'>uastitudine?</span> <span class='ocrx_word' id='word_1_375' title='bbox 525 2858 606 2896; x_wconf 87' lang='lat'>315</span> <span class='ocrx_word' id='word_1_376' title='bbox 637 2859 782 2895; x_wconf 73' lang='lat' dir='ltr'><strong>desesus</strong></span> <span class='ocrx_word' id='word_1_377' title='bbox 807 2858 922 2907; x_wconf 71' lang='lat' dir='ltr'><em>Scmq.</em></span> <span class='ocrx_word' id='word_1_378' title='bbox 955 2858 1118 2894; x_wconf 75' lang='lat' dir='ltr'><strong>diffessus</strong></span> <span class='ocrx_word' id='word_1_379' title='bbox 1142 2857 1261 2894; x_wconf 82' lang='lat' dir='ltr'><strong>Bern-</strong></span> <span class='ocrx_word' id='word_1_380' title='bbox 1340 2855 1598 2904; x_wconf 78' lang='lat' dir='ltr'>perrogitando</span> <span class='ocrx_word' id='word_1_381' title='bbox 1627 2856 1719 2892; x_wconf 85' lang='lat' dir='ltr'>libri</span> 
     </span>
    </p>
   </div>
  </div>
 </body>
</html>
