1942 3204
784 217 828 258 Q.
857 215 1034 250 Evas
1617 213 1668 255 21

247 323 454 382 Virgines
474 323 665 380 aequtilis
686 337 854 377 uereor,
887 322 1021 378 pa'ttris
1055 321 1137 364 mei
1165 336 1307 363 meum
1327 320 1490 363 factum
1524 320 1670 377 pudet,

157 403 216 448 45
247 402 438 460 'Optumi
469 400 565 444 uiri.
628 415 722 443 mea
755 403 903 454 mater,
935 398 1003 442 tus
1032 414 1099 442 me
1133 399 1323 453 miseret,
1356 396 1443 458 mes
1474 398 1608 454 piget:

246 480 493 538 'Optumam
536 479 787 536 progeniem
826 478 997 521 Priamo
1043 476 1247 533 peperisti
1293 466 1543 518 extra-”met
1588 476 1669 518 11όο

986 555 1120 599 dolet:

244 636 346 680 Men
379 637 547 691 obesse,
577 635 674 678 illos
706 634 926 691 prodesse,
958 648 1024 676 me
1058 633 1248 687 6bstare,
1280 632 1376 674 illos
1409 632 1605 687 obsequi!

773 712 797 737 *
1003 711 1027 736 'lt

889 741 912 767 ,κ
947 749 950 752 .

245 791 411 847 Adest,
443 791 565 834 adest
594 790 667 833 fax
699 790 908 833 6buoluta
939 789 1151 846 sanguine
1184 791 1312 844 atque
1344 787 1565 830 incendio!

246 870 408 913 Multos
440 884 578 911 annos
609 868 755 911 latuit:
787 867 920 922 ciues,
951 867 1060 910 ferte
1094 882 1220 923 opem
1253 870 1296 909 et
1327 864 1606 922 restinguite!

155 949 213 989 50
244 947 420 1003 Iamque
452 947 560 989 mari
591 946 751 1003 magno
784 945 932 988 elassis
966 945 1050 988 cita

250 1024 444 1068 Texitur:
477 1025 654 1067 exitium
686 1025 866 1066 examen
897 1023 1028 1079 rapit:

243 1102 467 1159 'Aduenit,
498 1105 542 1145 et
571 1102 664 1144 fera
695 1101 1034 1144 ueliuolantibus

244 1180 442 1225 Naeiuibus
475 1178 711 1240 compleuit
743 1194 897 1222 manus
930 1178 1070 1221 litora.

125 1337 302 1380 loquitur:
334 1333 512 1379 [50—53]
538 1335 766 1378 Tragoedias
791 1334 892 1378 loqui
917 1333 1048 1367 uideor
1074 1338 1111 1366 et
1136 1331 1314 1366 fabulas.’
1356 1331 1458 1365 Idem
1484 1332 1587 1364 Orat.
1613 1332 1668 1369 46,

128 1384 191 1417 155
222 1382 370 1425 ‘itaque
402 1380 500 1414 idem
531 1384 659 1424 poeta,
694 1381 757 1424 qui
787 1380 1003 1414 inusitatius
1035 1381 1276 1413 contraxerat
1309 1378 1459 1421 patris
1492 1388 1538 1412 m.
1566 1389 1611 1411 m.
1642 1378 1667 1411 f.

127 1428 262 1472 pudet
286 1438 368 1471 pro:
404 1437 565 1460 meorum
590 1427 791 1467 factorum,
824 1430 864 1460 et
890 1424 963 1469 [51]
989 1436 1071 1469 pro:
1109 1424 1324 1465 exitiorum,
1356 1434 1428 1456 non
1460 1422 1552 1456 dicit
1576 1422 1669 1455 libe-

125 1484 201 1508 rum
225 1498 256 1507 ..
271 1498 279 1506 .
302 1473 350 1506 At
374 1472 436 1506 ille
461 1473 558 1506 alter
583 1472 620 1505 in
647 1472 788 1516 Chryse
813 1497 820 1504 .
836 1497 843 1504 .
860 1497 867 1504 .
891 1471 1002 1514 Atqui
1028 1471 1122 1504 dixit
1138 1471 1262 1503 Attius
1286 1494 1294 1502 .
1309 1494 1316 1502 .
1332 1471 1360 1503 .’
1396 1468 1495 1502 Idem
1523 1469 1568 1501 de
1594 1468 1667 1501 diu.

124 1519 162 1554 11
185 1521 247 1562 55,
275 1520 339 1552 112
370 1521 435 1551 ‘at
466 1518 572 1551 multi
603 1528 717 1561 saepe
750 1528 838 1551 uera
863 1517 1079 1558 uaticinati,
1112 1518 1152 1550 ut
1175 1514 1455 1550 Cassandra:
1490 1514 1669 1556 iamque

125 1565 235 1599 mari
265 1574 434 1608 magno.
483 1563 698 1607 Eademque
729 1563 838 1607 paulo
870 1565 970 1606 post:
1005 1561 1117 1595 eheu
1148 1561 1333 1594 uidete.’
1381 1559 1481 1593 Idem
1513 1559 1559 1592 ad
1592 1560 1670 1594 Att.

125 1610 214 1644 VIII
242 1611 302 1650 11,
328 1611 349 1643 3
374 1607 644 1652 ’προθεσπίζω
666 1609 781 1652 igitur
804 1633 834 1642 ..
850 1634 857 1642 .
882 1619 955 1642 non
980 1607 1143 1641 ariolans
1171 1610 1213 1640 ut
1242 1606 1325 1647 illa,
1359 1606 1418 1639 eui
1451 1616 1558 1638 nemo
1589 1615 1667 1638 ere-

126 1656 238 1698 didit,
271 1654 337 1688 sed
367 1655 579 1688 coniectura
611 1654 856 1697 prospiciens:
889 1654 1064 1696 iamque
1095 1652 1204 1686 mari
1235 1662 1410 1695 magno,
1442 1661 1515 1684 non
1541 1651 1668 1690 multo,

125 1703 294 1745 inquam,
321 1710 429 1733 secus
453 1709 600 1743 possum
624 1700 843 1741 uaticinari3
869 1702 978 1732 tanta
1003 1699 1179 1732 malorum
1197 1697 1387 1740 impendet
1409 1690 1551 1736 Ἰλιάς.’
1576 1696 1669 1729 Non.

127 1749 209 1788 11⁶2,
234 1748 279 1780 25
303 1746 429 1779 ‘faxs
454 1745 638 1788 pro-face.
677 1746 817 1778 Varro
840 1770 849 1779 .
869 1770 876 1778 .
897 1770 906 1778 .
928 1745 1027 1778 idem
1053 1743 1250 1787 sexagesi:
1284 1743 1414 1775 adest
1440 1742 1515 1775 fax
1539 1743 1669 1775 inno·

125 1793 222 1827 luta
251 1791 492 1827 incendio!
533 1791 582 1825 ef.
612 1789 708 1824 idem
734 1792 818 1833 328,
844 1792 899 1823 22.
948 1790 1001 1822 Ex
1033 1789 1227 1833 tragoedia
1260 1788 1462 1821 Varronem
1492 1798 1561 1821 sua
1592 1798 1668 1820 mu-

126 1841 270 1873 tuatum
296 1847 378 1870 esse
403 1836 589 1870 intellexit
613 1836 780 1880 Langius
804 1835 913 1872 Vind.
939 1847 974 1879 p.
998 1836 1042 1868 48

125 2019 206 2045 nam
236 2017 293 2043 me
325 2006 492 2044 Nobbius
522 2015 652 2054 meque
684 2005 841 2042 Grotius
871 2005 979 2052 apud
1008 2004 1276 2041 Burmannum
1307 2004 1344 2039 in
1366 2002 1486 2050 Prop.
1507 2002 1576 2039 ΙΙΙ
1602 2002 1668 2048 11,

126 2064 178 2103 63
257 2063 346 2100 sciet
368 2063 405 2099 B
424 2075 472 2100 m.
498 2063 519 2099 1
609 2061 664 2098 44
697 2062 857 2112 uirgines
879 2060 1038 2110 aequalis
1060 2071 1192 2098 uereor
1224 2061 1368 2107 scripsi
1397 2059 1557 2108 uirgines
1580 2070 1668 2095 uero

124 2120 283 2171 aequalis
297 2120 388 2158 libri
409 2118 570 2168 uirg'nes
593 2130 680 2156 uero
698 2117 865 2168 aequales
877 2119 920 2156 G.
933 2119 1186 2156 Hermannus
1207 2117 1371 2166 uirgines
1392 2116 1560 2164 aequales
1573 2116 1666 2153 Gro-

126 2181 200 2216 tius
257 2171 376 2214 fatum
396 2177 448 2224 H,
473 2176 628 2214 Grotius
688 2176 849 2225 uirgines
884 2186 1013 2213 uereor
1043 2174 1224 2224 aequalis,
1255 2174 1372 2223 patris
1393 2184 1512 2210 meum
1534 2172 1668 2210 sactum

123 2234 238 2285 pudet
266 2234 424 2281 Maehly
455 2245 548 2271 ann.
576 2234 725 2282 philon.
764 2232 870 2271 1857
899 2245 940 2281 p.
974 2232 1055 2270 286
1172 2230 1226 2269 45
1259 2231 1387 2280 optimi
1418 2231 1461 2268 H
1537 2231 1668 2266 misere

125 2292 168 2330 H
251 2297 366 2340 puget
396 2291 428 2328 Α
458 2302 507 2328 m.
533 2290 553 2326 1
643 2289 698 2328 46
729 2290 902 2339 optimam
932 2290 975 2327 II
1059 2289 1355 2326 Adlitteratione
1386 2287 1535 2324 Peramo
1569 2299 1668 2323 com-

126 2349 351 2386 mendatur.-
393 2347 446 2395 cf.
479 2347 715 2385 Ritschelius
745 2357 878 2395 opusc.
911 2345 956 2384 11
984 2345 1066 2384 497
1175 2345 1349 2394 peperisti
1381 2346 1465 2381 eod.
1499 2344 1668 2381 Eliensis

125 2405 292 2455 reperisti
323 2404 366 2441 H
393 2404 586 2453 repperisti
617 2403 688 2441 ΑΒ
701 2404 732 2442 V
825 2414 882 2441 me
912 2415 982 2441 om.
1015 2404 1058 2440 H
1170 2402 1223 2439 47
1256 2413 1338 2438 men
1368 2402 1445 2438 AV
1474 2412 1559 2438 1110*
1593 2400 1669 2436 ΒΗ

126 2473 182 2499 1110
211 2464 333 2499 ceteri
359 2462 450 2499 libri
478 2460 560 2498 med
589 2461 800 2499 Lambinus
829 2463 869 2498 in
899 2473 971 2509 my.
1004 2461 1062 2497 ed.
1095 2459 1203 2498 1584
1292 2459 1442 2495 Nouam
1473 2459 1668 2506 quandam

124 2521 171 2556 de
202 2530 282 2556 men
313 2519 544 2556 accusativo
573 2519 791 2556 doctrinam
821 2519 1044 2566 nuperrime
1071 2518 1234 2564 protulit
1266 2515 1465 2563 Bequitts
1496 2517 1533 2551 in
1566 2526 1664 2561 sym-

126 2578 213 2614 bola
244 2575 271 2612 I
295 2577 348 2613 ad
372 2586 534 2624 yramm.
565 2575 650 2612 Lat.
676 2587 720 2623 p.
753 2574 806 2613 53
895 2574 1160 2612 Personarum
1191 2574 1287 2621 st'yla
1318 2584 1389 2608 om.
1420 2572 1511 2608 libri
1540 2573 1670 2618 optimi

239 2631 293 2669 48
325 2631 427 2668 adest
455 2642 474 2668 a
505 2631 560 2668 sax
593 2631 637 2668 Η
718 2631 881 2669 inuoluta
923 2631 1048 2669 Varro
1171 2630 1223 2667 49
1265 2629 1398 2666 referte
1438 2627 1557 2665 AHV

126 2713 182 2750 50
210 2692 342 2764 claifisis
375 2711 405 2749 V
431 2710 537 2748 clasis
557 2711 590 2748 Α
677 2710 731 2750 52
763 2710 931 2748 adueniet
962 2711 1036 2748 sera
1067 2710 1184 2747 ΑΒΗ
1209 2710 1288 2746 Erl.
1321 2707 1468 2744 aduenit
1499 2712 1533 2742 et
1568 2706 1668 2742 s.V.‘

130 2769 328 2807 Orellianu
360 2767 506 2805 aduenit
536 2767 653 2805 ecfera
694 2769 954 2816 Wakefieldus
1098 2767 1150 2804 53
1182 2761 1353 2814 nauibus]
1388 2762 1550 2800 manibus
1581 2763 1664 2799 ErI.

210 2825 408 2874 compleuit
438 2825 523 2862 Erl.
545 2825 661 2862 ΑΒΗ
671 2825 703 2862 V
729 2824 924 2874 complebit
953 2827 1043 2863 libre·
1067 2826 1158 2861 dell.
1219 2823 1371 2858 Futura
1401 2821 1665 2868 praepter-ue-

128 2889 219 2921 runt
246 2887 334 2931 post
364 2882 575 2931 Berylcium
614 2883 760 2931 epham.
793 2883 964 2922 Darmst.
998 2881 1107 2919 1834
1138 2893 1177 2928 p.
1215 2878 1320 2917 1008
1365 2878 1534 2915 Vahleno
1573 2889 1664 2926 quu-

128 2950 221 2989 que:
252 2951 327 2978 non
359 2939 454 2977 nihil
486 2941 802 2978 commendantur
831 2951 868 2977 u.
903 2939 956 2975 55
989 2945 1025 2976 ec
1057 2938 1122 2974 60.
