1942 3204
226 147 281 188 32
867 149 909 189 Q.
936 148 1115 182 ENvas

915 253 960 295 II
1013 253 1039 295 3

231 330 313 371 130
345 329 533 385 Leipideo
568 333 668 372 sunt
700 330 825 372 eorde
857 251 1010 385 multi}
1033 251 1138 385 gnos
1170 345 1260 371 11011
1290 330 1462 372 miseret
1493 331 1687 373 neminis.

954 407 1020 449 III

1077 500 1196 526 arma
1228 484 1440 540 arrigunt:

347 555 615 599 Horrescunt
645 557 743 598 tela.

817 631 1164 676 EVMENIDES

933 710 955 752 I
988 708 1054 767 (2)

234 788 316 830 132
350 786 447 845 [Ita]
484 789 632 843 szipere
667 788 796 844 opino
830 803 920 830 esse
953 789 1194 843 optumum,
1225 789 1273 828 ut
1304 774 1382 842 pro
1415 785 1578 828 uiribus

347 865 599 923 Tacere‘ac-
617 866 803 908 fabulari
834 868 926 907 tute
959 865 1141 907 noueris.

556 997 561 1002 ,
918 942 961 983 11
995 940 1060 998 (4)

347 1019 445 1062 Nisi
476 1023 643 1075 patrem
675 1021 869 1062 materno
904 1006 1113 1074 sanguine
1146 1019 1408 1061 exanclando
1442 1017 1701 1060 ulciscerem.

908 1096 974 1138 III
1007 1094 1073 1152 (3)

233 1175 315 1216 135
347 1174 395 1216 Id
428 1189 507 1230 ego
541 1175 689 1217 ί«18011111
720 1175 871 1215 fecisse
904 1173 1110 1228 expedibo
1143 1176 1270 1228 atque
1303 1174 1488 1228 eloquar.

919 1249 982 1293 I‘V
1003 1248 1070 1307 (5)

346 1329 452 1372 Dico
486 1329 638 1372 uicisse
672 1328 883 1370 Orestem:
915 1343 994 1370 uos
1025 1328 1240 1370 facessite!

318 1460 355 1492 11
378 1461 514 1493 Festus
539 1471 572 1503 p.
599 1461 663 1492 162
687 1460 736 1494 M.
761 1459 975 1492 ‘neminis
1000 1476 1043 1482 -
1067 1477 1111 1482 -
1139 1455 1312 1501 [Ennius]
1347 1456 1609 1490 Erectheo':
1642 1457 1753 1498 (teste

231 1506 276 1539 H.
304 1505 426 1539 Keilio
451 1506 543 1538 Mus.
570 1504 684 1539 Rhen.
710 1504 780 1538 VII
805 1515 839 1547 p.
865 1506 929 1537 621
955 1503 1212 1536 Erechtheo
1244 1502 1368 1545 uulgo)
1396 1502 1582 1545 ‘lapideo'
1611 1513 1640 1535 e.
1666 1513 1699 1544 q.
1727 1513 1753 1535 s,

230 1550 367 1583 Paulus
391 1561 426 1593 p.
454 1551 518 1584 163
542 1549 591 1582 Μ.
624 1550 838 1583 ‘neminis
865 1550 1038 1592 genetiuo
1064 1559 1152 1582 casu
1177 1547 1287 1581 Cato
1311 1558 1400 1580 usus
1427 1552 1500 1590 est,
1535 1558 1612 1580 cum
1645 1547 1753 1580 dixit:

228 1599 314 1628 sunt
339 1596 443 1629 multi
469 1595 600 1629 corde'
626 1606 657 1628 e.
686 1606 718 1637 q.
747 1605 774 1631 s.
874 1595 929 1628 111
953 1595 1159 1627 Macrobius
1187 1594 1333 1627 Saturn.
1361 1593 1409 1625 VI
1432 1595 1471 1634 4,
1497 1594 1517 1624 6
1551 1596 1649 1625 ‘tum
1683 1591 1755 1625 fer-

228 1651 313 1674 reus
337 1641 453 1674 hastis
472 1641 607 1674 Horret
632 1651 732 1684 ager.
758 1641 910 1674 horret
937 1640 1025 1672 mire
1052 1650 1092 1672 se
1116 1639 1246 1679 habet;
1273 1639 1337 1671 sed
1362 1642 1399 1671 et
1417 1639 1557 1671 Ennius
1581 1663 1588 1671 .
1604 1664 1609 1670 .
1625 1663 1634 1671 .
1658 1641 1694 1669 et
1719 1638 1755 1669 in

229 1686 437 1729 Erechtheo
461 1689 536 1719 ...²
564 1688 764 1727 (erecteo
789 1684 887 1727 Par.)
958 1684 1055 1717 Addi
1085 1687 1238 1727 possunt
1268 1694 1312 1717 ex
1345 1684 1413 1716 inc.
1449 1694 1543 1716 nom.
1567 1683 1613 1715 fr.
1639 1682 1753 1715 XVII.

227 1732 304 1767 XL.
329 1732 445 1765 XLII.
472 1731 614 1772 XLIII,
642 1742 684 1764 ex
709 1732 780 1764 inc.
807 1731 875 1766 inc.
903 1731 977 1763 fab.
1003 1730 1135 1763 XXVI.

322 1777 548 1818 Evnpmmss
573 1777 591 1809 Ι
614 1776 707 1811 Non.
733 1777 816 1817 475,
845 1779 861 1808 1
888 1776 1042 1818 ‘opino
1068 1785 1133 1818 pro
1158 1775 1286 1818 opinor
1385 1774 1573 1806 Pacuuius
1598 1772 1754 1815 Chryse:

228 1822 355 1855 inueni
386 1822 518 1865 opino
551 1832 652 1855 esse
683 1824 926 1864 optumum,
958 1821 1110 1854 Orestes
1139 1823 1181 1852 ut
1211 1819 1319 1852 heres
1344 1819 1408 1852 sed
1441 1823 1574 1855 tamen,
1615 1818 1754 1850 Ennius

226 1867 511 1901 Eumenidibus:
543 1870 668 1900 tacere
700 1867 832 1909 opino
859 1877 956 1900 esse
982 1867 1224 1908 optumum'
1251 1875 1282 1898 e.
1308 1875 1339 1907 q.
1365 1875 1393 1896 s.
1443 1863 1658 1905 (Orestes
1682 1888 1690 1897 .
1711 1888 1719 1896 .
1740 1887 1748 1896 .

230 1916 451 1955 optumum
477 1923 544 1945 om.
569 1910 710 1953 Bamb.)
761 1911 924 1944 Contulit
949 1911 1104 1944 Bothius
1128 1908 1303 1953 Aeschyli
1326 1910 1429 1944 Eum.
1454 1910 1519 1942 277
1546 1919 1598 1951 sq.
1626 1905 1752 1951 λέγειν

227 1949 326 1991 ὅπου
353 1956 442 2000 ὃίκη
469 1956 594 2002 Σιγᾶν
618 1951 664 1990 θ’
693 1952 843 1999 ὁμοίως.
959 1956 996 1988 ΙΙ
1019 1955 1111 1989 Non.
1135 1956 1221 1996 292,
1247 1956 1289 1988 15
1320 1953 1604 1995 emandare,
1637 1953 1750 1986 effun-

230 2003 344 2038 dere?
380 2003 546 2035 Contulit
570 2002 738 2044 Scaliger
762 2001 936 2044 Aeschyli
961 2002 1063 2034 Eum.
1088 2001 1154 2034 466
1180 2011 1232 2043 sq.
1314 1999 1370 2034 111
1393 1999 1486 2034 Non.
1512 2001 1589 2040 505,
1615 2000 1635 2031 8
1661 2002 1753 2030 ‘ex-

229 2048 396 2090 pedibo
421 2059 486 2090 pro
519 2048 723 2091 expediam.
770 2048 957 2080 Pacuuius
981 2072 988 2080 .
1010 2071 1017 2079 .
1038 2071 1046 2080 .
1070 2045 1260 2089 expedibo.
1306 2045 1469 2078 Accius
1493 2044 1754 2087 Nyctegresia:

229 2096 361 2126 cuncta
387 2093 566 2136 expedibo
591 2118 597 2125 .
621 2118 628 2126 .
651 2118 657 2124 .
686 2092 828 2126 Ennius
852 2092 1130 2125 Eumenidibus:
1163 2091 1199 2123 id
1225 2093 1313 2134 ego'
1340 2101 1370 2123 e.
1397 2100 1431 2133 q.
1458 2100 1486 2123 s.
1588 2090 1638 2122 1v
1663 2088 1755 2121 Non.

344 2225 424 2262 130
444 2225 554 2262 corde
574 2225 676 2261 multi
698 2225 838 2261 Festus
860 2223 963 2260 multi
983 2223 1091 2260 corde
1112 2224 1259 2260 Paulus
1347 2222 1424 2259 131
1454 2227 1587 2270 argunt
1606 2221 1752 2269 Anylic.

229 2283 350 2331 rigent
378 2284 516 2319 Aldina
663 2281 742 2318 132
772 2282 821 2317 ita
852 2293 921 2318 om.
952 2281 1041 2317 libri
1184 2279 1263 2316 132
1294 2289 1348 2327 sq.
1379 2283 1498 2315 tacere
1534 2278 1643 2327 opino
1675 2288 1754 2314 esse

231 2344 416 2386 optumum
449 2343 485 2374 et
515 2350 580 2387 pro
612 2337 749 2374 uiribus
771 2349 895 2385 sapere
926 2342 1033 2385 atque
1052 2338 1142 2374 libri
1171 2342 1286 2372 tacere
1318 2335 1426 2383 opino
1458 2346 1537 2372 esse
1569 2339 1755 2382 optumum

230 2402 268 2431 111
306 2406 372 2443 pro
411 2394 547 2431 uiribus
587 2395 718 2443 Sapere
758 2400 865 2442 atque
897 2394 1072 2441 Scaliqer
1112 2393 1214 2430 Com'.
1242 2405 1284 2439 p.
1317 2392 1390 2438 69,
1433 2392 1481 2429 (ἶ,
1507 2391 1756 2428 Hermannus

230 2457 347 2487 tacere
386 2453 494 2499 opino
534 2463 613 2487 esse
651 2456 837 2498 optumum
874 2461 941 2499 pro
980 2449 1115 2485 uiribus
1147 2449 1187 2485 Ni
1219 2460 1345 2497 sapere
1375 2460 1415 2484 ac
1453 2448 1537 2485 ‘uir
1566 2445 1754 2485 summu-§¹²

229 2509 335 2554 apud
364 2508 534 2545 Vossium
565 2514 682 2544 tacere
704 2508 812 2555 opino
844 2517 922 2543 esse
953 2511 1138 2554 optumum
1161 2511 1221 2541 aut
1241 2517 1308 2553 pro
1332 2504 1466 2541 uiribus
1488 2505 1620 2553 Sapere
1648 2509 1755 2551 atque

228 2565 407 2601 Albertus
435 2565 606 2612 Lcmyius
638 2564 792 2608 Qzlaesl.
831 2568 938 2599 metr.
966 2575 1007 2610 p.
1042 2562 1092 2599 18
1131 2573 1256 2610 sapere
1295 2573 1374 2598 esse
1411 2562 1542 2610 opinor
1578 2560 1752 2608 optimum

229 2631 295 2669 pro
326 2620 482 2657 uiribus:
514 2621 644 2657 Tacere
675 2631 715 2655 ao
746 2620 908 2656 Bolhius
997 2618 1075 2656 133
1107 2618 1333 2654 fabularitate
1366 2618 1498 2654 Bamb.
1586 2617 1754 2652 nouerint

230 2679 477 2714 Her—mannus
508 2679 605 2714 conl.
627 2677 764 2713 Aesclz.
789 2677 898 2712 Eum.
922 2675 1000 2712 571
1092 2674 1170 2711 135
1202 2685 1323 2710 aecum
1355 2675 1470 2710 accius
1503 2673 1630 2710 recisse
1648 2673 1754 2709 libri:

230 2734 282 2781 ef.
305 2745 439 2780 supra.
470 2745 591 2770 aecum
623 2743 661 2769 ac
693 2733 747 2768 ius
780 2732 890 2768 ruisse
923 2732 1129 2768 Gulielmus
1158 2734 1196 2768 in
1229 2731 1336 2777 C'ccpl.
1359 2741 1391 2766 c.
1416 2730 1439 2766 5
1527 2729 1680 2776 eloquor
1711 2729 1759 2764 W

346 2791 422 2827 136
456 2791 643 2826 Orestem:¹
670 2801 734 2824 uos
766 2788 930 2825 facessite
963 2789 1148 2832 Botln'zls,
1179 2790 1218 2824 in
1249 2788 1384 2834 quibus
1415 2787 1600 2832 facessite,
1632 2791 1672 2821 ul
1701 2787 1753 2821 le-

228 2849 330 2894 yilm·
360 2850 396 2882 in
431 2848 570 2891 Vrbin„
600 2848 771 2892 praefuit
800 2846 955 2881 Iunius.
996 2844 1053 2879 De
1084 2845 1223 2881 Latina
1253 2844 1413 2879 nominis
1433 2842 1596 2878 Orestem
1625 2842 1754 2890 forma
