1942 3204
223 191 275 231 88
824 192 871 224 Μ,
898 190 1136 224 PAcvvws

878 293 963 336 VII
996 291 1092 350 (15)

341 372 480 413 Mziter
511 374 576 412 est
606 374 737 413 terra:
770 373 819 413 ea
851 371 965 426 parit
995 374 1162 426 corpus,
1195 371 1383 413 animam
1415 373 1530 413 aeter
1555 371 1746 427 adiugat.

808 447 916 490 VIII
950 446 1165 504 (Auchis.)

344 525 458 567 'Idae
490 523 836 580 promunturium
869 525 1020 580 quoius
1051 523 1203 580 h'ngua
1233 525 1279 566 in
1311 526 1445 567 altum
1476 525 1630 580 proicit

903 601 965 643 IX
999 600 1066 658 (6)

255 679 312 720 95
345 712 518 720 .....
551 679 711 734 incipio
744 680 892 720 saxum
924 680 1140 733 temptans
1174 678 1375 720 scandere

342 755 574 810 Vorticem,
595 759 868 810 summusque
888 756 934 797 in
954 755 1093 797 omnis
1114 757 1256 810 partes
1276 758 1550 810 prospectum
1570 760 1747 812 aiicupo.

901 832 939 873 X
971 830 1067 888 (16)

1003 909 1109 950 aesti
1142 910 1253 951 forte
1286 924 1336 950 ex
1369 909 1487 952 arido

226 1039 394 1072 eaelum)
437 1040 485 1071 cf.
513 1041 620 1072 Lucr.
637 1039 668 1070 V
693 1040 758 1071 318
784 1049 860 1081 sqq.
911 1039 1040 1071 Cicero
1072 1038 1116 1070 de
1147 1041 1223 1071 nat.
1247 1038 1344 1071 deor.
1369 1039 1405 1071 11
1430 1040 1495 1080 36,
1520 1041 1561 1072 91
1589 1043 1748 1073 (111111110-

225 1095 304 1117 111111
333 1085 401 1116 1100
434 1095 576 1126 quoque
608 1084 758 1116 uerbum
790 1084 1004 1126 dicaturque
1037 1086 1109 1115 tam
1144 1084 1273 1116 aether
1302 1084 1446 1125 Latine,
1479 1095 1585 1127 quam
1615 1085 1750 1118 dicitur

224 1132 308 1170 aer,
336 1131 406 1162 etsi
433 1131 696 1171 interpretatur
721 1129 925 1162 Pacuuius:
960 1129 1059 1166 1100,
1092 1129 1204 1171 quod
1231 1140 1435 1170 memoro,
1470 1131 1617 1162 nostri
1649 1141 1748 1164 cae—

223 1176 309 1206 lum
411 1174 611 1209 aethera.
654 1174 769 1214 Quasi
792 1185 879 1206 uero
905 1185 975 1205 non
1003 1174 1137 1206 Graius
1161 1173 1229 1206 1100
1254 1174 1366 1208 dicat.
1404 1175 1452 1206 At
1477 1175 1609 1208 Latine
1634 1176 1667 1208 lo
1695 1176 1750 1208 ui-

224 1223 308 1252 tur.’
358 1221 488 1258 (Deest
512 1219 572 1251 hic
598 1220 699 1251 locus
724 1219 760 1250 in
787 1219 891 1251 Vind.
919 1223 956 1250 et
980 1218 1113 1259 Palai.)
1161 1219 1262 1251 Idem
1294 1219 1338 1251 de
1371 1219 1443 1251 diu.
1473 1220 1490 1252 I
1515 1221 1570 1259 57,
1598 1221 1659 1253 131
1705 1223 1749 1254 90

222 1263 327 1307 -921
356 1264 420 1306 (cf.
442 1265 483 1306 V)
531 1265 622 1298 Non.
652 1265 733 1305 144,
762 1267 802 1297 10
828 1265 1017 1304 (1118101,
1044 1265 1148 1305 nigra
1173 1264 1222 1296 fit.
1247 1265 1286 1296 P.
1313 1264 1451 1306 Chryse
1482 1263 1586 1308 [88j3
1612 1265 1750 1307 (crise

222 1308 347 1342 Vrbin.
373 1310 454 1351 307)
502 1310 640 1342 Versus
664 1309 707 1341 86
732 1310 774 1341 87
799 1311 843 1342 89
875 1319 955 1341 011111
980 1311 1126 1342 90-92
1158 1309 1430 1351 coniungendos
1456 1320 1536 1342 esse
1561 1312 1749 1353 perspexit

223 1356 410 1397 Scaliger,
446 1365 551 1397 quem
583 1358 708 1387 eontra
734 1355 915 1396 Antiopae
946 1354 1030 1387 illos
1064 1354 1275 1387 inserendos
1308 1358 1436 1387 censet
1463 1355 1644 1397 Bergkius
1669 1356 1746 1390 Ind.

223 1401 308 1434 lect.
327 1400 443 1432 Marb.
463 1400 538 1432 hib.
559 1401 644 1432 1849
664 1410 698 1442 p.
716 1398 818 1432 XllI.
850 1399 908 1432 Cf.
928 1399 972 1431 ad
990 1399 1058 1431 hoc
1075 1403 1112 1431 et
1130 1409 1286 1442 sequens
1309 1400 1352 1434 fr.
1373 1400 1559 1442 Euripidis
1576 1410 1619 1433 ex
1637 1400 1748 1442 Chry-

224 1446 329 1488 sippo
355 1445 398 1478 fr.
426 1446 492 1478 836
517 1445 579 1485 N.,
604 1454 675 1486 quo
701 1444 761 1476 uel
785 1443 932 1476 dubium
958 1444 1000 1476 fit
1024 1454 1146 1476 annon
1169 1444 1288 1477 latina
1313 1455 1456 1487 quoque
1483 1445 1628 1486 fabula,
1654 1446 1748 1479 unde

224 1492 268 1522 fr.
294 1492 337 1523 V.
363 1490 424 1524 VI.
453 1490 522 1523 VII
547 1490 761 1532 deprompta
787 1493 888 1530 sunt,
915 1489 1193 1531 Chrysippus
1218 1490 1339 1532 potius
1365 1499 1473 1531 quam
1499 1490 1656 1532 Chryses
1687 1502 1749 1534 ap-

222 1535 360 1578 pellata
393 1535 518 1567 fuerit.
634 1534 702 1566 V11
726 1535 819 1566 Non.
845 1536 902 1574 75,
934 1536 972 1566 11
1006 1534 1264 1576 ‘adiugm-e,
1292 1535 1504 1577 adiungere.
1553 1535 1749 1569 Plautus

222 1581 360 1622 Chryse
391 1605 398 1612 .
423 1605 431 1612 .
453 1605 461 1613 .
491 1580 603 1612 idem
627 1579 750 1612 Iliona
780 1604 788 1613 .
809 1604 816 1612 .
837 1582 866 1612 .’
908 1579 1155 1621 (Pacuuius
1187 1578 1336 1621 Aldina)
1385 1580 1501 1613 Varro
1526 1581 1570 1613 de
1596 1581 1619 1615 1.
1647 1582 1690 1614 L.
1718 1582 1749 1614 V

221 1628 264 1659 60
280 1626 329 1659 Μ.
355 1625 519 1657 ‘caelum
545 1628 583 1657 et
608 1628 706 1657 terra
729 1626 851 1656 omnia
877 1629 1130 1666 exgenuerunt
1153 1649 1182 1658 ..
1198 1650 1207 1658 .
1229 1629 1329 1657 recte
1352 1625 1466 1667 igitur
1481 1625 1654 1658 Pacuius’
1677 1625 1750 1667 (sie

221 1671 320 1703 Flor.
346 1674 443 1703 teste
470 1669 730 1710 Wilmannsio)
757 1669 878 1711 ‘quod
904 1670 974 1702 ait:
1000 1670 1187 1707 animam
1213 1670 1371 1702 aether
1394 1670 1613 1713 adiugat.’

222 1716 311 1748 VIII
332 1715 473 1748 Gellius
492 1715 542 1747 IV
562 1717 601 1748 17
628 1715 782 1757 (positu,
813 1725 885 1747 11011
910 1717 1041 1747 natura
1066 1714 1216 1756 produci
1246 1715 1284 1746 in
1309 1725 1418 1748 uersu
1442 1716 1627 1749 obiciebat
1651 1717 1748 1748 coni-

222 1771 305 1794 cere
331 1761 469 1793 subicit
492 1760 587 1792 inice
610 1761 759 1793 subices
781 1758 976 1800 uocabula)
1003 1759 1059 1792 ‘id
1084 1762 1202 1802 ipsum
1220 1763 1342 1792 autem
1361 1761 1533 1793 uerbum’
1552 1761 1618 1798 (sc.
1635 1761 1748 1802 iaeio)

222 1806 293 1838 (Μ.
319 1806 414 1838 Cato
440 1806 505 1838 sub
534 1805 609 1851 alia.
634 1805 909 1848 praepositione
936 1805 1027 1837 dicit
1127 1805 1294 1848 proicit
1318 1806 1357 1838 in
1382 1806 1508 1839 altum.
1557 1807 1605 1839 Et
1629 1806 1748 1838 Pacu-

222 1874 305 1906 uius
330 1874 419 1906 item
444 1873 482 1905 in
508 1871 677 1914 Chryse
702 1875 776 1906 ...⁹
848 1871 1038 1914 (Chryse
1057 1873 1140 1906 Vat.
1160 1873 1248 1915 Reg.
1275 1856 1350 1906 030
1375 1873 1472 1906 Rott.
1499 1873 1639 1915 chise,
1664 1873 1748 1906 An-

222 1918 380 1961 chyse,
405 1917 604 1950 Anchise
631 1917 871 1959 recentiores)
987 1918 1038 1950 IX
1063 1917 1156 1951 Non.
1181 1918 1260 1959 467,
1288 1920 1328 1951 15
1360 1919 1628 1961 ‘aucupaui‚
1656 1919 1748 1951 acti-

219 1974 303 1996 uum
337 1963 498 2005 positum
529 1973 592 2005 pro
622 1964 773 2005 passiuo
804 1987 811 1994 .
833 1987 840 1994 .
862 1989 869 1995 .
892 1988 900 1996 .
929 1962 1116 1995 Pacuuius
1149 1962 1286 2004 Chryse
1311 1988 1318 1995 .
1340 1987 1348 1995 .
1367 1965 1397 1996 .’
1438 1962 1632 2005 (Chryse
1667 1964 1749 2003 edd.

222 2009 392 2050 Crysae
417 2008 501 2040 libri
527 2008 694 2050 plerique
721 2008 891 2040 Cresae
916 2007 1060 2050 Bamb.)
1165 2008 1199 2040 X
1222 2007 1314 2042 Non.
1339 2009 1423 2050 484,
1449 2009 1489 2041 11
1516 2009 1660 2042 ‘aesti
1684 2020 1748 2051 pro

333 2140 386 2177 93
417 2140 541 2176 aether
572 2137 690 2184 (ether
711 2134 836 2186 Flor.)
879 2138 1004 2175 Varro
1035 2142 1112 2174 ater
1134 2138 1280 2175 Nonius
1364 2138 1533 2187 adiungat
1565 2139 1750 2176 Varronis

219 2198 309 2234 libri
402 2202 516 2233 mater
545 2200 601 2231 est
630 2199 747 2242 terra,
787 2194 914 2230 haecce
945 2205 1076 2242 corpus
1107 2195 1218 2243 parit,
1256 2197 1406 2231 animam
1444 2195 1568 2232 aether
1603 2195 1750 2244 adiugat

220 2254 384 2290 Botkius
407 2253 427 2288 1
461 2257 574 2288 mater
605 2256 660 2288 est
682 2256 798 2296 terra3
828 2251 920 2299 parit
941 2261 1072 2298 corpus
1094 2262 1144 2296 ca,
1179 2263 1210 2288 a.
1232 2263 1263 2288 a.
1287 2263 1317 2287 a.
1340 2253 1437 2288 idem
1458 2250 1495 2288 2.
1515 2251 1751 2290 Modulatius

220 2311 389 2347 scribas:
422 2314 533 2345 mater
561 2313 711 2352 terrast,
741 2308 834 2356 parit
862 2307 949 2343 haec
968 2318 1113 2355 corpus,
1145 2309 1294 2344 animam
1316 2309 1347 2344 ci
1369 2308 1494 2344 aether
1513 2307 1659 2357 adiugat
1689 2311 1750 2346 uel

222 2378 307 2403 cum
338 2365 505 2402 Vsenero
537 2365 623 2401 haec
652 2365 745 2412 parit
775 2374 925 2412 corpus,
957 2364 1092 2399 animae
1115 2365 1186 2400 uim
1209 2375 1240 2401 a.
1261 2375 1292 2400 a.
1396 2363 1548 2401 941dae
1581 2365 1747 2412 Vossius,

218 2423 331 2470 prob.
363 2422 644 2458 Fleckeisenus
674 2423 713 2456 in
743 2423 949 2468 quinquay.
984 2420 1101 2456 titulis
1126 2432 1167 2467 p.
1200 2419 1251 2457 25
1283 2420 1317 2456 id
1348 2421 1453 2467 libri,
1484 2422 1587 2469 quod
1613 2426 1749 2458 seruat

222 2479 275 2516 M.
297 2480 484 2516 Hcrczius
516 2478 739 2515 trochaeum
769 2479 873 2513 initio
904 2486 1044 2513 uersus
1074 2477 1206 2513 deesse
1236 2481 1424 2514 statuens.
1463 2477 1520 2513 lda
1551 2488 1667 2526 prom.
1700 2478 1748 2515 Ν.

225 2536 410 2572 Heinsius
439 2537 477 2571 in
512 2535 620 2581 Verq.
644 2535 740 2570 Aen.
761 2534 804 2569 Χ
821 2532 900 2570 587
1012 2533 1178 2581 prfiturifi
1221 2534 1300 2570 Vat.
1332 2534 1621 2581 promuntorium
1651 2534 1747 2582 Rey.

221 2592 481 2640 promzitorium
504 2591 607 2627 Rott.
637 2589 927 2638 promontorium
959 2591 1079 2626 ceteri
1155 2589 1259 2639 lingz‘i
1296 2590 1377 2627 Vat.
1410 2589 1566 2638 linguam
1588 2590 1690 2627 Rou.

222 2648 352 2696 proicit
394 2648 476 2684 γαί.
509 2647 613 2684 Rott.
644 2646 787 2694 proiicit
817 2648 937 2682 celeri
962 2668 966 2669 ν
1057 2645 1108 2682 95
1141 2646 1213 2683 saxi
1244 2646 1406 2683 Bolhius
1437 2645 1460 2682 2
1586 2646 1638 2683 96
1669 2657 1748 2682 uer-

228 2705 333 2740 1100111
374 2704 420 2740 W
525 2709 758 2750 summusque
788 2702 823 2738 in
855 2702 968 2738 omnis
1001 2702 1177 2748 Botlzius,
1219 2705 1286 2750 qui
1321 2706 1446 2740 tamen
1476 2705 1651 2739 senarios
1679 2714 1747 2739 nu·
1813 2699 1817 2702 ’

223 2763 399 2797 merauil.
432 2761 467 2796 in
501 2760 648 2796 summis
679 2758 760 2794 dein
783 2759 935 2794 hominis
962 2759 1068 2804 libri,
1102 2760 1171 2795 sed
1190 2758 1396 2795 hominihus
1418 2759 1553 2795 Bamb.
1584 2759 1620 2794 in
1651 2769 1748 2794 sum-

223 2827 340 2862 mum,
378 2816 459 2852 (lein
500 2817 534 2851 in
567 2816 681 2852 omnis
711 2815 864 2862 Lipsius
891 2815 935 2852 A.
967 2815 1010 2852 L.
1039 2814 1107 2852 IV
1130 2814 1176 2861 5,
1216 2815 1390 2863 Scaliyer
1426 2813 1515 2861 (nisi
1549 2817 1651 2863 quod
1685 2815 1748 2852 hic

223 2872 363 2919 deinde)
395 2884 592 2919 summum,
624 2878 732 2920 atque
762 2872 796 2907 in
829 2872 944 2908 omnis
975 2872 1136 2909 Bollzius
1167 2870 1190 2907 2
1230 2889 1233 2892 >
1308 2871 1360 2908 97
1391 2870 1492 2909 sonte
1525 2871 1706 2909 Osannus
