1942 3204
754 207 1107 248 COROLLARIVM
1532 211 1700 249 Lxxvu

231 362 242 386 x
282 317 409 375 Apud
441 319 614 363 Accium
646 320 691 363 in
723 335 759 364 V.
787 321 873 364 374
905 319 1086 364 Merceri
1123 320 1470 364 emendationem
1502 326 1702 366 atratus

163 393 326 434 taetra
355 394 491 434 ueste
522 391 702 435 defendo
729 393 874 449 glossa
899 391 1087 435 Labbaei
1121 396 1344 436 ‘atratus
1374 394 1700 448 μελανει’μων’,

163 464 290 518 atque
327 465 446 505 extat
483 466 695 519 ‘atratus,
733 464 947 520 lugubris'
994 464 1124 507 etiam
1168 465 1214 507 in
1251 463 1363 507 B¹S.
1433 465 1484 507 In
1529 480 1698 507 versum

162 533 245 576 461
281 549 341 589 sq.
375 534 487 590 quod
520 534 646 577 intuli
678 535 823 578 acula
861 539 1031 591 praeter
1063 535 1316 579 Cledonium
1349 552 1387 591 p.
1421 538 1496 592 41,
1534 538 1596 579 13.
1629 539 1699 591 48,

166 605 220 647 13
252 605 459 661 repetitur
490 606 603 662 apud
635 605 902 650 Labbaeum:
936 608 1080 650 ‘acula
1110 605 1315 662 βελόνη.’

281 675 342 719 At
373 677 490 720 omni
523 679 706 734 exempli
733 679 885 722 saltem
912 679 1102 736 corrupti
1133 678 1414 722 fundamento
1447 678 1697 721 destitutum

164 747 321 804 eligere
353 763 404 791 ex
436 749 678 805 glossarum
709 751 984 794 multitudine
1016 766 1125 807 quae
1156 752 1322 807 tragico
1350 735 1537 793 serm'oni
1564 750 1697 792 vindi-

165 822 316 862 centur
348 820 513 863 lubrica
543 821 792 878 plerumque
824 825 868 864 et
898 836 1009 879 vaga
1040 823 1239 866 ariolatio
1272 826 1347 865 est.
1404 821 1518 864 Nam
1551 836 1696 878 quam-

165 890 229 933 vis
260 890 329 934 hie
360 891 447 934 illic
478 892 676 948 adposita
707 893 820 950 apud
851 893 1099 937 Labbaeum
1132 898 1245 937 certe
1276 896 1502 950 poetarum
1530 896 1695 936 nostro-

164 977 258 1004 rum
302 962 412 1005 Livii
455 962 609 1007 Naevii
652 965 785 1008 Ennii
827 965 1003 1009 Pacuvii
1041 965 1161 1009 Accii
1206 966 1401 1021 nomina,
1445 968 1610 1008 eeteros
1654 970 1701 1007 ut

163 1036 345 1090 taceam,
376 1035 502 1078 fidem
529 1036 707 1093 faciant,
738 1037 784 1079 in
803 1037 953 1079 ceteris
980 1052 1148 1093 quoque
1174 1037 1392 1080 vocabulis
1425 1038 1564 1079 inesse
1591 1053 1699 1093 quae

163 1105 216 1148 ad
242 1106 414 1149 eosdem
438 1107 592 1150 merito
623 1108 863 1151 referantur
894 1107 962 1165 (ut
979 1108 1255 1164 Vergilianae
1287 1109 1457 1165 glossae
1489 1109 1698 1164 plurimae

165 1177 324 1220 omisso
369 1179 555 1221 auctoris
599 1180 773 1222 nomine
818 1181 1006 1223 insertae
1050 1180 1186 1237 sunt),
1230 1183 1375 1222 tamen
1420 1181 1699 1237 singulorum,

162 1264 270 1305 quae
302 1253 477 1293 careant
507 1253 624 1293 certa
656 1252 928 1308 auctoritate,
963 1253 1214 1294 lemmatum
1247 1252 1466 1294 rarissime
1504 1253 1602 1294 talis
1636 1253 1697 1294 in-

162 1321 279 1363 doles
311 1324 394 1377 est,
426 1337 534 1378 quae
565 1323 833 1380 tragoediam
864 1339 966 1380 prae
999 1324 1083 1366 alio
1116 1337 1271 1380 genere
1304 1324 1503 1366 redoleat.
1556 1324 1697 1367 Pauca

162 1393 371 1448 quaedam
403 1393 621 1451 delibabo,
653 1411 761 1451 quae
793 1395 907 1451 apud
940 1395 1187 1438 Labbaeum
1221 1396 1508 1451 reperiuntur,
1542 1396 1615 1437 sed
1650 1401 1695 1438 ut

160 1479 214 1507 ne
245 1465 399 1508 horum
432 1466 603 1522 quidem
636 1482 820 1522 sponsor
851 1482 943 1510 esse
976 1468 1122 1510 velim:

161 1558 460 1614 obliquoloquis
491 1560 660 1611 λοξίας,
691 1560 851 1616 Apollo
882 1561 970 1603 scil.

161 1627 344 1680 opitulus
374 1625 676 1684 ἀλεξητήριος.
737 1629 790 1671 cf.
822 1628 975 1672 Festus
1006 1644 1047 1685 p.
1084 1631 1164 1673 184
1196 1630 1420 1686 ‘Opitulus
1442 1631 1635 1686 luppiter
1654 1636 1697 1673 et

276 1695 523 1751 Opitulator
553 1697 692 1739 dictus
723 1700 788 1739 est
817 1698 938 1752 quasi
970 1698 1064 1752 opis
1094 1699 1241 1741 lator)

160 1764 550 1820 rcdimiaeavma.
610 1765 664 1808 cf.
696 1765 895 1808 Placidus
927 1766 1151 1810 ‘redimine
1182 1783 1248 1810 res
1287 1784 1395 1824 quae
1426 1769 1694 1811 redimuntur

272 1847 298 1875 a
326 1833 650 1888 praedonibus.’
711 1833 857 1877 Possis
886 1834 1081 1878 Hectoris
1111 1837 1221 1891 lytra
1251 1837 1515 1892 intellegere.

274 1924 501 1968 Praeterea
530 1926 699 1968 senario
731 1929 774 1968 et
804 1927 1016 1970 cothurno
1047 1931 1147 1983 apta
1179 1928 1312 1971 videri
1355 1932 1536 1983 possunss
1567 1929 1692 1971 haee:

161 2006 383 2060 adpectora
413 2006 699 2061 παράβαλλε,
730 2008 944 2063 θώρηξον

157 2074 425 2129 amfraqosus
454 2074 797 2130 περιοδεύσιμος
825 2077 964 2127 τόπος

124 2133 130 2141 ’
160 2143 457 2197 animaequior
489 2142 882 2200 εὐγνωμονότερος
911 2146 1007 2201 (scr.
1042 2145 1482 2202 εὐγνωμονέστερος)

159 2212 472 2266 animaequitas
501 2210 694 2267 εὐψυχία

158 2279 274 2323 cluor
303 2280 412 2331 δόξα

157 2349 357 2404 diuiyena
385 2348 605 2405 θεογενής

157 2417 441 2471 cndosestabat
471 2428 627 2459 εσενεν
656 2418 754 2472 (scr.
789 2415 982 2474 ἐσίνετο)
1012 2416 1219 2475 ω’ργίζετο

159 2485 320 2527 critudo
351 2485 589 2528 δεσποτεία

157 2554 360 2608 exercipes
389 2552 690 2610 ταχυδρόμος,
721 2555 914 2610 δρομεὺς
943 2556 1016 2600 καὶ
1049 2556 1255 2614 κούρσωρ

158 2622 387 2676 expropitio
419 2620 707 2677 ἐξιλάσκομαι

154 2690 298 2743 famen
329 2690 462 2746 φάτις
490 2691 617 2745 βάξις

154 2759 332 2811 fertitem>
352 2759 616 2815 γενναιότης
646 2758 909 2819 ἄνδρειότης

154 2828 359 2881 qauescitc
389 2829 563 2883 χαίρετε

154 2897 366 2956 ⁸qaudisico
395 2900 623 2952 χαροποιώ
