<?xml version="1.0" encoding="UTF-8"?>
<!DOCTYPE html PUBLIC "-//W3C//DTD XHTML 1.0 Transitional//EN"
    "http://www.w3.org/TR/xhtml1/DTD/xhtml1-transitional.dtd">
<html xmlns="http://www.w3.org/1999/xhtml" xml:lang="en" lang="en">
 <head>
  <title>
</title>
<meta http-equiv="Content-Type" content="text/html;charset=utf-8" />
  <meta name='ocr-system' content='tesseract 3.04.00' />
  <meta name='ocr-capabilities' content='ocr_page ocr_carea ocr_par ocr_line ocrx_word'/>
</head>
<body>
  <div class='ocr_page' id='page_1' title='image "./romanorumpoes01ribbuoft_0329.png"; bbox 0 0 1942 3204; ppageno 0'>
   <div class='ocr_carea' id='block_1_1' title="bbox 492 210 1718 256">
    <p class='ocr_par' dir='ltr' id='par_1_1' title="bbox 492 210 1718 256">
     <span class='ocr_line' id='line_1_1' title="bbox 492 210 1718 256; baseline 0.003 -12"><span class='ocrx_word' id='word_1_1' title='bbox 492 211 558 245; x_wconf 74' lang='lat' dir='ltr'>Ex</span> <span class='ocrx_word' id='word_1_2' title='bbox 582 210 811 246; x_wconf 80' lang='lat' dir='ltr'>INCERTIS</span> <span class='ocrx_word' id='word_1_3' title='bbox 835 211 1156 247; x_wconf 68' lang='lat' dir='ltr'>INOERTORVM</span> <span class='ocrx_word' id='word_1_4' title='bbox 1182 211 1395 247; x_wconf 75' lang='lat' dir='ltr'>FABVLIS</span> <span class='ocrx_word' id='word_1_5' title='bbox 1632 211 1718 256; x_wconf 82' lang='lat'>245</span> 
     </span>
    </p>
   </div>
   <div class='ocr_carea' id='block_1_2' title="bbox 383 334 1073 392">
    <p class='ocr_par' dir='ltr' id='par_1_2' title="bbox 383 334 1073 392">
     <span class='ocr_line' id='line_1_2' title="bbox 383 334 1073 392; baseline 0.001 -14"><span class='ocrx_word' id='word_1_6' title='bbox 383 334 662 379; x_wconf 64' lang='lat' dir='ltr'>Siluestribus</span> <span class='ocrx_word' id='word_1_7' title='bbox 695 335 896 392; x_wconf 84' lang='lat' dir='ltr'>saepibus</span> <span class='ocrx_word' id='word_1_8' title='bbox 929 336 1073 379; x_wconf 72' lang='lat' dir='ltr'>densa.</span> 
     </span>
    </p>
   </div>
   <div class='ocr_carea' id='block_1_3' title="bbox 614 429 1265 490">
    <p class='ocr_par' dir='ltr' id='par_1_3' title="bbox 614 429 1265 490">
     <span class='ocr_line' id='line_1_3' title="bbox 614 429 1265 490; baseline 0.003 -16"><span class='ocrx_word' id='word_1_9' title='bbox 614 430 852 475; x_wconf 93' lang='lat' dir='ltr'>XXXVIII</span> <span class='ocrx_word' id='word_1_10' title='bbox 885 429 1019 489; x_wconf 84' lang='lat' dir='ltr'>(Enn.</span> <span class='ocrx_word' id='word_1_11' title='bbox 1050 431 1155 475; x_wconf 89' lang='lat' dir='ltr'>Hee.</span> <span class='ocrx_word' id='word_1_12' title='bbox 1190 430 1265 490; x_wconf 85' lang='lat'>15)</span> 
     </span>
    </p>
   </div>
   <div class='ocr_carea' id='block_1_4' title="bbox 203 507 1714 802">
    <p class='ocr_par' dir='ltr' id='par_1_4' title="bbox 203 507 1714 802">
     <span class='ocr_line' id='line_1_4' title="bbox 289 507 1714 567; baseline 0.001 -15"><span class='ocrx_word' id='word_1_13' title='bbox 289 507 470 553; x_wconf 87' lang='lat' dir='ltr'>&#39;Adsum</span> <span class='ocrx_word' id='word_1_14' title='bbox 514 511 642 566; x_wconf 84' lang='lat' dir='ltr'>atque</span> <span class='ocrx_word' id='word_1_15' title='bbox 688 509 871 554; x_wconf 85' lang='lat' dir='ltr'>aduenio</span> <span class='ocrx_word' id='word_1_16' title='bbox 908 508 1172 554; x_wconf 86' lang='lat' dir='ltr'>&#39;Acherunte</span> <span class='ocrx_word' id='word_1_17' title='bbox 1215 508 1291 554; x_wconf 71' lang='lat' dir='ltr'>uix</span> <span class='ocrx_word' id='word_1_18' title='bbox 1333 510 1406 553; x_wconf 87' lang='lat' dir='ltr'>uia</span> <span class='ocrx_word' id='word_1_19' title='bbox 1450 511 1541 553; x_wconf 83' lang='lat' dir='ltr'>alta</span> <span class='ocrx_word' id='word_1_20' title='bbox 1584 513 1714 567; x_wconf 86' lang='lat' dir='ltr'>atque</span> 
     </span>
     <span class='ocr_line' id='line_1_5' title="bbox 1245 588 1461 645; baseline -0.005 -14"><span class='ocrx_word' id='word_1_21' title='bbox 1245 588 1398 645; x_wconf 56' lang='lat' dir='ltr'>ardua,</span> <span class='ocrx_word' id='word_1_22' title='bbox 1446 628 1461 630; x_wconf 27' lang='lat'>1</span> 
     </span>
     <span class='ocr_line' id='line_1_6' title="bbox 289 664 1515 723; baseline 0.001 -16"><span class='ocrx_word' id='word_1_23' title='bbox 289 664 373 707; x_wconf 73' lang='lat' dir='ltr'>Per</span> <span class='ocrx_word' id='word_1_24' title='bbox 404 666 631 721; x_wconf 80' lang='lat' dir='ltr'>speluncas</span> <span class='ocrx_word' id='word_1_25' title='bbox 664 666 777 709; x_wconf 54' lang='lat' dir='ltr'>sexis</span> <span class='ocrx_word' id='word_1_26' title='bbox 810 668 997 709; x_wconf 75' lang='lat' dir='ltr'>structas</span> <span class='ocrx_word' id='word_1_27' title='bbox 1029 666 1193 722; x_wconf 71' lang='lat' dir='ltr'>zisperis</span> <span class='ocrx_word' id='word_1_28' title='bbox 1224 667 1515 723; x_wconf 72' lang='lat' dir='ltr'>pendentibus</span> 
     </span>
     <span class='ocr_line' id='line_1_7' title="bbox 203 732 1593 802; baseline 0.001 -16"><span class='ocrx_word' id='word_1_29' title='bbox 203 742 259 786; x_wconf 81' lang='lat'>75</span> <span class='ocrx_word' id='word_1_30' title='bbox 291 732 524 800; x_wconf 61' lang='lat' dir='ltr'>Miixumis,</span> <span class='ocrx_word' id='word_1_31' title='bbox 555 744 629 787; x_wconf 85' lang='lat' dir='ltr'>ubi</span> <span class='ocrx_word' id='word_1_32' title='bbox 660 742 804 801; x_wconf 76' lang='lat' dir='ltr'>rigida</span> <span class='ocrx_word' id='word_1_33' title='bbox 836 746 1008 788; x_wconf 82' lang='lat' dir='ltr'>constat</span> <span class='ocrx_word' id='word_1_34' title='bbox 1039 745 1186 788; x_wconf 58' lang='lat' dir='ltr'>crassa</span> <span class='ocrx_word' id='word_1_35' title='bbox 1217 745 1358 802; x_wconf 84' lang='lat' dir='ltr'>caligo</span> <span class='ocrx_word' id='word_1_36' title='bbox 1392 743 1593 788; x_wconf 74' lang='lat' dir='ltr'>inferum.</span> 
     </span>
    </p>
   </div>
   <div class='ocr_carea' id='block_1_5' title="bbox 635 838 1242 898">
    <p class='ocr_par' dir='ltr' id='par_1_5' title="bbox 635 838 1242 898">
     <span class='ocr_line' id='line_1_8' title="bbox 635 838 1242 898; baseline 0.002 -16"><span class='ocrx_word' id='word_1_37' title='bbox 635 839 828 883; x_wconf 88' lang='lat' dir='ltr'>XXXIX</span> <span class='ocrx_word' id='word_1_38' title='bbox 861 838 996 897; x_wconf 88' lang='lat' dir='ltr'>(Enn.</span> <span class='ocrx_word' id='word_1_39' title='bbox 1027 839 1132 883; x_wconf 90' lang='lat' dir='ltr'>Hec.</span> <span class='ocrx_word' id='word_1_40' title='bbox 1168 838 1242 898; x_wconf 84' lang='lat'>16)</span> 
     </span>
    </p>
   </div>
   <div class='ocr_carea' id='block_1_6' title="bbox 289 917 1708 975">
    <p class='ocr_par' dir='ltr' id='par_1_6' title="bbox 289 917 1708 975">
     <span class='ocr_line' id='line_1_9' title="bbox 289 917 1708 975; baseline 0.001 -14"><span class='ocrx_word' id='word_1_41' title='bbox 289 917 429 962; x_wconf 90' lang='lat' dir='ltr'>&#39;Vnde</span> <span class='ocrx_word' id='word_1_42' title='bbox 461 918 631 961; x_wconf 85' lang='lat' dir='ltr'>animae</span> <span class='ocrx_word' id='word_1_43' title='bbox 663 917 907 961; x_wconf 60' lang='lat' dir='ltr'>excitantur</span> <span class='ocrx_word' id='word_1_44' title='bbox 938 918 1123 962; x_wconf 86' lang='lat' dir='ltr'>obscura</span> <span class='ocrx_word' id='word_1_45' title='bbox 1141 918 1296 962; x_wconf 72' lang='lat' dir='ltr'>umbra</span> <span class='ocrx_word' id='word_1_46' title='bbox 1315 920 1492 975; x_wconf 78' lang='lat' dir='ltr'>opertae</span> <span class='ocrx_word' id='word_1_47' title='bbox 1524 934 1577 962; x_wconf 84' lang='lat' dir='ltr'>ex</span> <span class='ocrx_word' id='word_1_48' title='bbox 1595 919 1708 963; x_wconf 76' lang='lat' dir='ltr'>ostio</span> 
     </span>
    </p>
   </div>
   <div class='ocr_carea' id='block_1_7' title="bbox 165 1047 1711 2007">
    <p class='ocr_par' dir='ltr' id='par_1_7' title="bbox 165 1047 1711 2007">
     <span class='ocr_line' id='line_1_10' title="bbox 168 1047 1708 1094; baseline 0 -11"><span class='ocrx_word' id='word_1_49' title='bbox 168 1049 267 1084; x_wconf 87' lang='lat' dir='ltr'>deor.</span> <span class='ocrx_word' id='word_1_50' title='bbox 292 1050 311 1083; x_wconf 93' lang='grc' dir='ltr'>Ι</span> <span class='ocrx_word' id='word_1_51' title='bbox 334 1051 396 1094; x_wconf 83' lang='lat'>42,</span> <span class='ocrx_word' id='word_1_52' title='bbox 427 1052 491 1084; x_wconf 79' lang='lat'>119</span> <span class='ocrx_word' id='word_1_53' title='bbox 517 1051 669 1083; x_wconf 86' lang='lat' dir='ltr'>‘omitto</span> <span class='ocrx_word' id='word_1_54' title='bbox 696 1050 909 1083; x_wconf 80' lang='lat' dir='ltr'>Eleusinem</span> <span class='ocrx_word' id='word_1_55' title='bbox 932 1075 962 1084; x_wconf 87' lang='lat'>..</span> <span class='ocrx_word' id='word_1_56' title='bbox 979 1075 986 1083; x_wconf 90' lang='lat'><strong><em>.</em></strong></span> <span class='ocrx_word' id='word_1_57' title='bbox 1013 1047 1168 1094; x_wconf 85' lang='lat' dir='ltr'>[XXVI]</span> <span class='ocrx_word' id='word_1_58' title='bbox 1199 1053 1391 1094; x_wconf 82' lang='lat' dir='ltr'>praetereo</span> <span class='ocrx_word' id='word_1_59' title='bbox 1417 1050 1708 1085; x_wconf 78' lang='lat' dir='ltr'><strong>Samothraciam</strong></span> 
     </span>
     <span class='ocr_line' id='line_1_11' title="bbox 169 1096 1709 1140; baseline -0.001 -10"><span class='ocrx_word' id='word_1_60' title='bbox 169 1105 286 1139; x_wconf 76' lang='lat' dir='ltr'>eaque</span> <span class='ocrx_word' id='word_1_61' title='bbox 318 1107 414 1139; x_wconf 85' lang='lat' dir='ltr'>quae</span> <span class='ocrx_word' id='word_1_62' title='bbox 447 1097 602 1130; x_wconf 86' lang='lat' dir='ltr'>Lemni</span> <span class='ocrx_word' id='word_1_63' title='bbox 632 1098 877 1129; x_wconf 86' lang='lat' dir='ltr'>nocturno’</span> <span class='ocrx_word' id='word_1_64' title='bbox 904 1107 934 1129; x_wconf 91' lang='lat' dir='ltr'>e</span> <span class='ocrx_word' id='word_1_65' title='bbox 963 1107 996 1139; x_wconf 89' lang='lat' dir='ltr'>q.</span> <span class='ocrx_word' id='word_1_66' title='bbox 1021 1106 1049 1129; x_wconf 99' lang='grc'>8.</span> <span class='ocrx_word' id='word_1_67' title='bbox 1099 1096 1248 1139; x_wconf 83' lang='lat' dir='ltr'>‘quibus</span> <span class='ocrx_word' id='word_1_68' title='bbox 1281 1096 1484 1140; x_wconf 80' lang='lat' dir='ltr'>explicatis</span> <span class='ocrx_word' id='word_1_69' title='bbox 1514 1096 1564 1129; x_wconf 82' lang='lat' dir='ltr'>ad</span> <span class='ocrx_word' id='word_1_70' title='bbox 1594 1097 1709 1130; x_wconf 83' lang='lat' dir='ltr'>ratio·</span> 
     </span>
     <span class='ocr_line' id='line_1_12' title="bbox 167 1141 1710 1185; baseline 0.001 -11"><span class='ocrx_word' id='word_1_71' title='bbox 167 1152 323 1185; x_wconf 81' lang='lat' dir='ltr'><strong>nemque</strong></span> <span class='ocrx_word' id='word_1_72' title='bbox 350 1142 539 1175; x_wconf 78' lang='lat' dir='ltr'>reuocatis</span> <span class='ocrx_word' id='word_1_73' title='bbox 564 1151 682 1174; x_wconf 82' lang='lat' dir='ltr'>rerum</span> <span class='ocrx_word' id='word_1_74' title='bbox 710 1141 829 1183; x_wconf 75' lang='lat' dir='ltr'>magis</span> <span class='ocrx_word' id='word_1_75' title='bbox 854 1145 989 1174; x_wconf 82' lang='lat' dir='ltr'>natura</span> <span class='ocrx_word' id='word_1_76' title='bbox 1015 1142 1252 1185; x_wconf 69' lang='lat' dir='ltr'>cognoscitur</span> <span class='ocrx_word' id='word_1_77' title='bbox 1269 1152 1378 1184; x_wconf 86' lang='lat' dir='ltr'>quam</span> <span class='ocrx_word' id='word_1_78' title='bbox 1398 1142 1558 1176; x_wconf 87' lang='lat' dir='ltr'>deorum.</span> <span class='ocrx_word' id='word_1_79' title='bbox 1564 1145 1574 1162; x_wconf 93' lang='lat'>’</span> <span class='ocrx_word' id='word_1_80' title='bbox 1613 1141 1710 1175; x_wconf 86' lang='lat' dir='ltr'>Attii</span> 
     </span>
     <span class='ocr_line' id='line_1_13' title="bbox 167 1186 1711 1230; baseline 0 -10"><span class='ocrx_word' id='word_1_81' title='bbox 167 1186 404 1221; x_wconf 70' lang='lat' dir='ltr'>Philoctetae</span> <span class='ocrx_word' id='word_1_82' title='bbox 430 1187 532 1221; x_wconf 80' lang='lat' dir='ltr'>reddi</span> <span class='ocrx_word' id='word_1_83' title='bbox 557 1190 595 1230; x_wconf 81' lang='lat' dir='ltr'>et</span> <span class='ocrx_word' id='word_1_84' title='bbox 619 1189 705 1229; x_wconf 85' lang='lat' dir='ltr'>post</span> <span class='ocrx_word' id='word_1_85' title='bbox 728 1197 762 1219; x_wconf 86' lang='grc' dir='ltr'>ιι.</span> <span class='ocrx_word' id='word_1_86' title='bbox 780 1188 847 1220; x_wconf 76' lang='lat'>528</span> <span class='ocrx_word' id='word_1_87' title='bbox 872 1187 987 1220; x_wconf 86' lang='lat' dir='ltr'>inseri</span> <span class='ocrx_word' id='word_1_88' title='bbox 1011 1187 1183 1221; x_wconf 88' lang='lat' dir='ltr'>uolerunt</span> <span class='ocrx_word' id='word_1_89' title='bbox 1201 1187 1242 1220; x_wconf 87' lang='lat' dir='ltr'>C.</span> <span class='ocrx_word' id='word_1_90' title='bbox 1260 1187 1373 1220; x_wconf 83' lang='lat' dir='ltr'>Beier</span> <span class='ocrx_word' id='word_1_91' title='bbox 1397 1191 1435 1221; x_wconf 86' lang='lat' dir='ltr'>et</span> <span class='ocrx_word' id='word_1_92' title='bbox 1460 1187 1502 1221; x_wconf 86' lang='lat' dir='ltr'>G.</span> <span class='ocrx_word' id='word_1_93' title='bbox 1529 1188 1711 1221; x_wconf 80' lang='lat' dir='ltr'>Herman-</span> 
     </span>
     <span class='ocr_line' id='line_1_14' title="bbox 166 1231 1709 1276; baseline 0 -10"><span class='ocrx_word' id='word_1_94' title='bbox 166 1243 247 1267; x_wconf 86' lang='lat' dir='ltr'>nus.</span> <span class='ocrx_word' id='word_1_95' title='bbox 356 1232 554 1267; x_wconf 84' lang='lat' dir='ltr'>XXXVIII</span> <span class='ocrx_word' id='word_1_96' title='bbox 578 1232 736 1266; x_wconf 89' lang='lat' dir='ltr'>XXXIX</span> <span class='ocrx_word' id='word_1_97' title='bbox 760 1231 889 1266; x_wconf 89' lang='lat' dir='ltr'>Cicero</span> <span class='ocrx_word' id='word_1_98' title='bbox 913 1232 1020 1266; x_wconf 85' lang='lat' dir='ltr'>T.usc</span> <span class='ocrx_word' id='word_1_99' title='bbox 1048 1232 1142 1276; x_wconf 88' lang='lat' dir='ltr'>disp.</span> <span class='ocrx_word' id='word_1_100' title='bbox 1168 1233 1185 1266; x_wconf 97' lang='lat' dir='ltr'>I</span> <span class='ocrx_word' id='word_1_101' title='bbox 1211 1234 1270 1274; x_wconf 83' lang='lat'>16,</span> <span class='ocrx_word' id='word_1_102' title='bbox 1297 1235 1340 1267; x_wconf 82' lang='lat'>37</span> <span class='ocrx_word' id='word_1_103' title='bbox 1367 1233 1427 1266; x_wconf 79' lang='lat' dir='ltr'>‘in</span> <span class='ocrx_word' id='word_1_104' title='bbox 1451 1236 1585 1266; x_wconf 86' lang='lat' dir='ltr'>terram</span> <span class='ocrx_word' id='word_1_105' title='bbox 1612 1234 1709 1267; x_wconf 87' lang='lat' dir='ltr'>enim</span> 
     </span>
     <span class='ocr_line' id='line_1_15' title="bbox 168 1278 1709 1323; baseline 0.001 -12"><span class='ocrx_word' id='word_1_106' title='bbox 168 1278 389 1312; x_wconf 80' lang='lat' dir='ltr'>cadentibus</span> <span class='ocrx_word' id='word_1_107' title='bbox 421 1279 636 1323; x_wconf 86' lang='lat' dir='ltr'>corporibus</span> <span class='ocrx_word' id='word_1_108' title='bbox 668 1279 795 1321; x_wconf 85' lang='lat' dir='ltr'>eisque</span> <span class='ocrx_word' id='word_1_109' title='bbox 827 1278 934 1312; x_wconf 86' lang='lat' dir='ltr'>humo</span> <span class='ocrx_word' id='word_1_110' title='bbox 959 1278 1090 1318; x_wconf 86' lang='lat' dir='ltr'>tectis,</span> <span class='ocrx_word' id='word_1_111' title='bbox 1122 1289 1142 1312; x_wconf 90' lang='lat' dir='ltr'>e</span> <span class='ocrx_word' id='word_1_112' title='bbox 1173 1288 1245 1322; x_wconf 87' lang='lat' dir='ltr'>quo</span> <span class='ocrx_word' id='word_1_113' title='bbox 1271 1278 1409 1315; x_wconf 85' lang='lat' dir='ltr'>dietum</span> <span class='ocrx_word' id='word_1_114' title='bbox 1435 1282 1493 1312; x_wconf 86' lang='lat' dir='ltr'>est</span> <span class='ocrx_word' id='word_1_115' title='bbox 1518 1279 1709 1321; x_wconf 83' lang='lat' dir='ltr'>humari,</span> 
     </span>
     <span class='ocr_line' id='line_1_16' title="bbox 167 1324 1709 1369; baseline 0 -12"><span class='ocrx_word' id='word_1_116' title='bbox 167 1325 235 1369; x_wconf 86' lang='lat' dir='ltr'>sub</span> <span class='ocrx_word' id='word_1_117' title='bbox 260 1327 360 1358; x_wconf 82' lang='lat' dir='ltr'>terra</span> <span class='ocrx_word' id='word_1_118' title='bbox 389 1325 594 1358; x_wconf 83' lang='lat' dir='ltr'>censebant</span> <span class='ocrx_word' id='word_1_119' title='bbox 619 1324 797 1368; x_wconf 85' lang='lat' dir='ltr'>reliquam</span> <span class='ocrx_word' id='word_1_120' title='bbox 827 1324 943 1357; x_wconf 81' lang='lat' dir='ltr'>uitam</span> <span class='ocrx_word' id='word_1_121' title='bbox 967 1324 1030 1368; x_wconf 84' lang='lat' dir='ltr'>agi</span> <span class='ocrx_word' id='word_1_122' title='bbox 1058 1330 1292 1358; x_wconf 73' lang='lat' dir='ltr'>montuorum.</span> <span class='ocrx_word' id='word_1_123' title='bbox 1340 1335 1450 1367; x_wconf 82' lang='lat' dir='ltr'>quam</span> <span class='ocrx_word' id='word_1_124' title='bbox 1479 1335 1603 1358; x_wconf 84' lang='lat' dir='ltr'>eorum</span> <span class='ocrx_word' id='word_1_125' title='bbox 1630 1325 1709 1368; x_wconf 89' lang='lat' dir='ltr'>opi-</span> 
     </span>
     <span class='ocr_line' id='line_1_17' title="bbox 166 1370 1710 1414; baseline 0.001 -11"><span class='ocrx_word' id='word_1_126' title='bbox 166 1370 314 1403; x_wconf 87' lang='lat' dir='ltr'>nionem</span> <span class='ocrx_word' id='word_1_127' title='bbox 339 1371 462 1414; x_wconf 84' lang='lat' dir='ltr'>magni</span> <span class='ocrx_word' id='word_1_128' title='bbox 487 1380 629 1404; x_wconf 87' lang='lat' dir='ltr'>errores</span> <span class='ocrx_word' id='word_1_129' title='bbox 654 1370 845 1403; x_wconf 85' lang='lat' dir='ltr'>consecuti</span> <span class='ocrx_word' id='word_1_130' title='bbox 870 1374 973 1412; x_wconf 88' lang='lat' dir='ltr'>sunt,</span> <span class='ocrx_word' id='word_1_131' title='bbox 1005 1380 1096 1413; x_wconf 87' lang='lat' dir='ltr'>quos</span> <span class='ocrx_word' id='word_1_132' title='bbox 1129 1373 1313 1403; x_wconf 83' lang='lat' dir='ltr'>auxerunt</span> <span class='ocrx_word' id='word_1_133' title='bbox 1337 1374 1486 1414; x_wconf 85' lang='lat' dir='ltr'>poetae.</span> <span class='ocrx_word' id='word_1_134' title='bbox 1536 1370 1710 1414; x_wconf 86' lang='lat' dir='ltr'>frequens</span> 
     </span>
     <span class='ocr_line' id='line_1_18' title="bbox 167 1415 1711 1459; baseline 0.001 -11"><span class='ocrx_word' id='word_1_135' title='bbox 167 1417 266 1448; x_wconf 87' lang='lat' dir='ltr'>enim</span> <span class='ocrx_word' id='word_1_136' title='bbox 297 1426 493 1449; x_wconf 84' lang='lat' dir='ltr'>consessus</span> <span class='ocrx_word' id='word_1_137' title='bbox 530 1416 685 1456; x_wconf 79' lang='lat' dir='ltr'>theatri,</span> <span class='ocrx_word' id='word_1_138' title='bbox 723 1416 762 1448; x_wconf 91' lang='lat' dir='ltr'>in</span> <span class='ocrx_word' id='word_1_139' title='bbox 800 1426 870 1458; x_wconf 91' lang='lat' dir='ltr'>quo</span> <span class='ocrx_word' id='word_1_140' title='bbox 908 1420 993 1449; x_wconf 85' lang='lat' dir='ltr'>sunt</span> <span class='ocrx_word' id='word_1_141' title='bbox 1030 1415 1270 1449; x_wconf 76' lang='lat' dir='ltr'>mulierculae</span> <span class='ocrx_word' id='word_1_142' title='bbox 1308 1421 1346 1450; x_wconf 90' lang='lat' dir='ltr'>et</span> <span class='ocrx_word' id='word_1_143' title='bbox 1382 1416 1501 1459; x_wconf 87' lang='lat' dir='ltr'>pueri,</span> <span class='ocrx_word' id='word_1_144' title='bbox 1541 1420 1711 1450; x_wconf 87' lang='lat' dir='ltr'>mouetur</span> 
     </span>
     <span class='ocr_line' id='line_1_19' title="bbox 167 1460 1710 1506; baseline 0 -12"><span class='ocrx_word' id='word_1_145' title='bbox 167 1461 324 1494; x_wconf 83' lang='lat' dir='ltr'>audiens</span> <span class='ocrx_word' id='word_1_146' title='bbox 349 1466 423 1494; x_wconf 85' lang='lat' dir='ltr'>tarn</span> <span class='ocrx_word' id='word_1_147' title='bbox 448 1462 588 1506; x_wconf 70' lang='lat' dir='ltr'>grapde</span> <span class='ocrx_word' id='word_1_148' title='bbox 620 1471 786 1494; x_wconf 81' lang='lat' dir='ltr'>carmen:</span> <span class='ocrx_word' id='word_1_149' title='bbox 813 1460 963 1494; x_wconf 84' lang='lat' dir='ltr'>adsum</span> <span class='ocrx_word' id='word_1_150' title='bbox 993 1486 1002 1495; x_wconf 90' lang='lat'><strong>.</strong></span> <span class='ocrx_word' id='word_1_151' title='bbox 1023 1486 1032 1495; x_wconf 90' lang='lat'>.</span> <span class='ocrx_word' id='word_1_152' title='bbox 1054 1486 1061 1493; x_wconf 91' lang='lat'><em>.</em></span> <span class='ocrx_word' id='word_1_153' title='bbox 1091 1462 1305 1495; x_wconf 83' lang='lat' dir='ltr'>inferum:</span> <span class='ocrx_word' id='word_1_154' title='bbox 1338 1465 1557 1504; x_wconf 81' lang='lat' dir='ltr'>tantumque</span> <span class='ocrx_word' id='word_1_155' title='bbox 1588 1461 1710 1495; x_wconf 78' lang='lat' dir='ltr'>ualuit</span> 
     </span>
     <span class='ocr_line' id='line_1_20' title="bbox 166 1506 1708 1550; baseline 0.001 -11"><span class='ocrx_word' id='word_1_156' title='bbox 166 1517 268 1540; x_wconf 87' lang='lat' dir='ltr'>error</span> <span class='ocrx_word' id='word_1_157' title='bbox 296 1531 304 1540; x_wconf 93' lang='lat'>.</span> <span class='ocrx_word' id='word_1_158' title='bbox 325 1532 333 1540; x_wconf 89' lang='lat'><strong>.</strong></span> <span class='ocrx_word' id='word_1_159' title='bbox 353 1532 360 1539; x_wconf 96' lang='lat'>.</span> <span class='ocrx_word' id='word_1_160' title='bbox 391 1511 449 1546; x_wconf 85' lang='lat' dir='ltr'>ut,</span> <span class='ocrx_word' id='word_1_161' title='bbox 482 1517 635 1550; x_wconf 85' lang='lat' dir='ltr'>corpora</span> <span class='ocrx_word' id='word_1_162' title='bbox 666 1511 830 1540; x_wconf 80' lang='lat' dir='ltr'>cremata</span> <span class='ocrx_word' id='word_1_163' title='bbox 863 1517 944 1539; x_wconf 89' lang='lat' dir='ltr'>cum</span> <span class='ocrx_word' id='word_1_164' title='bbox 977 1507 1134 1544; x_wconf 78' lang='lat' dir='ltr'>scirent.</span> <span class='ocrx_word' id='word_1_165' title='bbox 1175 1509 1301 1540; x_wconf 83' lang='lat' dir='ltr'>tamen</span> <span class='ocrx_word' id='word_1_166' title='bbox 1333 1519 1377 1540; x_wconf 79' lang='lat' dir='ltr'>ea</span> <span class='ocrx_word' id='word_1_167' title='bbox 1408 1506 1485 1539; x_wconf 88' lang='lat' dir='ltr'>fieri</span> <span class='ocrx_word' id='word_1_168' title='bbox 1517 1507 1616 1550; x_wconf 81' lang='lat' dir='ltr'>apud</span> <span class='ocrx_word' id='word_1_169' title='bbox 1650 1508 1708 1540; x_wconf 90' lang='lat' dir='ltr'>in-</span> 
     </span>
     <span class='ocr_line' id='line_1_21' title="bbox 168 1551 1704 1596; baseline 0.002 -12"><span class='ocrx_word' id='word_1_170' title='bbox 168 1552 267 1586; x_wconf 85' lang='lat' dir='ltr'>feros</span> <span class='ocrx_word' id='word_1_171' title='bbox 293 1551 491 1595; x_wconf 80' lang='lat' dir='ltr'>fingerent,</span> <span class='ocrx_word' id='word_1_172' title='bbox 519 1563 615 1595; x_wconf 85' lang='lat' dir='ltr'>quae</span> <span class='ocrx_word' id='word_1_173' title='bbox 642 1553 721 1585; x_wconf 83' lang='lat' dir='ltr'>sine</span> <span class='ocrx_word' id='word_1_174' title='bbox 748 1552 964 1596; x_wconf 84' lang='lat' dir='ltr'>corporibus</span> <span class='ocrx_word' id='word_1_175' title='bbox 989 1563 1057 1586; x_wconf 86' lang='lat' dir='ltr'>nec</span> <span class='ocrx_word' id='word_1_176' title='bbox 1082 1552 1162 1586; x_wconf 85' lang='lat' dir='ltr'>fieri</span> <span class='ocrx_word' id='word_1_177' title='bbox 1181 1556 1335 1595; x_wconf 87' lang='lat' dir='ltr'>possunt</span> <span class='ocrx_word' id='word_1_178' title='bbox 1358 1563 1426 1586; x_wconf 90' lang='lat' dir='ltr'>nec</span> <span class='ocrx_word' id='word_1_179' title='bbox 1450 1552 1623 1596; x_wconf 83' lang='lat' dir='ltr'>intellegi</span> <span class='ocrx_word' id='word_1_180' title='bbox 1648 1577 1679 1587; x_wconf 92' lang='grc'>..</span> <span class='ocrx_word' id='word_1_181' title='bbox 1695 1578 1704 1587; x_wconf 97' lang='grc'><strong>.</strong></span> 
     </span>
     <span class='ocr_line' id='line_1_22' title="bbox 165 1597 1708 1640; baseline 0.001 -10"><span class='ocrx_word' id='word_1_182' title='bbox 165 1597 254 1631; x_wconf 86' lang='lat' dir='ltr'>inde</span> <span class='ocrx_word' id='word_1_183' title='bbox 280 1599 431 1631; x_wconf 88' lang='lat' dir='ltr'>Homeri</span> <span class='ocrx_word' id='word_1_184' title='bbox 455 1601 533 1631; x_wconf 73' lang='lat' dir='ltr'>tota¹</span> <span class='ocrx_word' id='word_1_185' title='bbox 557 1597 712 1631; x_wconf 69' lang='grc' dir='ltr'><strong><em>νεκυίας</em></strong></span> <span class='ocrx_word' id='word_1_186' title='bbox 739 1598 824 1632; x_wconf 90' lang='lat' dir='ltr'>inde</span> <span class='ocrx_word' id='word_1_187' title='bbox 926 1601 1211 1640; x_wconf 78' lang='grc' dir='ltr'><strong><em>νεκυομαντεῐα</em></strong></span> <span class='ocrx_word' id='word_1_188' title='bbox 1235 1623 1243 1631; x_wconf 95' lang='grc'><strong>.</strong></span> <span class='ocrx_word' id='word_1_189' title='bbox 1259 1623 1266 1631; x_wconf 93' lang='grc'><strong>.</strong></span> <span class='ocrx_word' id='word_1_190' title='bbox 1281 1623 1289 1632; x_wconf 95' lang='grc'><strong>.</strong></span> <span class='ocrx_word' id='word_1_191' title='bbox 1316 1599 1402 1632; x_wconf 86' lang='lat' dir='ltr'>inde</span> <span class='ocrx_word' id='word_1_192' title='bbox 1427 1598 1465 1630; x_wconf 89' lang='lat' dir='ltr'>in</span> <span class='ocrx_word' id='word_1_193' title='bbox 1487 1599 1628 1632; x_wconf 81' lang='lat' dir='ltr'>uicinia</span> <span class='ocrx_word' id='word_1_194' title='bbox 1645 1609 1708 1632; x_wconf 91' lang='lat' dir='ltr'>no—</span> 
     </span>
     <span class='ocr_line' id='line_1_23' title="bbox 167 1643 1708 1687; baseline 0.001 -12"><span class='ocrx_word' id='word_1_195' title='bbox 167 1646 246 1676; x_wconf 77' lang='lat' dir='ltr'>stra</span> <span class='ocrx_word' id='word_1_196' title='bbox 261 1644 401 1678; x_wconf 80' lang='lat' dir='ltr'>Auerni</span> <span class='ocrx_word' id='word_1_197' title='bbox 418 1643 535 1687; x_wconf 82' lang='lat' dir='ltr'>lacus,</span> <span class='ocrx_word' id='word_1_198' title='bbox 557 1643 671 1677; x_wconf 85' lang='lat' dir='ltr'>unde</span> <span class='ocrx_word' id='word_1_199' title='bbox 689 1644 865 1677; x_wconf 81' lang='lat' dir='ltr'>animae</span> <span class='ocrx_word' id='word_1_200' title='bbox 884 1644 1152 1677; x_wconf 75' lang='lat' dir='ltr'>excitantur</span> <span class='ocrx_word' id='word_1_201' title='bbox 1170 1644 1366 1677; x_wconf 80' lang='lat' dir='ltr'>obscura</span> <span class='ocrx_word' id='word_1_202' title='bbox 1390 1669 1397 1676; x_wconf 97' lang='lat'>.</span> <span class='ocrx_word' id='word_1_203' title='bbox 1412 1668 1420 1676; x_wconf 91' lang='lat'>.</span> <span class='ocrx_word' id='word_1_204' title='bbox 1435 1669 1444 1677; x_wconf 87' lang='lat'><strong><em>.</em></strong></span> <span class='ocrx_word' id='word_1_205' title='bbox 1464 1645 1708 1687; x_wconf 83' lang='lat' dir='ltr'>sanguine,</span> 
     </span>
     <span class='ocr_line' id='line_1_24' title="bbox 166 1688 1709 1734; baseline 0 -12"><span class='ocrx_word' id='word_1_206' title='bbox 166 1688 390 1733; x_wconf 75' lang='lat' dir='ltr'>imagines</span> <span class='ocrx_word' id='word_1_207' title='bbox 422 1692 703 1723; x_wconf 85' lang='lat' dir='ltr'>mortuorum.</span> <span class='ocrx_word' id='word_1_208' title='bbox 752 1689 820 1722; x_wconf 81' lang='lat' dir='ltr'>has</span> <span class='ocrx_word' id='word_1_209' title='bbox 845 1692 971 1722; x_wconf 78' lang='lat' dir='ltr'>tamen</span> <span class='ocrx_word' id='word_1_210' title='bbox 995 1689 1176 1733; x_wconf 83' lang='lat' dir='ltr'>imagines</span> <span class='ocrx_word' id='word_1_211' title='bbox 1200 1689 1303 1733; x_wconf 88' lang='lat' dir='ltr'>loqui</span> <span class='ocrx_word' id='word_1_212' title='bbox 1327 1689 1482 1725; x_wconf 85' lang='lat' dir='ltr'>uolunt.’</span> <span class='ocrx_word' id='word_1_213' title='bbox 1524 1689 1709 1734; x_wconf 81' lang='lat' dir='ltr'>(imagi-</span> 
     </span>
     <span class='ocr_line' id='line_1_25' title="bbox 167 1735 1708 1779; baseline 0 -11"><span class='ocrx_word' id='word_1_214' title='bbox 167 1745 246 1768; x_wconf 87' lang='lat' dir='ltr'>nes</span> <span class='ocrx_word' id='word_1_215' title='bbox 270 1738 546 1768; x_wconf 81' lang='lat' dir='ltr'>mortuorum</span> <span class='ocrx_word' id='word_1_216' title='bbox 572 1735 656 1768; x_wconf 87' lang='lat' dir='ltr'>libri</span> <span class='ocrx_word' id='word_1_217' title='bbox 681 1735 824 1778; x_wconf 88' lang='lat' dir='ltr'>optimi.</span> <span class='ocrx_word' id='word_1_218' title='bbox 862 1739 1138 1768; x_wconf 86' lang='lat' dir='ltr'>mortuorum</span> <span class='ocrx_word' id='word_1_219' title='bbox 1171 1735 1392 1779; x_wconf 82' lang='lat' dir='ltr'>imagines</span> <span class='ocrx_word' id='word_1_220' title='bbox 1424 1735 1562 1768; x_wconf 80' lang='lat' dir='ltr'>Elieus.</span> <span class='ocrx_word' id='word_1_221' title='bbox 1591 1746 1611 1769; x_wconf 91' lang='lat' dir='ltr'>c</span> <span class='ocrx_word' id='word_1_222' title='bbox 1635 1736 1708 1768; x_wconf 91' lang='lat' dir='ltr'>Pe-</span> 
     </span>
     <span class='ocr_line' id='line_1_26' title="bbox 166 1780 1710 1824; baseline 0.001 -12"><span class='ocrx_word' id='word_1_223' title='bbox 166 1784 296 1820; x_wconf 66' lang='lat' dir='ltr'>treus„</span> <span class='ocrx_word' id='word_1_224' title='bbox 329 1780 520 1814; x_wconf 81' lang='lat' dir='ltr'>Bcntleius</span> <span class='ocrx_word' id='word_1_225' title='bbox 550 1784 739 1823; x_wconf 80' lang='lat' dir='ltr'>tamquam</span> <span class='ocrx_word' id='word_1_226' title='bbox 772 1783 904 1823; x_wconf 79' lang='lat' dir='ltr'>poetae</span> <span class='ocrx_word' id='word_1_227' title='bbox 930 1782 1058 1814; x_wconf 80' lang='lat' dir='ltr'>uerba.</span> <span class='ocrx_word' id='word_1_228' title='bbox 1105 1780 1180 1814; x_wconf 83' lang='lat' dir='ltr'>Sed</span> <span class='ocrx_word' id='word_1_229' title='bbox 1204 1780 1378 1814; x_wconf 79' lang='lat' dir='ltr'>uidentur</span> <span class='ocrx_word' id='word_1_230' title='bbox 1410 1782 1534 1824; x_wconf 84' lang='lat' dir='ltr'>potius</span> <span class='ocrx_word' id='word_1_231' title='bbox 1566 1791 1585 1814; x_wconf 91' lang='lat' dir='ltr'>e</span> <span class='ocrx_word' id='word_1_232' title='bbox 1611 1791 1710 1814; x_wconf 79' lang='lat' dir='ltr'>mar—</span> 
     </span>
     <span class='ocr_line' id='line_1_27' title="bbox 167 1825 1706 1868; baseline 0.001 -10"><span class='ocrx_word' id='word_1_233' title='bbox 167 1826 251 1868; x_wconf 87' lang='lat' dir='ltr'>gine</span> <span class='ocrx_word' id='word_1_234' title='bbox 275 1826 385 1860; x_wconf 80' lang='lat' dir='ltr'>illata</span> <span class='ocrx_word' id='word_1_235' title='bbox 410 1836 510 1860; x_wconf 84' lang='lat' dir='ltr'>esse:</span> <span class='ocrx_word' id='word_1_236' title='bbox 536 1826 583 1860; x_wconf 85' lang='lat' dir='ltr'>ef.</span> <span class='ocrx_word' id='word_1_237' title='bbox 611 1825 742 1859; x_wconf 85' lang='lat' dir='ltr'>Cicero</span> <span class='ocrx_word' id='word_1_238' title='bbox 768 1826 813 1859; x_wconf 89' lang='lat' dir='ltr'>de</span> <span class='ocrx_word' id='word_1_239' title='bbox 839 1826 913 1862; x_wconf 87' lang='lat' dir='ltr'>diu.</span> <span class='ocrx_word' id='word_1_240' title='bbox 939 1826 957 1859; x_wconf 94' lang='lat'>1</span> <span class='ocrx_word' id='word_1_241' title='bbox 981 1829 1039 1867; x_wconf 87' lang='lat'>30,</span> <span class='ocrx_word' id='word_1_242' title='bbox 1064 1826 1123 1867; x_wconf 83' lang='lat'>63)</span> <span class='ocrx_word' id='word_1_243' title='bbox 1148 1826 1241 1861; x_wconf 88' lang='lat' dir='ltr'>Non.</span> <span class='ocrx_word' id='word_1_244' title='bbox 1261 1828 1347 1867; x_wconf 80' lang='lat'>272,</span> <span class='ocrx_word' id='word_1_245' title='bbox 1373 1828 1416 1860; x_wconf 78' lang='lat'>32</span> <span class='ocrx_word' id='word_1_246' title='bbox 1443 1827 1706 1868; x_wconf 83' lang='lat' dir='ltr'>‘constitit‚</span> 
     </span>
     <span class='ocr_line' id='line_1_28' title="bbox 167 1871 1705 1915; baseline 0 -11"><span class='ocrx_word' id='word_1_247' title='bbox 167 1874 315 1905; x_wconf 86' lang='lat' dir='ltr'>erectus</span> <span class='ocrx_word' id='word_1_248' title='bbox 340 1875 398 1906; x_wconf 83' lang='lat' dir='ltr'>est</span> <span class='ocrx_word' id='word_1_249' title='bbox 427 1897 436 1906; x_wconf 89' lang='lat'><strong>.</strong></span> <span class='ocrx_word' id='word_1_250' title='bbox 457 1897 465 1904; x_wconf 92' lang='lat'><strong>.</strong></span> <span class='ocrx_word' id='word_1_251' title='bbox 487 1897 495 1904; x_wconf 91' lang='lat'><em>.</em></span> <span class='ocrx_word' id='word_1_252' title='bbox 517 1897 524 1904; x_wconf 93' lang='lat'><em>.</em></span> <span class='ocrx_word' id='word_1_253' title='bbox 548 1871 679 1905; x_wconf 85' lang='lat' dir='ltr'>Cicero</span> <span class='ocrx_word' id='word_1_254' title='bbox 704 1871 997 1905; x_wconf 83' lang='lat' dir='ltr'>Tusculanarum</span> <span class='ocrx_word' id='word_1_255' title='bbox 1022 1872 1086 1906; x_wconf 89' lang='lat' dir='ltr'>lib.</span> <span class='ocrx_word' id='word_1_256' title='bbox 1113 1883 1145 1904; x_wconf 72' lang='grc' dir='ltr'>ιε</span> <span class='ocrx_word' id='word_1_257' title='bbox 1172 1872 1254 1904; x_wconf 91' lang='lat' dir='ltr'>ubi</span> <span class='ocrx_word' id='word_1_258' title='bbox 1279 1872 1432 1915; x_wconf 81' lang='lat' dir='ltr'>rigida</span> <span class='ocrx_word' id='word_1_259' title='bbox 1459 1883 1490 1904; x_wconf 93' lang='lat' dir='ltr'>c.</span> <span class='ocrx_word' id='word_1_260' title='bbox 1519 1883 1551 1907; x_wconf 92' lang='lat' dir='ltr'>c.</span> <span class='ocrx_word' id='word_1_261' title='bbox 1578 1883 1609 1907; x_wconf 88' lang='lat' dir='ltr'>c.</span> <span class='ocrx_word' id='word_1_262' title='bbox 1637 1873 1705 1905; x_wconf 90' lang='lat' dir='ltr'>in-</span> 
     </span>
     <span class='ocr_line' id='line_1_29' title="bbox 168 1917 1704 1961; baseline 0.001 -12"><span class='ocrx_word' id='word_1_263' title='bbox 168 1917 337 1952; x_wconf 56' lang='lat' dir='ltr'>ferum?</span> <span class='ocrx_word' id='word_1_264' title='bbox 430 1918 488 1951; x_wconf 76' lang='lat' dir='ltr'>Fr.</span> <span class='ocrx_word' id='word_1_265' title='bbox 506 1917 701 1951; x_wconf 86' lang='lat' dir='ltr'>XXXVIII</span> <span class='ocrx_word' id='word_1_266' title='bbox 727 1917 867 1951; x_wconf 87' lang='lat' dir='ltr'>contuli</span> <span class='ocrx_word' id='word_1_267' title='bbox 893 1928 975 1950; x_wconf 89' lang='lat' dir='ltr'>cum</span> <span class='ocrx_word' id='word_1_268' title='bbox 1002 1917 1232 1961; x_wconf 87' lang='lat' dir='ltr'>Sophocleae</span> <span class='ocrx_word' id='word_1_269' title='bbox 1258 1918 1470 1961; x_wconf 81' lang='lat' dir='ltr'>Polyxenae</span> <span class='ocrx_word' id='word_1_270' title='bbox 1499 1917 1542 1952; x_wconf 88' lang='lat' dir='ltr'>fr.</span> <span class='ocrx_word' id='word_1_271' title='bbox 1569 1919 1636 1951; x_wconf 78' lang='lat'>478</span> <span class='ocrx_word' id='word_1_272' title='bbox 1660 1917 1704 1950; x_wconf 82' lang='lat' dir='ltr'>N.</span> 
     </span>
     <span class='ocr_line' id='line_1_30' title="bbox 167 1962 988 2007; baseline 0 -11"><span class='ocrx_word' id='word_1_273' title='bbox 167 1962 248 2005; x_wconf 80' lang='lat'>(469</span> <span class='ocrx_word' id='word_1_274' title='bbox 273 1962 356 2007; x_wconf 87' lang='lat' dir='ltr'>D.),</span> <span class='ocrx_word' id='word_1_275' title='bbox 382 1963 446 1997; x_wconf 88' lang='lat' dir='ltr'>ubi</span> <span class='ocrx_word' id='word_1_276' title='bbox 469 1962 628 1996; x_wconf 84' lang='lat' dir='ltr'>Achillis</span> <span class='ocrx_word' id='word_1_277' title='bbox 651 1963 780 1997; x_wconf 84' lang='lat' dir='ltr'>umbra</span> <span class='ocrx_word' id='word_1_278' title='bbox 805 1963 988 2006; x_wconf 85' lang='lat' dir='ltr'>loquitur:</span> 
     </span>
    </p>
   </div>
   <div class='ocr_carea' id='block_1_8' title="bbox 434 2013 1271 2157">
    <p class='ocr_par' dir='ltr' id='par_1_8' title="bbox 438 2013 1271 2157">
     <span class='ocr_line' id='line_1_31' title="bbox 438 2013 1237 2075; baseline 0.003 -22"><span class='ocrx_word' id='word_1_279' title='bbox 438 2013 560 2060; x_wconf 79' lang='grc' dir='ltr'><strong><em>ακτάς</em></strong></span> <span class='ocrx_word' id='word_1_280' title='bbox 583 2014 787 2060; x_wconf 76' lang='grc' dir='ltr'>ἆπαίωνάς</span> <span class='ocrx_word' id='word_1_281' title='bbox 800 2031 852 2075; x_wconf 53' lang='lat' dir='ltr'>,ts</span> <span class='ocrx_word' id='word_1_282' title='bbox 876 2018 943 2054; x_wconf 75' lang='grc' dir='ltr'>καὶ</span> <span class='ocrx_word' id='word_1_283' title='bbox 967 2019 1237 2074; x_wconf 77' lang='grc' dir='ltr'><em>μελαμβαθεῖς</em></span> 
     </span>
     <span class='ocr_line' id='line_1_32' title="bbox 441 2057 1271 2147; baseline 0 -47"><span class='ocrx_word' id='word_1_284' title='bbox 441 2064 605 2101; x_wconf 76' lang='grc' dir='ltr'><strong><em>λιποῦσα</em></strong></span> <span class='ocrx_word' id='word_1_285' title='bbox 630 2065 767 2121; x_wconf 80' lang='grc' dir='ltr'><strong><em>λίμνης</em></strong></span> <span class='ocrx_word' id='word_1_286' title='bbox 777 2057 919 2147; x_wconf 55' lang='lat'>&#39;&#39;1²³⁰’&#39;</span> <span class='ocrx_word' id='word_1_287' title='bbox 923 2090 943 2122; x_wconf 48' lang='grc' dir='ltr'><em>ι</em></span> <span class='ocrx_word' id='word_1_288' title='bbox 963 2061 1131 2111; x_wconf 77' lang='grc' dir='ltr'><strong><em>ἠχουσης</em></strong></span> <span class='ocrx_word' id='word_1_289' title='bbox 1156 2061 1271 2118; x_wconf 81' lang='grc' dir='ltr'>γόους</span> 
     </span>
     <span class='ocr_line' id='line_1_33' title="bbox 434 2106 1201 2157; baseline 0.003 -13.013"><span class='ocrx_word' id='word_1_290' title='bbox 434 2106 650 2156; x_wconf 73' lang='grc' dir='ltr'><strong><em>Ἀχέροντος</em></strong></span> <span class='ocrx_word' id='word_1_291' title='bbox 674 2106 796 2155; x_wconf 67' lang='grc' dir='ltr'><strong><em>ὄξνπλ</em></strong></span> <span class='ocrx_word' id='word_1_292' title='bbox 798 2123 891 2157; x_wconf 75' lang='grc' dir='ltr'>ηγος</span> <span class='ocrx_word' id='word_1_293' title='bbox 914 2121 1081 2156; x_wconf 80' lang='grc' dir='ltr'><strong><em>αρσενας</em></strong></span> <span class='ocrx_word' id='word_1_294' title='bbox 1106 2107 1201 2156; x_wconf 75' lang='grc' dir='ltr'><em>χοάς</em></span> 
     </span>
    </p>
   </div>
   <div class='ocr_carea' id='block_1_9' title="bbox 170 2195 311 2199">
    <p class='ocr_par' dir='ltr' id='par_1_9' title="bbox 170 2195 311 2199">
     <span class='ocr_line' id='line_1_34' title="bbox 170 2195 311 2199; baseline 0 0"><span class='ocrx_word' id='word_1_295' title='bbox 170 2195 311 2199; x_wconf 95' lang='lat' dir='ltr'> </span> 
     </span>
    </p>
   </div>
   <div class='ocr_carea' id='block_1_10' title="bbox 313 2196 454 2200">
    <p class='ocr_par' dir='ltr' id='par_1_10' title="bbox 313 2196 454 2200">
     <span class='ocr_line' id='line_1_35' title="bbox 313 2196 454 2200; baseline 0 0"><span class='ocrx_word' id='word_1_296' title='bbox 313 2196 454 2200; x_wconf 95' lang='lat' dir='ltr'> </span> 
     </span>
    </p>
   </div>
   <div class='ocr_carea' id='block_1_11' title="bbox 166 2243 1707 2409">
    <p class='ocr_par' dir='ltr' id='par_1_11' title="bbox 166 2243 1707 2409">
     <span class='ocr_line' id='line_1_36' title="bbox 166 2243 1706 2293; baseline 0.002 -13"><span class='ocrx_word' id='word_1_297' title='bbox 166 2243 294 2280; x_wconf 85' lang='lat' dir='ltr'>luntur</span> <span class='ocrx_word' id='word_1_298' title='bbox 323 2243 423 2282; x_wconf 81' lang='lat' dir='ltr'>aditu</span> <span class='ocrx_word' id='word_1_299' title='bbox 452 2245 558 2282; x_wconf 78' lang='lat' dir='ltr'>Leid.</span> <span class='ocrx_word' id='word_1_300' title='bbox 590 2245 636 2291; x_wconf 88' lang='lat' dir='ltr'>C,</span> <span class='ocrx_word' id='word_1_301' title='bbox 675 2246 745 2283; x_wconf 83' lang='lat' dir='ltr'>sed</span> <span class='ocrx_word' id='word_1_302' title='bbox 772 2246 912 2283; x_wconf 80' lang='lat' dir='ltr'>additis</span> <span class='ocrx_word' id='word_1_303' title='bbox 942 2247 1228 2293; x_wconf 79' lang='lat' dir='ltr'>transponendi</span> <span class='ocrx_word' id='word_1_304' title='bbox 1255 2248 1367 2284; x_wconf 77' lang='lat' dir='ltr'>notis.</span> <span class='ocrx_word' id='word_1_305' title='bbox 1497 2246 1549 2284; x_wconf 87' lang='lat'>73</span> <span class='ocrx_word' id='word_1_306' title='bbox 1582 2259 1631 2283; x_wconf 83' lang='lat' dir='ltr'>an</span> <span class='ocrx_word' id='word_1_307' title='bbox 1663 2246 1706 2283; x_wconf 84' lang='lat' dir='ltr'>ab</span> 
     </span>
     <span class='ocr_line' id='line_1_37' title="bbox 167 2300 1707 2353; baseline 0.003 -17"><span class='ocrx_word' id='word_1_308' title='bbox 167 2300 397 2353; x_wconf 72' lang='lat' dir='ltr'>Acherunte?</span> <span class='ocrx_word' id='word_1_309' title='bbox 527 2301 580 2339; x_wconf 80' lang='lat'>76</span> <span class='ocrx_word' id='word_1_310' title='bbox 611 2312 669 2350; x_wconf 83' lang='lat' dir='ltr'>sq.</span> <span class='ocrx_word' id='word_1_311' title='bbox 701 2301 798 2339; x_wconf 86' lang='lat' dir='ltr'>unde</span> <span class='ocrx_word' id='word_1_312' title='bbox 833 2302 970 2339; x_wconf 82' lang='lat' dir='ltr'>animae</span> <span class='ocrx_word' id='word_1_313' title='bbox 1001 2303 1204 2339; x_wconf 77' lang='lat' dir='ltr'>excitantur</span> <span class='ocrx_word' id='word_1_314' title='bbox 1234 2303 1356 2340; x_wconf 78' lang='lat' dir='ltr'>uerba</span> <span class='ocrx_word' id='word_1_315' title='bbox 1394 2315 1524 2341; x_wconf 82' lang='lat' dir='ltr'>annon</span> <span class='ocrx_word' id='word_1_316' title='bbox 1554 2303 1707 2341; x_wconf 78' lang='lat' dir='ltr'>Cicero-</span> 
     </span>
     <span class='ocr_line' id='line_1_38' title="bbox 166 2358 1707 2409; baseline 0.002 -15"><span class='ocrx_word' id='word_1_317' title='bbox 166 2359 227 2395; x_wconf 80' lang='lat' dir='ltr'>nis</span> <span class='ocrx_word' id='word_1_318' title='bbox 261 2358 392 2404; x_wconf 79' lang='lat' dir='ltr'>potius</span> <span class='ocrx_word' id='word_1_319' title='bbox 427 2369 542 2406; x_wconf 82' lang='lat' dir='ltr'>quam</span> <span class='ocrx_word' id='word_1_320' title='bbox 575 2362 719 2406; x_wconf 79' lang='lat' dir='ltr'>poetae</span> <span class='ocrx_word' id='word_1_321' title='bbox 756 2361 832 2396; x_wconf 85' lang='lat' dir='ltr'>sint</span> <span class='ocrx_word' id='word_1_322' title='bbox 859 2358 1087 2407; x_wconf 69' lang='lat' dir='ltr'>ambiyuum.</span> <span class='ocrx_word' id='word_1_323' title='bbox 1204 2359 1358 2397; x_wconf 79' lang='lat' dir='ltr'>obseura</span> <span class='ocrx_word' id='word_1_324' title='bbox 1395 2359 1519 2396; x_wconf 84' lang='lat' dir='ltr'>umbra</span> <span class='ocrx_word' id='word_1_325' title='bbox 1558 2365 1707 2409; x_wconf 74' lang='lat' dir='ltr'>opertae</span> 
     </span>
    </p>
   </div>
   <div class='ocr_carea' id='block_1_12' title="bbox 165 2414 1707 2977">
    <p class='ocr_par' dir='ltr' id='par_1_12' title="bbox 165 2414 1707 2977">
     <span class='ocr_line' id='line_1_39' title="bbox 167 2414 1706 2466; baseline 0.002 -15"><span class='ocrx_word' id='word_1_326' title='bbox 167 2414 262 2451; x_wconf 83' lang='lat' dir='ltr'>ostio</span> <span class='ocrx_word' id='word_1_327' title='bbox 303 2414 506 2462; x_wconf 60' lang='lat' dir='ltr'>Bruxell„</span> <span class='ocrx_word' id='word_1_328' title='bbox 546 2415 732 2453; x_wconf 81' lang='lat' dir='ltr'>Dauisius</span> <span class='ocrx_word' id='word_1_329' title='bbox 771 2426 805 2452; x_wconf 88' lang='grc' dir='ltr'>ο.</span> <span class='ocrx_word' id='word_1_330' title='bbox 845 2426 882 2452; x_wconf 91' lang='lat' dir='ltr'>u.</span> <span class='ocrx_word' id='word_1_331' title='bbox 921 2420 1066 2464; x_wconf 79' lang='lat' dir='ltr'>apertae</span> <span class='ocrx_word' id='word_1_332' title='bbox 1104 2415 1225 2453; x_wconf 80' lang='lat' dir='ltr'>hostio</span> <span class='ocrx_word' id='word_1_333' title='bbox 1258 2417 1354 2454; x_wconf 85' lang='lat' dir='ltr'>Gud.</span> <span class='ocrx_word' id='word_1_334' title='bbox 1394 2417 1489 2466; x_wconf 68' lang='lat' dir='ltr'><strong><em>Ray.</em></strong></span> <span class='ocrx_word' id='word_1_335' title='bbox 1531 2416 1706 2454; x_wconf 80' lang='lat' dir='ltr'>obscurae</span> 
     </span>
     <span class='ocr_line' id='line_1_40' title="bbox 168 2470 1702 2523; baseline 0.001 -15"><span class='ocrx_word' id='word_1_336' title='bbox 168 2470 316 2508; x_wconf 82' lang='lat' dir='ltr'>umbrae</span> <span class='ocrx_word' id='word_1_337' title='bbox 337 2476 463 2520; x_wconf 83' lang='lat' dir='ltr'>aperto</span> <span class='ocrx_word' id='word_1_338' title='bbox 494 2473 590 2509; x_wconf 79' lang='lat' dir='ltr'>ostio</span> <span class='ocrx_word' id='word_1_339' title='bbox 613 2472 830 2519; x_wconf 61' lang='lat' dir='ltr'>Remmius,</span> <span class='ocrx_word' id='word_1_340' title='bbox 864 2473 934 2510; x_wconf 83' lang='lat' dir='ltr'>sed</span> <span class='ocrx_word' id='word_1_341' title='bbox 961 2473 1058 2510; x_wconf 82' lang='lat' dir='ltr'>idem</span> <span class='ocrx_word' id='word_1_342' title='bbox 1088 2471 1240 2510; x_wconf 83' lang='lat' dir='ltr'>obseura</span> <span class='ocrx_word' id='word_1_343' title='bbox 1263 2473 1387 2511; x_wconf 83' lang='lat' dir='ltr'>umbra</span> <span class='ocrx_word' id='word_1_344' title='bbox 1409 2479 1559 2523; x_wconf 79' lang='lat' dir='ltr'>opertae</span> <span class='ocrx_word' id='word_1_345' title='bbox 1590 2476 1702 2512; x_wconf 80' lang='lat' dir='ltr'>alias.</span> 
     </span>
     <span class='ocr_line' id='line_1_41' title="bbox 167 2526 1704 2578; baseline 0.003 -14"><span class='ocrx_word' id='word_1_346' title='bbox 167 2527 319 2565; x_wconf 82' lang='lat' dir='ltr'>obscura</span> <span class='ocrx_word' id='word_1_347' title='bbox 350 2526 472 2565; x_wconf 80' lang='lat' dir='ltr'>umbra</span> <span class='ocrx_word' id='word_1_348' title='bbox 503 2533 629 2578; x_wconf 80' lang='lat' dir='ltr'>aperto</span> <span class='ocrx_word' id='word_1_349' title='bbox 667 2540 710 2567; x_wconf 80' lang='lat' dir='ltr'>ex</span> <span class='ocrx_word' id='word_1_350' title='bbox 749 2530 844 2566; x_wconf 77' lang='lat' dir='ltr'>ostio</span> <span class='ocrx_word' id='word_1_351' title='bbox 875 2530 1081 2568; x_wconf 78' lang='lat' dir='ltr'>Maduicus</span> <span class='ocrx_word' id='word_1_352' title='bbox 1211 2530 1261 2568; x_wconf 87' lang='grc'>77</span> <span class='ocrx_word' id='word_1_353' title='bbox 1294 2530 1387 2568; x_wconf 76' lang='lat' dir='ltr'>altae</span> <span class='ocrx_word' id='word_1_354' title='bbox 1417 2531 1597 2568; x_wconf 74' lang='lat' dir='ltr'>Klotzius</span> <span class='ocrx_word' id='word_1_355' title='bbox 1633 2531 1704 2567; x_wconf 76' lang='lat' dir='ltr'>alte</span> 
     </span>
     <span class='ocr_line' id='line_1_42' title="bbox 168 2585 1707 2636; baseline 0.001 -14"><span class='ocrx_word' id='word_1_356' title='bbox 168 2585 265 2622; x_wconf 83' lang='lat' dir='ltr'>Gud.</span> <span class='ocrx_word' id='word_1_357' title='bbox 295 2585 391 2634; x_wconf 76' lang='lat' dir='ltr'>Rey.</span> <span class='ocrx_word' id='word_1_358' title='bbox 424 2585 496 2623; x_wconf 77' lang='lat' dir='ltr'>alto</span> <span class='ocrx_word' id='word_1_359' title='bbox 533 2585 709 2624; x_wconf 83' lang='lat' dir='ltr'>Bruxell.</span> <span class='ocrx_word' id='word_1_360' title='bbox 747 2586 810 2623; x_wconf 82' lang='lat' dir='ltr'>alti</span> <span class='ocrx_word' id='word_1_361' title='bbox 841 2587 1042 2624; x_wconf 80' lang='lat' dir='ltr'>Bentleius</span> <span class='ocrx_word' id='word_1_362' title='bbox 1076 2598 1197 2624; x_wconf 81' lang='lat' dir='ltr'>cassae</span> <span class='ocrx_word' id='word_1_363' title='bbox 1222 2599 1340 2636; x_wconf 84' lang='lat' dir='ltr'>prop.</span> <span class='ocrx_word' id='word_1_364' title='bbox 1377 2587 1564 2634; x_wconf 84' lang='lat' dir='ltr'>Orellius,</span> <span class='ocrx_word' id='word_1_365' title='bbox 1603 2589 1707 2636; x_wconf 80' lang='lat' dir='ltr'>quod</span> 
     </span>
     <span class='ocr_line' id='line_1_43' title="bbox 165 2641 1706 2693; baseline 0.001 -14"><span class='ocrx_word' id='word_1_366' title='bbox 165 2641 338 2690; x_wconf 80' lang='lat' dir='ltr'>defendit</span> <span class='ocrx_word' id='word_1_367' title='bbox 369 2641 591 2691; x_wconf 79' lang='lat' dir='ltr'>Seyffertus</span> <span class='ocrx_word' id='word_1_368' title='bbox 685 2642 780 2680; x_wconf 78' lang='lat' dir='ltr'>salso</span> <span class='ocrx_word' id='word_1_369' title='bbox 813 2644 908 2693; x_wconf 73' lang='lat' dir='ltr'>Rey.</span> <span class='ocrx_word' id='word_1_370' title='bbox 932 2644 1028 2681; x_wconf 80' lang='lat' dir='ltr'>Gud.</span> <span class='ocrx_word' id='word_1_371' title='bbox 1051 2645 1180 2682; x_wconf 79' lang='lat' dir='ltr'>Brux.</span> <span class='ocrx_word' id='word_1_372' title='bbox 1214 2644 1295 2682; x_wconf 81' lang='lat' dir='ltr'>suso</span> <span class='ocrx_word' id='word_1_373' title='bbox 1326 2645 1529 2682; x_wconf 79' lang='lat' dir='ltr'>Bentleius</span> <span class='ocrx_word' id='word_1_374' title='bbox 1632 2644 1706 2689; x_wconf 77' lang='lat' dir='ltr'>Qui</span> 
     </span>
     <span class='ocr_line' id='line_1_44' title="bbox 167 2699 1703 2750; baseline 0.001 -16"><span class='ocrx_word' id='word_1_375' title='bbox 167 2710 252 2736; x_wconf 80' lang='lat' dir='ltr'>cum</span> <span class='ocrx_word' id='word_1_376' title='bbox 284 2699 482 2737; x_wconf 74' lang='lat' dir='ltr'>Gulielmio</span> <span class='ocrx_word' id='word_1_377' title='bbox 513 2701 699 2738; x_wconf 81' lang='lat' dir='ltr'>claudunt</span> <span class='ocrx_word' id='word_1_378' title='bbox 730 2701 995 2738; x_wconf 71' lang='lat' dir='ltr'>uersmnhis:</span> <span class='ocrx_word' id='word_1_379' title='bbox 1031 2701 1232 2750; x_wconf 81' lang='lat' dir='ltr'>sanguiue,</span> <span class='ocrx_word' id='word_1_380' title='bbox 1271 2707 1498 2738; x_wconf 72' lang='lat' dir='ltr'>mortuorum</span> <span class='ocrx_word' id='word_1_381' title='bbox 1529 2701 1703 2749; x_wconf 80' lang='lat' dir='ltr'>imagines</span> 
     </span>
     <span class='ocr_line' id='line_1_45' title="bbox 169 2756 1703 2807; baseline 0.001 -15"><span class='ocrx_word' id='word_1_382' title='bbox 169 2756 373 2793; x_wconf 77' lang='lat' dir='ltr'>trochaeos</span> <span class='ocrx_word' id='word_1_383' title='bbox 392 2757 547 2805; x_wconf 81' lang='lat' dir='ltr'>dactylo</span> <span class='ocrx_word' id='word_1_384' title='bbox 569 2763 835 2805; x_wconf 81' lang='lat' dir='ltr'>corrumpunt.</span> <span class='ocrx_word' id='word_1_385' title='bbox 918 2756 1071 2795; x_wconf 82' lang='lat' dir='ltr'>obscura</span> <span class='ocrx_word' id='word_1_386' title='bbox 1093 2756 1217 2795; x_wconf 78' lang='lat' dir='ltr'>umbra</span> <span class='ocrx_word' id='word_1_387' title='bbox 1239 2763 1364 2807; x_wconf 78' lang='lat' dir='ltr'>aperto</span> <span class='ocrx_word' id='word_1_388' title='bbox 1386 2757 1448 2794; x_wconf 75' lang='lat' dir='ltr'>alti</span> <span class='ocrx_word' id='word_1_389' title='bbox 1469 2757 1564 2794; x_wconf 77' lang='lat' dir='ltr'>ostio</span> <span class='ocrx_word' id='word_1_390' title='bbox 1587 2757 1703 2794; x_wconf 82' lang='lat' dir='ltr'>Ache-</span> 
     </span>
     <span class='ocr_line' id='line_1_46' title="bbox 166 2811 1700 2863; baseline 0.001 -15"><span class='ocrx_word' id='word_1_391' title='bbox 166 2813 284 2849; x_wconf 77' lang='lat' dir='ltr'>runtis</span> <span class='ocrx_word' id='word_1_392' title='bbox 306 2811 395 2850; x_wconf 81' lang='lat' dir='ltr'>salso</span> <span class='ocrx_word' id='word_1_393' title='bbox 417 2815 595 2862; x_wconf 79' lang='lat' dir='ltr'>sanguiue</span> <span class='ocrx_word' id='word_1_394' title='bbox 625 2815 788 2852; x_wconf 77' lang='lat' dir='ltr'>Belkius</span> <span class='ocrx_word' id='word_1_395' title='bbox 876 2815 927 2852; x_wconf 81' lang='lat'>76</span> <span class='ocrx_word' id='word_1_396' title='bbox 950 2826 1006 2863; x_wconf 83' lang='lat' dir='ltr'>sq.</span> <span class='ocrx_word' id='word_1_397' title='bbox 1030 2826 1115 2853; x_wconf 84' lang='lat' dir='ltr'>cum</span> <span class='ocrx_word' id='word_1_398' title='bbox 1139 2814 1190 2852; x_wconf 87' lang='lat'>75</span> <span class='ocrx_word' id='word_1_399' title='bbox 1213 2816 1466 2852; x_wconf 79' lang='lat' dir='ltr'>Hermamms</span> <span class='ocrx_word' id='word_1_400' title='bbox 1490 2815 1543 2850; x_wconf 83' lang='lat' dir='ltr'>ad</span> <span class='ocrx_word' id='word_1_401' title='bbox 1562 2814 1700 2862; x_wconf 74' lang='lat' dir='ltr'>Eur-ip.</span> 
     </span>
     <span class='ocr_line' id='line_1_47' title="bbox 169 2867 1703 2920; baseline 0.001 -15"><span class='ocrx_word' id='word_1_402' title='bbox 169 2868 319 2906; x_wconf 75' lang='lat' dir='ltr'>Hecub.</span> <span class='ocrx_word' id='word_1_403' title='bbox 344 2869 364 2906; x_wconf 95' lang='lat'>1</span> <span class='ocrx_word' id='word_1_404' title='bbox 388 2872 444 2907; x_wconf 78' lang='lat' dir='ltr'>sic</span> <span class='ocrx_word' id='word_1_405' title='bbox 464 2873 644 2920; x_wconf 76' lang='lat' dir='ltr'>coniunyi</span> <span class='ocrx_word' id='word_1_406' title='bbox 663 2873 804 2909; x_wconf 80' lang='lat' dir='ltr'>uoluit.-</span> <span class='ocrx_word' id='word_1_407' title='bbox 837 2871 1012 2918; x_wconf 77' lang='lat' dir='ltr'>inferum,</span> <span class='ocrx_word' id='word_1_408' title='bbox 1035 2867 1148 2908; x_wconf 85' lang='lat' dir='ltr'>&#39;Vnde</span> <span class='ocrx_word' id='word_1_409' title='bbox 1169 2873 1305 2908; x_wconf 73' lang='lat' dir='ltr'>annuae</span> <span class='ocrx_word' id='word_1_410' title='bbox 1327 2870 1529 2907; x_wconf 73' lang='lat' dir='ltr'>excitantur</span> <span class='ocrx_word' id='word_1_411' title='bbox 1549 2870 1703 2907; x_wconf 76' lang='lat' dir='ltr'>obscura</span> 
     </span>
     <span class='ocr_line' id='line_1_48' title="bbox 169 2924 1701 2977; baseline 0.001 -14"><span class='ocrx_word' id='word_1_412' title='bbox 169 2924 314 2972; x_wconf 76' lang='lat' dir='ltr'>umbra,</span> <span class='ocrx_word' id='word_1_413' title='bbox 345 2931 469 2975; x_wconf 76' lang='lat' dir='ltr'>aperto</span> <span class='ocrx_word' id='word_1_414' title='bbox 500 2928 562 2965; x_wconf 79' lang='lat' dir='ltr'>alti</span> <span class='ocrx_word' id='word_1_415' title='bbox 583 2929 678 2966; x_wconf 81' lang='lat' dir='ltr'>ostio</span> <span class='ocrx_word' id='word_1_416' title='bbox 700 2925 929 2965; x_wconf 76' lang='lat' dir='ltr'>&#39;Acheruntis</span> <span class='ocrx_word' id='word_1_417' title='bbox 963 2928 1050 2966; x_wconf 78' lang='lat' dir='ltr'>falso</span> <span class='ocrx_word' id='word_1_418' title='bbox 1083 2930 1235 2977; x_wconf 74' lang='lat' dir='ltr'>sangui,</span> <span class='ocrx_word' id='word_1_419' title='bbox 1267 2933 1494 2965; x_wconf 76' lang='lat' dir='ltr'>mortuorum</span> <span class='ocrx_word' id='word_1_420' title='bbox 1515 2928 1701 2977; x_wconf 56' lang='lat' dir='ltr'>imagine&amp;</span> 
     </span>
    </p>
   </div>
  </div>
 </body>
</html>
