<?xml version="1.0" encoding="UTF-8"?>
<!DOCTYPE html PUBLIC "-//W3C//DTD XHTML 1.0 Transitional//EN"
    "http://www.w3.org/TR/xhtml1/DTD/xhtml1-transitional.dtd">
<html xmlns="http://www.w3.org/1999/xhtml" xml:lang="en" lang="en">
 <head>
  <title>
</title>
<meta http-equiv="Content-Type" content="text/html;charset=utf-8" />
  <meta name='ocr-system' content='tesseract 3.04.00' />
  <meta name='ocr-capabilities' content='ocr_page ocr_carea ocr_par ocr_line ocrx_word'/>
</head>
<body>
  <div class='ocr_page' id='page_1' title='image "./romanorumpoes01ribbuoft_0037.png"; bbox 0 0 1942 3204; ppageno 0'>
   <div class='ocr_carea' id='block_1_1' title="bbox 727 248 1669 285">
    <p class='ocr_par' dir='ltr' id='par_1_1' title="bbox 727 248 1669 285">
     <span class='ocr_line' id='line_1_1' title="bbox 727 248 1669 285; baseline -0.001 0"><span class='ocrx_word' id='word_1_1' title='bbox 727 248 1080 285; x_wconf 77' lang='lat' dir='ltr'>OOROLLARIVM</span> <span class='ocrx_word' id='word_1_2' title='bbox 1519 248 1669 284; x_wconf 89' lang='lat' dir='ltr'>XXXIII</span> 
     </span>
    </p>
   </div>
   <div class='ocr_carea' id='block_1_2' title="bbox 132 357 1671 2984">
    <p class='ocr_par' dir='ltr' id='par_1_2' title="bbox 138 357 1669 559">
     <span class='ocr_line' id='line_1_2' title="bbox 140 357 1669 414; baseline -0.002 -11"><span class='ocrx_word' id='word_1_3' title='bbox 140 358 430 403; x_wconf 86' lang='lat' dir='ltr'><strong>Buechelerus</strong></span> <span class='ocrx_word' id='word_1_4' title='bbox 473 359 580 402; x_wconf 75' lang='lat' dir='ltr'><strong>ditat</strong></span> <span class='ocrx_word' id='word_1_5' title='bbox 622 358 770 401; x_wconf 84' lang='lat' dir='ltr'><strong>inseri·</strong></span> <span class='ocrx_word' id='word_1_6' title='bbox 796 358 925 401; x_wconf 90' lang='lat' dir='ltr'><strong>iubet.</strong></span> <span class='ocrx_word' id='word_1_7' title='bbox 1000 357 1082 400; x_wconf 82' lang='lat' dir='ltr'><strong>Sed</strong></span> <span class='ocrx_word' id='word_1_8' title='bbox 1127 372 1214 400; x_wconf 91' lang='lat' dir='ltr'><strong>non</strong></span> <span class='ocrx_word' id='word_1_9' title='bbox 1262 358 1403 400; x_wconf 86' lang='lat' dir='ltr'><strong>minus</strong></span> <span class='ocrx_word' id='word_1_10' title='bbox 1447 358 1669 414; x_wconf 83' lang='lat' dir='ltr'>probabile</span> 
     </span>
     <span class='ocr_line' id='line_1_3' title="bbox 138 430 647 487; baseline -0.002 -13"><span class='ocrx_word' id='word_1_11' title='bbox 138 430 308 475; x_wconf 83' lang='lat' dir='ltr'><strong>videtur</strong></span> <span class='ocrx_word' id='word_1_12' title='bbox 338 430 452 487; x_wconf 83' lang='lat' dir='ltr'><strong>quod</strong></span> <span class='ocrx_word' id='word_1_13' title='bbox 484 430 647 474; x_wconf 89' lang='lat' dir='ltr'><strong>conieci</strong></span> 
     </span>
     <span class='ocr_line' id='line_1_4' title="bbox 156 492 1574 559; baseline -0.001 -14"><span class='ocrx_word' id='word_1_14' title='bbox 156 527 161 532; x_wconf 91' lang='lat'>·</span> <span class='ocrx_word' id='word_1_15' title='bbox 210 492 307 545; x_wconf 68' lang='lat' dir='ltr'><strong>¹sed</strong></span> <span class='ocrx_word' id='word_1_16' title='bbox 339 517 407 544; x_wconf 91' lang='lat' dir='ltr'><strong>me</strong></span> <span class='ocrx_word' id='word_1_17' title='bbox 439 502 598 559; x_wconf 92' lang='lat' dir='ltr'>Apollo</span> <span class='ocrx_word' id='word_1_18' title='bbox 630 502 717 558; x_wconf 75' lang='lat' dir='ltr'><strong>spe</strong></span> <span class='ocrx_word' id='word_1_19' title='bbox 748 501 975 544; x_wconf 85' lang='lat' dir='ltr'><strong>delectat</strong></span> <span class='ocrx_word' id='word_1_20' title='bbox 1004 501 1164 557; x_wconf 77' lang='lat' dir='ltr'><strong>laeta,</strong></span> <span class='ocrx_word' id='word_1_21' title='bbox 1194 500 1342 543; x_wconf 90' lang='lat' dir='ltr'><strong>ductat</strong></span> <span class='ocrx_word' id='word_1_22' title='bbox 1373 501 1574 544; x_wconf 72' lang='lat' dir='ltr'><strong>Delficus.</strong></span> 
     </span>
    </p>

    <p class='ocr_par' dir='ltr' id='par_1_3' title="bbox 136 572 1670 702">
     <span class='ocr_line' id='line_1_5' title="bbox 256 572 1670 617; baseline -0.001 0"><span class='ocrx_word' id='word_1_23' title='bbox 256 573 310 617; x_wconf 90' lang='lat' dir='ltr'><strong>V.</strong></span> <span class='ocrx_word' id='word_1_24' title='bbox 341 574 440 617; x_wconf 84' lang='grc'><strong>298.</strong></span> <span class='ocrx_word' id='word_1_25' title='bbox 489 573 555 616; x_wconf 90' lang='lat' dir='ltr'><strong>De</strong></span> <span class='ocrx_word' id='word_1_26' title='bbox 586 573 872 616; x_wconf 78' lang='lat' dir='ltr'>continuitate</span> <span class='ocrx_word' id='word_1_27' title='bbox 903 587 1182 615; x_wconf 89' lang='lat' dir='ltr'><strong>numerorum</strong></span> <span class='ocrx_word' id='word_1_28' title='bbox 1214 573 1343 615; x_wconf 85' lang='lat' dir='ltr'><strong>etiam</strong></span> <span class='ocrx_word' id='word_1_29' title='bbox 1375 572 1424 614; x_wconf 86' lang='lat' dir='ltr'><strong>G.</strong></span> <span class='ocrx_word' id='word_1_30' title='bbox 1457 572 1670 615; x_wconf 84' lang='lat' dir='ltr'><strong>Christius</strong></span> 
     </span>
     <span class='ocr_line' id='line_1_6' title="bbox 136 642 1670 702; baseline -0.001 -15"><span class='ocrx_word' id='word_1_31' title='bbox 136 659 289 688; x_wconf 89' lang='lat' dir='ltr'><strong>comm.</strong></span> <span class='ocrx_word' id='word_1_32' title='bbox 316 645 368 687; x_wconf 91' lang='lat' dir='ltr'><strong>de</strong></span> <span class='ocrx_word' id='word_1_33' title='bbox 395 644 574 688; x_wconf 88' lang='lat' dir='ltr'><strong>canticis</strong></span> <span class='ocrx_word' id='word_1_34' title='bbox 594 644 737 687; x_wconf 87' lang='lat' dir='ltr'><strong>Plauti</strong></span> <span class='ocrx_word' id='word_1_35' title='bbox 759 643 896 702; x_wconf 88' lang='lat' dir='ltr'><strong>(acad.</strong></span> <span class='ocrx_word' id='word_1_36' title='bbox 922 643 1092 687; x_wconf 92' lang='lat' dir='ltr'><strong>Monac.</strong></span> <span class='ocrx_word' id='word_1_37' title='bbox 1121 643 1246 699; x_wconf 85' lang='lat'><strong>1871,</strong></span> <span class='ocrx_word' id='word_1_38' title='bbox 1270 642 1314 701; x_wconf 87' lang='lat'><strong>1)</strong></span> <span class='ocrx_word' id='word_1_39' title='bbox 1347 659 1386 699; x_wconf 90' lang='lat' dir='ltr'><strong>p.</strong></span> <span class='ocrx_word' id='word_1_40' title='bbox 1406 645 1463 686; x_wconf 87' lang='lat'><strong>64</strong></span> <span class='ocrx_word' id='word_1_41' title='bbox 1495 645 1670 702; x_wconf 85' lang='lat' dir='ltr'><strong>cogitat.</strong></span> 
     </span>
    </p>

    <p class='ocr_par' dir='ltr' id='par_1_4' title="bbox 135 708 1671 988">
     <span class='ocr_line' id='line_1_7' title="bbox 256 708 1669 774; baseline -0.002 -14"><span class='ocrx_word' id='word_1_42' title='bbox 256 716 449 774; x_wconf 86' lang='lat' dir='ltr'>Longius</span> <span class='ocrx_word' id='word_1_43' title='bbox 487 716 682 773; x_wconf 86' lang='lat' dir='ltr'><strong>quaesita</strong></span> <span class='ocrx_word' id='word_1_44' title='bbox 718 715 984 759; x_wconf 89' lang='lat' dir='ltr'><strong>Buechelero</strong></span> <span class='ocrx_word' id='word_1_45' title='bbox 1023 715 1223 758; x_wconf 85' lang='lat' dir='ltr'><strong>videntur</strong></span> <span class='ocrx_word' id='word_1_46' title='bbox 1260 730 1369 771; x_wconf 90' lang='lat' dir='ltr'><strong>quae</strong></span> <span class='ocrx_word' id='word_1_47' title='bbox 1408 708 1448 758; x_wconf 66' lang='lat' dir='ltr'><strong>v.</strong></span> <span class='ocrx_word' id='word_1_48' title='bbox 1483 716 1569 758; x_wconf 89' lang='grc'><strong>299</strong></span> <span class='ocrx_word' id='word_1_49' title='bbox 1610 731 1669 772; x_wconf 88' lang='lat' dir='ltr'><strong>sq.</strong></span> 
     </span>
     <span class='ocr_line' id='line_1_8' title="bbox 138 787 1669 845; baseline -0.001 -14"><span class='ocrx_word' id='word_1_50' title='bbox 138 788 300 844; x_wconf 82' lang='lat' dir='ltr'><strong>scripsi.</strong></span> <span class='ocrx_word' id='word_1_51' title='bbox 348 788 448 845; x_wconf 90' lang='lat' dir='ltr'><strong>Ipse</strong></span> <span class='ocrx_word' id='word_1_52' title='bbox 473 787 654 831; x_wconf 88' lang='lat' dir='ltr'><strong>Atreum</strong></span> <span class='ocrx_word' id='word_1_53' title='bbox 682 788 749 830; x_wconf 87' lang='lat' dir='ltr'><strong>vel</strong></span> <span class='ocrx_word' id='word_1_54' title='bbox 775 787 1010 844; x_wconf 83' lang='lat' dir='ltr'><strong>Thyestam</strong></span> <span class='ocrx_word' id='word_1_55' title='bbox 1043 789 1225 830; x_wconf 85' lang='lat' dir='ltr'><strong>mortem</strong></span> <span class='ocrx_word' id='word_1_56' title='bbox 1258 803 1283 829; x_wconf 88' lang='lat' dir='ltr'><strong>a</strong></span> <span class='ocrx_word' id='word_1_57' title='bbox 1314 787 1447 829; x_wconf 86' lang='lat' dir='ltr'><strong>fratre</strong></span> <span class='ocrx_word' id='word_1_58' title='bbox 1479 790 1669 829; x_wconf 89' lang='lat' dir='ltr'><strong>metuen-</strong></span> 
     </span>
     <span class='ocr_line' id='line_1_9' title="bbox 135 859 1671 917; baseline -0.001 -14"><span class='ocrx_word' id='word_1_59' title='bbox 135 863 241 917; x_wconf 84' lang='lat' dir='ltr'><strong>tem,</strong></span> <span class='ocrx_word' id='word_1_60' title='bbox 285 859 566 916; x_wconf 85' lang='lat' dir='ltr'><strong>praecavendi</strong></span> <span class='ocrx_word' id='word_1_61' title='bbox 611 859 791 903; x_wconf 88' lang='lat' dir='ltr'><strong>consilia</strong></span> <span class='ocrx_word' id='word_1_62' title='bbox 833 859 1115 902; x_wconf 77' lang='lat' dir='ltr'><strong>meditantem</strong></span> <span class='ocrx_word' id='word_1_63' title='bbox 1160 873 1256 901; x_wconf 92' lang='lat' dir='ltr'><strong>cum</strong></span> <span class='ocrx_word' id='word_1_64' title='bbox 1305 859 1449 901; x_wconf 85' lang='lat' dir='ltr'><strong>animo</strong></span> <span class='ocrx_word' id='word_1_65' title='bbox 1489 875 1566 902; x_wconf 91' lang='lat' dir='ltr'><strong>suo</strong></span> <span class='ocrx_word' id='word_1_66' title='bbox 1611 860 1671 901; x_wconf 87' lang='lat' dir='ltr'><strong>ita</strong></span> 
     </span>
     <span class='ocr_line' id='line_1_10' title="bbox 136 930 1224 988; baseline -0.002 -14"><span class='ocrx_word' id='word_1_67' title='bbox 136 946 263 988; x_wconf 83' lang='lat' dir='ltr'><strong>agere</strong></span> <span class='ocrx_word' id='word_1_68' title='bbox 294 934 340 974; x_wconf 86' lang='lat' dir='ltr'><strong>et</strong></span> <span class='ocrx_word' id='word_1_69' title='bbox 370 931 540 974; x_wconf 89' lang='lat' dir='ltr'><strong>sceleris</strong></span> <span class='ocrx_word' id='word_1_70' title='bbox 573 931 837 973; x_wconf 89' lang='lat' dir='ltr'><strong>mentionem</strong></span> <span class='ocrx_word' id='word_1_71' title='bbox 870 945 1022 986; x_wconf 89' lang='lat' dir='ltr'><strong>parare</strong></span> <span class='ocrx_word' id='word_1_72' title='bbox 1054 930 1224 973; x_wconf 76' lang='lat' dir='ltr'><strong>statuit:</strong></span> 
     </span>
    </p>

    <p class='ocr_par' dir='ltr' id='par_1_5' title="bbox 132 1002 1670 1988">
     <span class='ocr_line' id='line_1_11' title="bbox 236 1002 1569 1059; baseline -0.002 -13"><span class='ocrx_word' id='word_1_73' title='bbox 236 1002 519 1059; x_wconf 81' lang='lat' dir='ltr'><strong>impetremne</strong></span> <span class='ocrx_word' id='word_1_74' title='bbox 549 1003 676 1045; x_wconf 73' lang='lat' dir='ltr'><strong>facile</strong></span> <span class='ocrx_word' id='word_1_75' title='bbox 702 1003 756 1045; x_wconf 92' lang='lat' dir='ltr'><strong>ab</strong></span> <span class='ocrx_word' id='word_1_76' title='bbox 783 1003 946 1059; x_wconf 87' lang='lat' dir='ltr'><strong>animo,</strong></span> <span class='ocrx_word' id='word_1_77' title='bbox 972 1005 1021 1044; x_wconf 90' lang='lat' dir='ltr'><strong>ut</strong></span> <span class='ocrx_word' id='word_1_78' title='bbox 1046 1003 1195 1044; x_wconf 74' lang='lat' dir='ltr'><strong>cernat</strong></span> <span class='ocrx_word' id='word_1_79' title='bbox 1219 1002 1396 1044; x_wconf 70' lang='lat' dir='ltr'><strong>uitalem</strong></span> <span class='ocrx_word' id='word_1_80' title='bbox 1422 1003 1569 1045; x_wconf 85' lang='lat' dir='ltr'><strong>uiam?</strong></span> 
     </span>
     <span class='ocr_line' id='line_1_12' title="bbox 135 1073 1668 1131; baseline -0.001 -14"><span class='ocrx_word' id='word_1_81' title='bbox 135 1074 323 1131; x_wconf 85' lang='lat' dir='ltr'><strong>Adigere</strong></span> <span class='ocrx_word' id='word_1_82' title='bbox 361 1075 533 1130; x_wconf 89' lang='lat' dir='ltr'><strong>quidem</strong></span> <span class='ocrx_word' id='word_1_83' title='bbox 571 1075 637 1117; x_wconf 90' lang='lat' dir='ltr'><strong>vel</strong></span> <span class='ocrx_word' id='word_1_84' title='bbox 675 1074 886 1116; x_wconf 83' lang='lat' dir='ltr'>adducere</span> <span class='ocrx_word' id='word_1_85' title='bbox 923 1074 990 1116; x_wconf 85' lang='lat' dir='ltr'><strong>vel</strong></span> <span class='ocrx_word' id='word_1_86' title='bbox 1028 1073 1213 1116; x_wconf 87' lang='lat' dir='ltr'><strong>excitare</strong></span> <span class='ocrx_word' id='word_1_87' title='bbox 1251 1074 1475 1130; x_wconf 84' lang='lat' dir='ltr'>ingenium</span> <span class='ocrx_word' id='word_1_88' title='bbox 1520 1089 1668 1130; x_wconf 89' lang='lat' dir='ltr'><strong>possu-</strong></span> 
     </span>
     <span class='ocr_line' id='line_1_13' title="bbox 136 1145 1669 1202; baseline -0.001 -13"><span class='ocrx_word' id='word_1_89' title='bbox 136 1161 248 1202; x_wconf 87' lang='lat' dir='ltr'>mus,</span> <span class='ocrx_word' id='word_1_90' title='bbox 292 1149 340 1188; x_wconf 86' lang='lat' dir='ltr'><strong>ut</strong></span> <span class='ocrx_word' id='word_1_91' title='bbox 376 1146 527 1189; x_wconf 89' lang='lat' dir='ltr'><strong>salutis</strong></span> <span class='ocrx_word' id='word_1_92' title='bbox 571 1146 685 1188; x_wconf 89' lang='lat' dir='ltr'><strong>viam</strong></span> <span class='ocrx_word' id='word_1_93' title='bbox 729 1148 894 1188; x_wconf 87' lang='lat' dir='ltr'><strong>cernat:</strong></span> <span class='ocrx_word' id='word_1_94' title='bbox 939 1145 1012 1187; x_wconf 86' lang='lat' dir='ltr'><strong>sed</strong></span> <span class='ocrx_word' id='word_1_95' title='bbox 1057 1145 1213 1201; x_wconf 90' lang='lat' dir='ltr'><strong>quibus</strong></span> <span class='ocrx_word' id='word_1_96' title='bbox 1258 1145 1433 1187; x_wconf 87' lang='lat' dir='ltr'><strong>tandem</strong></span> <span class='ocrx_word' id='word_1_97' title='bbox 1472 1146 1669 1201; x_wconf 89' lang='lat' dir='ltr'><strong>precibus</strong></span> 
     </span>
     <span class='ocr_line' id='line_1_14' title="bbox 135 1217 1670 1274; baseline -0.001 -14"><span class='ocrx_word' id='word_1_98' title='bbox 135 1218 201 1261; x_wconf 89' lang='lat' dir='ltr'><strong>vel</strong></span> <span class='ocrx_word' id='word_1_99' title='bbox 239 1217 460 1261; x_wconf 86' lang='lat' dir='ltr'><strong>blanditiis</strong></span> <span class='ocrx_word' id='word_1_100' title='bbox 498 1218 763 1274; x_wconf 90' lang='lat' dir='ltr'><strong>inpetremus</strong></span> <span class='ocrx_word' id='word_1_101' title='bbox 807 1217 862 1259; x_wconf 86' lang='lat' dir='ltr'><strong>ab</strong></span> <span class='ocrx_word' id='word_1_102' title='bbox 906 1217 1051 1259; x_wconf 91' lang='lat' dir='ltr'><strong>animo</strong></span> <span class='ocrx_word' id='word_1_103' title='bbox 1089 1217 1178 1259; x_wconf 88' lang='lat' dir='ltr'><strong>sive</strong></span> <span class='ocrx_word' id='word_1_104' title='bbox 1222 1217 1374 1259; x_wconf 92' lang='lat' dir='ltr'><strong>timido</strong></span> <span class='ocrx_word' id='word_1_105' title='bbox 1414 1217 1502 1259; x_wconf 89' lang='lat' dir='ltr'><strong>sive</strong></span> <span class='ocrx_word' id='word_1_106' title='bbox 1546 1217 1670 1272; x_wconf 82' lang='lat' dir='ltr'><strong>irato,</strong></span> 
     </span>
     <span class='ocr_line' id='line_1_15' title="bbox 134 1288 1668 1343; baseline -0.001 -11"><span class='ocrx_word' id='word_1_107' title='bbox 134 1305 189 1332; x_wconf 89' lang='lat' dir='ltr'><strong>ne</strong></span> <span class='ocrx_word' id='word_1_108' title='bbox 226 1289 468 1332; x_wconf 79' lang='lat' dir='ltr'><strong>caecutiat?</strong></span> <span class='ocrx_word' id='word_1_109' title='bbox 518 1293 604 1332; x_wconf 90' lang='lat' dir='ltr'><strong>Nec</strong></span> <span class='ocrx_word' id='word_1_110' title='bbox 640 1290 724 1331; x_wconf 89' lang='lat' dir='ltr'><strong>ista</strong></span> <span class='ocrx_word' id='word_1_111' title='bbox 761 1288 991 1331; x_wconf 81' lang='lat' dir='ltr'><strong>haesitatio</strong></span> <span class='ocrx_word' id='word_1_112' title='bbox 1030 1303 1079 1330; x_wconf 90' lang='lat' dir='ltr'><strong>ac</strong></span> <span class='ocrx_word' id='word_1_113' title='bbox 1118 1288 1328 1331; x_wconf 86' lang='lat' dir='ltr'><strong>timiditas</strong></span> <span class='ocrx_word' id='word_1_114' title='bbox 1367 1288 1668 1343; x_wconf 83' lang='lat' dir='ltr'><strong>Pelopidarum</strong></span> 
     </span>
     <span class='ocr_line' id='line_1_16' title="bbox 135 1359 1670 1418; baseline -0.001 -14"><span class='ocrx_word' id='word_1_115' title='bbox 135 1376 391 1418; x_wconf 88' lang='lat' dir='ltr'><strong>quemquam</strong></span> <span class='ocrx_word' id='word_1_116' title='bbox 429 1361 474 1403; x_wconf 89' lang='lat' dir='ltr'><strong>in</strong></span> <span class='ocrx_word' id='word_1_117' title='bbox 511 1361 736 1417; x_wconf 85' lang='lat' dir='ltr'><strong>tragoedia</strong></span> <span class='ocrx_word' id='word_1_118' title='bbox 773 1360 968 1402; x_wconf 86' lang='lat' dir='ltr'><strong>decebat:</strong></span> <span class='ocrx_word' id='word_1_119' title='bbox 1015 1359 1171 1403; x_wconf 89' lang='lat' dir='ltr'><strong>fortius</strong></span> <span class='ocrx_word' id='word_1_120' title='bbox 1208 1360 1514 1415; x_wconf 79' lang='lat' dir='ltr'><strong>loquebantur,</strong></span> <span class='ocrx_word' id='word_1_121' title='bbox 1552 1361 1670 1402; x_wconf 88' lang='lat' dir='ltr'><strong>velut</strong></span> 
     </span>
     <span class='ocr_line' id='line_1_17' title="bbox 135 1429 1669 1490; baseline -0.002 -15"><span class='ocrx_word' id='word_1_122' title='bbox 135 1440 233 1490; x_wconf 84' lang='lat' dir='ltr'><strong>‘age</strong></span> <span class='ocrx_word' id='word_1_123' title='bbox 271 1433 414 1475; x_wconf 90' lang='lat' dir='ltr'><strong>anime</strong></span> <span class='ocrx_word' id='word_1_124' title='bbox 450 1432 519 1489; x_wconf 87' lang='lat' dir='ltr'><strong>fac</strong></span> <span class='ocrx_word' id='word_1_125' title='bbox 556 1432 672 1488; x_wconf 91' lang='lat' dir='ltr'><strong>quod</strong></span> <span class='ocrx_word' id='word_1_126' title='bbox 709 1432 829 1474; x_wconf 90' lang='lat' dir='ltr'><strong>nulla</strong></span> <span class='ocrx_word' id='word_1_127' title='bbox 866 1431 1098 1487; x_wconf 88' lang='lat' dir='ltr'><strong>posteritas</strong></span> <span class='ocrx_word' id='word_1_128' title='bbox 1136 1431 1304 1486; x_wconf 89' lang='lat' dir='ltr'><strong>probet&#39;</strong></span> <span class='ocrx_word' id='word_1_129' title='bbox 1346 1429 1529 1486; x_wconf 86' lang='lat' dir='ltr'><strong>(Seneca</strong></span> <span class='ocrx_word' id='word_1_130' title='bbox 1562 1431 1669 1486; x_wconf 89' lang='lat' dir='ltr'><strong>Thy.</strong></span> 
     </span>
     <span class='ocr_line' id='line_1_18' title="bbox 139 1501 1669 1562; baseline -0.002 -15"><span class='ocrx_word' id='word_1_131' title='bbox 139 1502 260 1562; x_wconf 82' lang='lat'>192);</span> <span class='ocrx_word' id='word_1_132' title='bbox 297 1503 486 1560; x_wconf 81' lang='lat' dir='ltr'><strong>‘excede,</strong></span> <span class='ocrx_word' id='word_1_133' title='bbox 516 1503 671 1559; x_wconf 85' lang='lat' dir='ltr'><strong>pietas’</strong></span> <span class='ocrx_word' id='word_1_134' title='bbox 711 1501 858 1560; x_wconf 79' lang='lat'>(249);</span> <span class='ocrx_word' id='word_1_135' title='bbox 895 1503 1056 1546; x_wconf 81' lang='lat' dir='ltr'><strong>‘nescio</strong></span> <span class='ocrx_word' id='word_1_136' title='bbox 1089 1502 1190 1558; x_wconf 84' lang='lat' dir='ltr'><strong>quid</strong></span> <span class='ocrx_word' id='word_1_137' title='bbox 1230 1502 1399 1546; x_wconf 85' lang='lat' dir='ltr'><strong>animus</strong></span> <span class='ocrx_word' id='word_1_138' title='bbox 1444 1502 1582 1544; x_wconf 87' lang='lat' dir='ltr'><strong>maius</strong></span> <span class='ocrx_word' id='word_1_139' title='bbox 1626 1506 1669 1544; x_wconf 89' lang='lat' dir='ltr'><strong>et</strong></span> 
     </span>
     <span class='ocr_line' id='line_1_19' title="bbox 135 1572 1668 1632; baseline -0.002 -14"><span class='ocrx_word' id='word_1_140' title='bbox 135 1576 263 1618; x_wconf 85' lang='lat' dir='ltr'><strong>solito</strong></span> <span class='ocrx_word' id='word_1_141' title='bbox 306 1576 492 1631; x_wconf 87' lang='lat' dir='ltr'><strong>amplius</strong></span> <span class='ocrx_word' id='word_1_142' title='bbox 524 1609 532 1617; x_wconf 95' lang='lat'><strong>.</strong></span> <span class='ocrx_word' id='word_1_143' title='bbox 560 1609 568 1617; x_wconf 89' lang='lat'><strong>.</strong></span> <span class='ocrx_word' id='word_1_144' title='bbox 598 1577 754 1617; x_wconf 83' lang='lat' dir='ltr'><strong>tumet&#39;</strong></span> <span class='ocrx_word' id='word_1_145' title='bbox 793 1572 940 1632; x_wconf 80' lang='lat'>(267);</span> <span class='ocrx_word' id='word_1_146' title='bbox 984 1574 1161 1628; x_wconf 84' lang='lat' dir='ltr'><strong>‘anime‚</strong></span> <span class='ocrx_word' id='word_1_147' title='bbox 1205 1573 1306 1629; x_wconf 91' lang='lat' dir='ltr'><strong>quid</strong></span> <span class='ocrx_word' id='word_1_148' title='bbox 1351 1589 1498 1616; x_wconf 88' lang='lat' dir='ltr'><strong>rursus</strong></span> <span class='ocrx_word' id='word_1_149' title='bbox 1542 1574 1668 1616; x_wconf 88' lang='lat' dir='ltr'><strong>times</strong></span> 
     </span>
     <span class='ocr_line' id='line_1_20' title="bbox 134 1644 1667 1702; baseline -0.001 -13"><span class='ocrx_word' id='word_1_150' title='bbox 134 1646 194 1689; x_wconf 75' lang='lat' dir='ltr'><strong>Et</strong></span> <span class='ocrx_word' id='word_1_151' title='bbox 206 1648 308 1689; x_wconf 87' lang='lat' dir='ltr'><strong>ante</strong></span> <span class='ocrx_word' id='word_1_152' title='bbox 321 1661 411 1688; x_wconf 90' lang='lat' dir='ltr'><strong>rem</strong></span> <span class='ocrx_word' id='word_1_153' title='bbox 425 1646 642 1688; x_wconf 77' lang='lat' dir='ltr'><strong>subsidis?</strong></span> <span class='ocrx_word' id='word_1_154' title='bbox 661 1645 906 1688; x_wconf 90' lang='lat' dir='ltr'><strong>audendum</strong></span> <span class='ocrx_word' id='word_1_155' title='bbox 920 1647 997 1701; x_wconf 81' lang='lat' dir='ltr'><strong>est,</strong></span> <span class='ocrx_word' id='word_1_156' title='bbox 1016 1647 1113 1701; x_wconf 83' lang='lat' dir='ltr'><strong>age’</strong></span> <span class='ocrx_word' id='word_1_157' title='bbox 1134 1644 1275 1702; x_wconf 78' lang='lat'><strong>(283).</strong></span> <span class='ocrx_word' id='word_1_158' title='bbox 1307 1644 1371 1687; x_wconf 84' lang='lat' dir='ltr'><strong>Of.</strong></span> <span class='ocrx_word' id='word_1_159' title='bbox 1383 1645 1502 1687; x_wconf 87' lang='lat' dir='ltr'><strong>Accii</strong></span> <span class='ocrx_word' id='word_1_160' title='bbox 1518 1661 1554 1688; x_wconf 88' lang='lat' dir='ltr'><strong>v.</strong></span> <span class='ocrx_word' id='word_1_161' title='bbox 1569 1646 1667 1687; x_wconf 87' lang='grc'><strong>200.</strong></span> 
     </span>
     <span class='ocr_line' id='line_1_21' title="bbox 136 1717 1666 1774; baseline -0.002 -14"><span class='ocrx_word' id='word_1_162' title='bbox 136 1717 259 1768; x_wconf 84' lang='lat' dir='ltr'><strong>Quod</strong></span> <span class='ocrx_word' id='word_1_163' title='bbox 285 1718 321 1760; x_wconf 85' lang='lat' dir='ltr'><strong>si</strong></span> <span class='ocrx_word' id='word_1_164' title='bbox 354 1718 450 1774; x_wconf 90' lang='lat' dir='ltr'><strong>quis</strong></span> <span class='ocrx_word' id='word_1_165' title='bbox 481 1717 689 1760; x_wconf 87' lang='lat' dir='ltr'><strong>traditum</strong></span> <span class='ocrx_word' id='word_1_166' title='bbox 722 1717 765 1758; x_wconf 88' lang='lat' dir='ltr'><strong>in</strong></span> <span class='ocrx_word' id='word_1_167' title='bbox 798 1717 919 1758; x_wconf 88' lang='lat' dir='ltr'><strong>libris</strong></span> <span class='ocrx_word' id='word_1_168' title='bbox 947 1717 1089 1770; x_wconf 75' lang='lat' dir='ltr'><strong>facile,</strong></span> <span class='ocrx_word' id='word_1_169' title='bbox 1122 1717 1222 1773; x_wconf 89' lang='lat' dir='ltr'><strong>quia</strong></span> <span class='ocrx_word' id='word_1_170' title='bbox 1248 1731 1375 1771; x_wconf 87' lang='lat' dir='ltr'><strong>saepe</strong></span> <span class='ocrx_word' id='word_1_171' title='bbox 1407 1731 1503 1758; x_wconf 90' lang='lat' dir='ltr'><strong>cum</strong></span> <span class='ocrx_word' id='word_1_172' title='bbox 1536 1717 1666 1771; x_wconf 88' lang='lat' dir='ltr'><strong>impe-</strong></span> 
     </span>
     <span class='ocr_line' id='line_1_22' title="bbox 133 1788 1667 1844; baseline -0.002 -12"><span class='ocrx_word' id='word_1_173' title='bbox 133 1790 277 1832; x_wconf 87' lang='lat' dir='ltr'><strong>trandi</strong></span> <span class='ocrx_word' id='word_1_174' title='bbox 304 1790 434 1832; x_wconf 88' lang='lat' dir='ltr'><strong>verbo</strong></span> <span class='ocrx_word' id='word_1_175' title='bbox 460 1788 754 1844; x_wconf 80' lang='lat' dir='ltr'><strong>coniungitur,</strong></span> <span class='ocrx_word' id='word_1_176' title='bbox 786 1788 945 1830; x_wconf 89' lang='lat' dir='ltr'><strong>servari</strong></span> <span class='ocrx_word' id='word_1_177' title='bbox 971 1788 1103 1842; x_wconf 85' lang='lat' dir='ltr'><strong>volet,</strong></span> <span class='ocrx_word' id='word_1_178' title='bbox 1136 1788 1295 1830; x_wconf 88' lang='lat' dir='ltr'><strong>scribat</strong></span> <span class='ocrx_word' id='word_1_179' title='bbox 1322 1788 1451 1830; x_wconf 91' lang='lat' dir='ltr'><strong>salvis</strong></span> <span class='ocrx_word' id='word_1_180' title='bbox 1477 1788 1667 1829; x_wconf 87' lang='lat' dir='ltr'><strong>numeris</strong></span> 
     </span>
     <span class='ocr_line' id='line_1_23' title="bbox 132 1846 1668 1916; baseline -0.003 -12"><span class='ocrx_word' id='word_1_181' title='bbox 132 1864 343 1916; x_wconf 75' lang='lat' dir='ltr'><strong>impetrem</strong></span> <span class='ocrx_word' id='word_1_182' title='bbox 360 1862 430 1915; x_wconf 81' lang='lat' dir='ltr'><strong>fac</strong></span> <span class='ocrx_word' id='word_1_183' title='bbox 445 1860 569 1914; x_wconf 73' lang='lat' dir='ltr'><strong>fdcile</strong></span> <span class='ocrx_word' id='word_1_184' title='bbox 587 1874 621 1902; x_wconf 95' lang='lat' dir='ltr'><strong>e.</strong></span> <span class='ocrx_word' id='word_1_185' title='bbox 642 1875 680 1915; x_wconf 92' lang='lat' dir='ltr'><strong>q.</strong></span> <span class='ocrx_word' id='word_1_186' title='bbox 701 1875 733 1902; x_wconf 86' lang='lat' dir='ltr'><strong>s.</strong></span> <span class='ocrx_word' id='word_1_187' title='bbox 777 1858 840 1902; x_wconf 78' lang='lat' dir='ltr'><strong>Of.</strong></span> <span class='ocrx_word' id='word_1_188' title='bbox 861 1858 1003 1901; x_wconf 91' lang='lat' dir='ltr'><strong>Plauti</strong></span> <span class='ocrx_word' id='word_1_189' title='bbox 1024 1856 1146 1914; x_wconf 82' lang='lat' dir='ltr'><strong>Capt.</strong></span> <span class='ocrx_word' id='word_1_190' title='bbox 1166 1859 1252 1901; x_wconf 82' lang='lat'><strong>408</strong></span> <span class='ocrx_word' id='word_1_191' title='bbox 1280 1846 1450 1901; x_wconf 80' lang='lat' dir='ltr'><strong>‘faciam</strong></span> <span class='ocrx_word' id='word_1_192' title='bbox 1472 1862 1519 1900; x_wconf 90' lang='lat' dir='ltr'><strong>ut</strong></span> <span class='ocrx_word' id='word_1_193' title='bbox 1537 1859 1668 1901; x_wconf 88' lang='lat' dir='ltr'><strong>faciat</strong></span> 
     </span>
     <span class='ocr_line' id='line_1_24' title="bbox 134 1930 1666 1988; baseline -0.003 -13"><span class='ocrx_word' id='word_1_194' title='bbox 134 1933 333 1975; x_wconf 60' lang='lat' dir='ltr'><strong>facilius)</strong></span> <span class='ocrx_word' id='word_1_195' title='bbox 386 1932 656 1988; x_wconf 85' lang='lat' dir='ltr'><strong>Quamquam</strong></span> <span class='ocrx_word' id='word_1_196' title='bbox 688 1945 775 1972; x_wconf 91' lang='lat' dir='ltr'><strong>non</strong></span> <span class='ocrx_word' id='word_1_197' title='bbox 809 1931 1004 1986; x_wconf 88' lang='lat' dir='ltr'><strong>praefero</strong></span> <span class='ocrx_word' id='word_1_198' title='bbox 1036 1930 1115 1985; x_wconf 86' lang='lat' dir='ltr'><strong>eis,</strong></span> <span class='ocrx_word' id='word_1_199' title='bbox 1153 1944 1262 1986; x_wconf 91' lang='lat' dir='ltr'><strong>quae</strong></span> <span class='ocrx_word' id='word_1_200' title='bbox 1300 1931 1344 1971; x_wconf 88' lang='lat' dir='ltr'><strong>in</strong></span> <span class='ocrx_word' id='word_1_201' title='bbox 1382 1932 1501 1972; x_wconf 85' lang='lat' dir='ltr'><strong>textu</strong></span> <span class='ocrx_word' id='word_1_202' title='bbox 1543 1930 1666 1972; x_wconf 89' lang='lat' dir='ltr'><strong>edidi.</strong></span> 
     </span>
    </p>

    <p class='ocr_par' dir='ltr' id='par_1_6' title="bbox 252 2000 1370 2058">
     <span class='ocr_line' id='line_1_25' title="bbox 252 2000 1370 2058; baseline -0.003 -12"><span class='ocrx_word' id='word_1_203' title='bbox 252 2003 318 2046; x_wconf 89' lang='lat' dir='ltr'><strong>De</strong></span> <span class='ocrx_word' id='word_1_204' title='bbox 348 2019 385 2046; x_wconf 91' lang='lat' dir='ltr'><strong>v.</strong></span> <span class='ocrx_word' id='word_1_205' title='bbox 417 2003 502 2046; x_wconf 88' lang='grc'><strong>297</strong></span> <span class='ocrx_word' id='word_1_206' title='bbox 536 2003 631 2045; x_wconf 85' lang='lat' dir='ltr'><strong>vide</strong></span> <span class='ocrx_word' id='word_1_207' title='bbox 662 2018 701 2058; x_wconf 92' lang='lat' dir='ltr'><strong>p.</strong></span> <span class='ocrx_word' id='word_1_208' title='bbox 733 2000 943 2056; x_wconf 88' lang='lat' dir='ltr'>XXVIII,</span> <span class='ocrx_word' id='word_1_209' title='bbox 962 2001 1027 2055; x_wconf 64' lang='lat' dir='ltr'><strong>⁴de</strong></span> <span class='ocrx_word' id='word_1_210' title='bbox 1059 2016 1095 2043; x_wconf 90' lang='lat' dir='ltr'><strong>v.</strong></span> <span class='ocrx_word' id='word_1_211' title='bbox 1127 2002 1210 2044; x_wconf 86' lang='lat'><strong>301</strong></span> <span class='ocrx_word' id='word_1_212' title='bbox 1247 2001 1370 2043; x_wconf 86' lang='lat' dir='ltr'><strong>infra.</strong></span> 
     </span>
    </p>

    <p class='ocr_par' dir='ltr' id='par_1_7' title="bbox 134 2073 1666 2900">
     <span class='ocr_line' id='line_1_26' title="bbox 253 2073 1665 2129; baseline -0.002 -12"><span class='ocrx_word' id='word_1_213' title='bbox 253 2074 306 2117; x_wconf 92' lang='lat' dir='ltr'><strong>V.</strong></span> <span class='ocrx_word' id='word_1_214' title='bbox 338 2074 436 2116; x_wconf 87' lang='grc'><strong>305.</strong></span> <span class='ocrx_word' id='word_1_215' title='bbox 499 2074 722 2129; x_wconf 85' lang='lat' dir='ltr'><strong>Languere</strong></span> <span class='ocrx_word' id='word_1_216' title='bbox 760 2075 860 2115; x_wconf 89' lang='lat' dir='ltr'><strong>ante</strong></span> <span class='ocrx_word' id='word_1_217' title='bbox 897 2074 1052 2115; x_wconf 82' lang='lat' dir='ltr'><strong>‘tanta’</strong></span> <span class='ocrx_word' id='word_1_218' title='bbox 1091 2088 1238 2116; x_wconf 89' lang='lat' dir='ltr'><strong>vocem</strong></span> <span class='ocrx_word' id='word_1_219' title='bbox 1277 2073 1415 2114; x_wconf 89' lang='lat' dir='ltr'><strong>sentio</strong></span> <span class='ocrx_word' id='word_1_220' title='bbox 1460 2073 1665 2129; x_wconf 89' lang='lat' dir='ltr'><strong>quidquid</strong></span> 
     </span>
     <span class='ocr_line' id='line_1_27' title="bbox 135 2144 1666 2202; baseline -0.001 -14"><span class='ocrx_word' id='word_1_221' title='bbox 135 2147 187 2188; x_wconf 88' lang='lat' dir='ltr'><strong>ad</strong></span> <span class='ocrx_word' id='word_1_222' title='bbox 231 2146 487 2202; x_wconf 83' lang='lat' dir='ltr'><strong>explendum</strong></span> <span class='ocrx_word' id='word_1_223' title='bbox 538 2144 812 2187; x_wconf 75' lang='lat' dir='ltr'><strong>bacchiacum</strong></span> <span class='ocrx_word' id='word_1_224' title='bbox 856 2146 1154 2187; x_wconf 86' lang='lat' dir='ltr'><strong>tetrametrum</strong></span> <span class='ocrx_word' id='word_1_225' title='bbox 1205 2144 1394 2198; x_wconf 83' lang='lat' dir='ltr'><strong>additur,</strong></span> <span class='ocrx_word' id='word_1_226' title='bbox 1437 2144 1526 2185; x_wconf 87' lang='lat' dir='ltr'><strong>sive</strong></span> <span class='ocrx_word' id='word_1_227' title='bbox 1568 2159 1666 2195; x_wconf 76' lang='lat' dir='ltr'><strong>meo,</strong></span> 
     </span>
     <span class='ocr_line' id='line_1_28' title="bbox 134 2215 1665 2272; baseline -0.002 -12"><span class='ocrx_word' id='word_1_228' title='bbox 134 2220 183 2260; x_wconf 89' lang='lat' dir='ltr'><strong>ut</strong></span> <span class='ocrx_word' id='word_1_229' title='bbox 207 2216 423 2272; x_wconf 85' lang='lat' dir='ltr'><strong>Bentleio‚</strong></span> <span class='ocrx_word' id='word_1_230' title='bbox 454 2216 542 2258; x_wconf 87' lang='lat' dir='ltr'><strong>sive</strong></span> <span class='ocrx_word' id='word_1_231' title='bbox 567 2217 677 2258; x_wconf 71' lang='lat' dir='ltr'><strong>enim</strong></span> <span class='ocrx_word' id='word_1_232' title='bbox 703 2219 779 2258; x_wconf 87' lang='lat' dir='ltr'><strong>aut</strong></span> <span class='ocrx_word' id='word_1_233' title='bbox 810 2218 954 2267; x_wconf 75' lang='lat' dir='ltr'><strong>taetro,</strong></span> <span class='ocrx_word' id='word_1_234' title='bbox 986 2217 1034 2257; x_wconf 86' lang='lat' dir='ltr'><strong>ut</strong></span> <span class='ocrx_word' id='word_1_235' title='bbox 1060 2215 1320 2257; x_wconf 89' lang='lat' dir='ltr'><strong>Buechelero</strong></span> <span class='ocrx_word' id='word_1_236' title='bbox 1352 2215 1531 2270; x_wconf 89' lang='lat' dir='ltr'><strong>placuit:</strong></span> <span class='ocrx_word' id='word_1_237' title='bbox 1564 2231 1665 2258; x_wconf 88' lang='lat' dir='ltr'><strong>nam</strong></span> 
     </span>
     <span class='ocr_line' id='line_1_29' title="bbox 135 2287 1663 2344; baseline -0.002 -13"><span class='ocrx_word' id='word_1_238' title='bbox 135 2287 330 2344; x_wconf 81' lang='lat' dir='ltr'><strong>Seyfferti</strong></span> <span class='ocrx_word' id='word_1_239' title='bbox 361 2288 477 2331; x_wconf 76' lang='lat' dir='ltr'><strong>uobis</strong></span> <span class='ocrx_word' id='word_1_240' title='bbox 509 2302 637 2344; x_wconf 90' lang='lat' dir='ltr'><strong>quam</strong></span> <span class='ocrx_word' id='word_1_241' title='bbox 668 2287 793 2330; x_wconf 91' lang='lat' dir='ltr'><strong>nihili</strong></span> <span class='ocrx_word' id='word_1_242' title='bbox 826 2288 883 2330; x_wconf 88' lang='lat' dir='ltr'><strong>sit</strong></span> <span class='ocrx_word' id='word_1_243' title='bbox 920 2287 1137 2329; x_wconf 84' lang='lat' dir='ltr'><strong>neminem</strong></span> <span class='ocrx_word' id='word_1_244' title='bbox 1175 2287 1300 2329; x_wconf 87' lang='lat' dir='ltr'><strong>facile</strong></span> <span class='ocrx_word' id='word_1_245' title='bbox 1339 2287 1472 2329; x_wconf 89' lang='lat' dir='ltr'><strong>latere</strong></span> <span class='ocrx_word' id='word_1_246' title='bbox 1512 2290 1663 2342; x_wconf 87' lang='lat' dir='ltr'><strong>potest.</strong></span> 
     </span>
     <span class='ocr_line' id='line_1_30' title="bbox 135 2357 1663 2412; baseline -0.002 -10"><span class='ocrx_word' id='word_1_247' title='bbox 135 2359 439 2403; x_wconf 78' lang='lat' dir='ltr'><strong>Ditrochaeum</strong></span> <span class='ocrx_word' id='word_1_248' title='bbox 471 2374 567 2402; x_wconf 88' lang='lat' dir='ltr'><strong>cum</strong></span> <span class='ocrx_word' id='word_1_249' title='bbox 599 2360 755 2402; x_wconf 89' lang='lat' dir='ltr'><strong>cretico</strong></span> <span class='ocrx_word' id='word_1_250' title='bbox 786 2359 831 2401; x_wconf 92' lang='lat' dir='ltr'><strong>in</strong></span> <span class='ocrx_word' id='word_1_251' title='bbox 863 2359 1054 2401; x_wconf 87' lang='lat' dir='ltr'><strong>clausula</strong></span> <span class='ocrx_word' id='word_1_252' title='bbox 1084 2358 1217 2400; x_wconf 89' lang='lat' dir='ltr'><strong>habes</strong></span> <span class='ocrx_word' id='word_1_253' title='bbox 1256 2358 1299 2399; x_wconf 88' lang='lat' dir='ltr'><strong>in</strong></span> <span class='ocrx_word' id='word_1_254' title='bbox 1334 2357 1476 2399; x_wconf 90' lang='lat' dir='ltr'><strong>Plauti</strong></span> <span class='ocrx_word' id='word_1_255' title='bbox 1508 2358 1663 2412; x_wconf 90' lang='lat' dir='ltr'><strong>Amph.</strong></span> 
     </span>
     <span class='ocr_line' id='line_1_31' title="bbox 135 2429 1664 2486; baseline -0.002 -13"><span class='ocrx_word' id='word_1_256' title='bbox 135 2432 218 2474; x_wconf 84' lang='grc'><strong>237</strong></span> <span class='ocrx_word' id='word_1_257' title='bbox 253 2430 449 2473; x_wconf 76' lang='lat' dir='ltr'><strong>‘vicimus</strong></span> <span class='ocrx_word' id='word_1_258' title='bbox 470 2429 514 2472; x_wconf 77' lang='lat' dir='ltr'><strong>vi</strong></span> <span class='ocrx_word' id='word_1_259' title='bbox 532 2431 708 2473; x_wconf 81' lang='lat' dir='ltr'><strong>feroces’</strong></span> <span class='ocrx_word' id='word_1_260' title='bbox 742 2430 835 2486; x_wconf 89' lang='lat' dir='ltr'><strong>(qui</strong></span> <span class='ocrx_word' id='word_1_261' title='bbox 861 2445 936 2472; x_wconf 90' lang='lat' dir='ltr'><strong>cur</strong></span> <span class='ocrx_word' id='word_1_262' title='bbox 954 2432 1180 2485; x_wconf 86' lang='lat' dir='ltr'><strong>corruptus</strong></span> <span class='ocrx_word' id='word_1_263' title='bbox 1206 2429 1373 2471; x_wconf 87' lang='lat' dir='ltr'><strong>dicatur</strong></span> <span class='ocrx_word' id='word_1_264' title='bbox 1398 2443 1484 2470; x_wconf 89' lang='lat' dir='ltr'><strong>nou</strong></span> <span class='ocrx_word' id='word_1_265' title='bbox 1512 2429 1664 2483; x_wconf 85' lang='lat' dir='ltr'><strong>video),</strong></span> 
     </span>
     <span class='ocr_line' id='line_1_32' title="bbox 134 2500 1662 2557; baseline -0.003 -13"><span class='ocrx_word' id='word_1_266' title='bbox 134 2502 314 2545; x_wconf 89' lang='lat' dir='ltr'><strong>eundem</strong></span> <span class='ocrx_word' id='word_1_267' title='bbox 346 2505 446 2557; x_wconf 90' lang='lat' dir='ltr'><strong>post</strong></span> <span class='ocrx_word' id='word_1_268' title='bbox 476 2504 749 2543; x_wconf 86' lang='lat' dir='ltr'><strong>tetrametros</strong></span> <span class='ocrx_word' id='word_1_269' title='bbox 781 2502 961 2544; x_wconf 89' lang='lat' dir='ltr'><strong>creticos</strong></span> <span class='ocrx_word' id='word_1_270' title='bbox 993 2501 1121 2557; x_wconf 88' lang='lat' dir='ltr'><strong>paulo</strong></span> <span class='ocrx_word' id='word_1_271' title='bbox 1154 2503 1253 2556; x_wconf 89' lang='lat' dir='ltr'><strong>post</strong></span> <span class='ocrx_word' id='word_1_272' title='bbox 1285 2515 1319 2542; x_wconf 82' lang='lat' dir='ltr'><strong>v,</strong></span> <span class='ocrx_word' id='word_1_273' title='bbox 1346 2501 1430 2542; x_wconf 82' lang='grc'><strong>247</strong></span> <span class='ocrx_word' id='word_1_274' title='bbox 1465 2500 1570 2541; x_wconf 73' lang='lat' dir='ltr'><strong>‘iure</strong></span> <span class='ocrx_word' id='word_1_275' title='bbox 1603 2500 1662 2540; x_wconf 89' lang='lat' dir='ltr'><strong>in-</strong></span> 
     </span>
     <span class='ocr_line' id='line_1_33' title="bbox 134 2570 1663 2628; baseline -0.003 -13"><span class='ocrx_word' id='word_1_276' title='bbox 134 2573 306 2628; x_wconf 81' lang='lat' dir='ltr'><strong>iustas’3</strong></span> <span class='ocrx_word' id='word_1_277' title='bbox 350 2576 394 2615; x_wconf 91' lang='lat' dir='ltr'><strong>et</strong></span> <span class='ocrx_word' id='word_1_278' title='bbox 430 2573 475 2615; x_wconf 88' lang='lat' dir='ltr'><strong>in</strong></span> <span class='ocrx_word' id='word_1_279' title='bbox 520 2572 716 2614; x_wconf 87' lang='lat' dir='ltr'><strong>Rudente</strong></span> <span class='ocrx_word' id='word_1_280' title='bbox 760 2588 797 2615; x_wconf 87' lang='lat' dir='ltr'><strong>v.</strong></span> <span class='ocrx_word' id='word_1_281' title='bbox 835 2574 919 2615; x_wconf 86' lang='grc'><strong>681</strong></span> <span class='ocrx_word' id='word_1_282' title='bbox 966 2571 1111 2615; x_wconf 77' lang='lat' dir='ltr'><strong>‘nimis</strong></span> <span class='ocrx_word' id='word_1_283' title='bbox 1150 2571 1347 2626; x_wconf 87' lang='lat' dir='ltr'><strong>inepta’s&#39;</strong></span> <span class='ocrx_word' id='word_1_284' title='bbox 1388 2574 1431 2612; x_wconf 88' lang='lat' dir='ltr'><strong>et</strong></span> <span class='ocrx_word' id='word_1_285' title='bbox 1469 2570 1663 2612; x_wconf 79' lang='lat' dir='ltr'><strong>Andreas</strong></span> 
     </span>
     <span class='ocr_line' id='line_1_34' title="bbox 135 2640 1664 2700; baseline -0.003 -14"><span class='ocrx_word' id='word_1_286' title='bbox 135 2643 388 2700; x_wconf 85' lang='lat' dir='ltr'><strong>Spengelius</strong></span> <span class='ocrx_word' id='word_1_287' title='bbox 439 2643 535 2686; x_wconf 88' lang='lat' dir='ltr'><strong>libri</strong></span> <span class='ocrx_word' id='word_1_288' title='bbox 586 2643 637 2686; x_wconf 91' lang='lat' dir='ltr'><strong>de</strong></span> <span class='ocrx_word' id='word_1_289' title='bbox 687 2643 842 2686; x_wconf 89' lang='lat' dir='ltr'><strong>Plauto</strong></span> <span class='ocrx_word' id='word_1_290' title='bbox 893 2659 932 2699; x_wconf 87' lang='lat' dir='ltr'><strong>p</strong></span> <span class='ocrx_word' id='word_1_291' title='bbox 987 2644 1070 2686; x_wconf 90' lang='grc'><strong>152</strong></span> <span class='ocrx_word' id='word_1_292' title='bbox 1120 2642 1324 2685; x_wconf 85' lang='lat' dir='ltr'><strong>indicavit</strong></span> <span class='ocrx_word' id='word_1_293' title='bbox 1372 2645 1415 2682; x_wconf 86' lang='lat' dir='ltr'><strong>et</strong></span> <span class='ocrx_word' id='word_1_294' title='bbox 1465 2640 1664 2695; x_wconf 86' lang='lat' dir='ltr'><strong>probavit</strong></span> 
     </span>
     <span class='ocr_line' id='line_1_35' title="bbox 134 2712 1663 2769; baseline -0.003 -12"><span class='ocrx_word' id='word_1_295' title='bbox 134 2714 184 2757; x_wconf 81' lang='lat' dir='ltr'><strong>G.</strong></span> <span class='ocrx_word' id='word_1_296' title='bbox 204 2714 448 2757; x_wconf 79' lang='lat' dir='ltr'><strong>Christius</strong></span> <span class='ocrx_word' id='word_1_297' title='bbox 437 2730 481 2757; x_wconf 86' lang='lat'><strong>111</strong></span> <span class='ocrx_word' id='word_1_298' title='bbox 502 2729 653 2757; x_wconf 89' lang='lat' dir='ltr'><strong>comm.</strong></span> <span class='ocrx_word' id='word_1_299' title='bbox 673 2714 725 2757; x_wconf 91' lang='lat' dir='ltr'><strong>de</strong></span> <span class='ocrx_word' id='word_1_300' title='bbox 745 2715 923 2758; x_wconf 89' lang='lat' dir='ltr'><strong>canticis</strong></span> <span class='ocrx_word' id='word_1_301' title='bbox 945 2714 1086 2757; x_wconf 87' lang='lat' dir='ltr'><strong>Plauti</strong></span> <span class='ocrx_word' id='word_1_302' title='bbox 1118 2713 1254 2769; x_wconf 87' lang='lat' dir='ltr'><strong>(acad.</strong></span> <span class='ocrx_word' id='word_1_303' title='bbox 1282 2713 1447 2754; x_wconf 86' lang='lat' dir='ltr'><strong>Monac.</strong></span> <span class='ocrx_word' id='word_1_304' title='bbox 1474 2712 1595 2753; x_wconf 87' lang='grc'><strong>1871.</strong></span> <span class='ocrx_word' id='word_1_305' title='bbox 1622 2713 1663 2766; x_wconf 86' lang='grc'><strong>1)</strong></span> 
     </span>
     <span class='ocr_line' id='line_1_36' title="bbox 134 2782 1661 2842; baseline -0.003 -13"><span class='ocrx_word' id='word_1_306' title='bbox 134 2800 173 2841; x_wconf 91' lang='lat' dir='ltr'><strong>p.</strong></span> <span class='ocrx_word' id='word_1_307' title='bbox 205 2786 273 2828; x_wconf 88' lang='grc'><strong>50.</strong></span> <span class='ocrx_word' id='word_1_308' title='bbox 334 2785 385 2828; x_wconf 90' lang='lat' dir='ltr'><strong>In</strong></span> <span class='ocrx_word' id='word_1_309' title='bbox 423 2786 664 2829; x_wconf 83' lang='lat' dir='ltr'><strong>Trinummi</strong></span> <span class='ocrx_word' id='word_1_310' title='bbox 703 2801 871 2842; x_wconf 90' lang='lat' dir='ltr'><strong>quoque</strong></span> <span class='ocrx_word' id='word_1_311' title='bbox 909 2787 1076 2828; x_wconf 88' lang='lat' dir='ltr'><strong>cantico</strong></span> <span class='ocrx_word' id='word_1_312' title='bbox 1114 2785 1306 2826; x_wconf 88' lang='lat' dir='ltr'><strong>codicum</strong></span> <span class='ocrx_word' id='word_1_313' title='bbox 1344 2797 1555 2824; x_wconf 84' lang='lat' dir='ltr'><strong>consensu</strong></span> <span class='ocrx_word' id='word_1_314' title='bbox 1602 2782 1661 2824; x_wconf 91' lang='lat' dir='ltr'><strong>di-</strong></span> 
     </span>
     <span class='ocr_line' id='line_1_37' title="bbox 135 2855 1316 2900; baseline -0.003 -2"><span class='ocrx_word' id='word_1_315' title='bbox 135 2859 269 2898; x_wconf 87' lang='lat' dir='ltr'><strong>meter</strong></span> <span class='ocrx_word' id='word_1_316' title='bbox 298 2857 478 2900; x_wconf 88' lang='lat' dir='ltr'><strong>creticus</strong></span> <span class='ocrx_word' id='word_1_317' title='bbox 510 2872 606 2900; x_wconf 89' lang='lat' dir='ltr'><strong>cum</strong></span> <span class='ocrx_word' id='word_1_318' title='bbox 638 2856 884 2899; x_wconf 89' lang='lat' dir='ltr'><strong>ditrochaeo</strong></span> <span class='ocrx_word' id='word_1_319' title='bbox 916 2857 1111 2898; x_wconf 85' lang='lat' dir='ltr'><strong>firmatur</strong></span> <span class='ocrx_word' id='word_1_320' title='bbox 1142 2870 1177 2897; x_wconf 91' lang='lat' dir='ltr'>v</span> <span class='ocrx_word' id='word_1_321' title='bbox 1210 2856 1250 2896; x_wconf 98' lang='grc'><strong>2</strong></span> <span class='ocrx_word' id='word_1_322' title='bbox 1244 2855 1316 2895; x_wconf 72' lang='lat'><strong>38:</strong></span> 
     </span>
    </p>

    <p class='ocr_par' dir='ltr' id='par_1_8' title="bbox 418 2925 1371 2984">
     <span class='ocr_line' id='line_1_38' title="bbox 418 2925 1371 2984; baseline -0.007 -12"><span class='ocrx_word' id='word_1_323' title='bbox 418 2930 554 2984; x_wconf 84' lang='lat' dir='ltr'><strong>apage</strong></span> <span class='ocrx_word' id='word_1_324' title='bbox 586 2944 724 2983; x_wconf 84' lang='lat' dir='ltr'><strong>amor,</strong></span> <span class='ocrx_word' id='word_1_325' title='bbox 755 2930 843 2970; x_wconf 76' lang='lat' dir='ltr'><strong>non</strong></span> <span class='ocrx_word' id='word_1_326' title='bbox 875 2929 1035 2982; x_wconf 81' lang='lat' dir='ltr'><strong>places,</strong></span> <span class='ocrx_word' id='word_1_327' title='bbox 1067 2925 1129 2967; x_wconf 84' lang='lat' dir='ltr'><strong>m‘l</strong></span> <span class='ocrx_word' id='word_1_328' title='bbox 1161 2926 1231 2967; x_wconf 85' lang='lat' dir='ltr'><strong>ted</strong></span> <span class='ocrx_word' id='word_1_329' title='bbox 1264 2929 1371 2966; x_wconf 86' lang='lat' dir='ltr'><strong>utor.</strong></span> 
     </span>
    </p>
   </div>
   <div class='ocr_carea' id='block_1_3' title="bbox 201 3015 605 3049">
    <p class='ocr_par' dir='ltr' id='par_1_9' title="bbox 201 3015 605 3049">
     <span class='ocr_line' id='line_1_39' title="bbox 201 3015 605 3049; baseline 0.005 -9"><span class='ocrx_word' id='word_1_330' title='bbox 201 3015 351 3049; x_wconf 65' lang='lat' dir='ltr'><strong>Ramex,</strong></span> <span class='ocrx_word' id='word_1_331' title='bbox 371 3015 478 3042; x_wconf 69' lang='lat' dir='ltr'><strong>Senon.</strong></span> <span class='ocrx_word' id='word_1_332' title='bbox 498 3016 605 3048; x_wconf 73' lang='lat' dir='ltr'><strong>fragm.</strong></span> 
     </span>
    </p>
   </div>
  </div>
 </body>
</html>
