1942 3204
245 208 397 242 xxxlv
833 180 1184 244 coRoLLAfflvM

235 315 443 357 Secuntur
474 315 649 356 bacchei
675 316 856 357 fortasse
882 306 1160 372 ipsi'quoque
1187 317 1231 358 in
1263 317 1489 358 iambicam
1521 319 1767 376 clausulam,
1809 347 1811 349 ·

236 386 408 440 qualem
449 385 659 428 Christius
699 387 724 427 l.
759 387 784 428 l.
818 387 861 427 in
899 385 1079 429 Casinae
1117 387 1182 428 III
1215 387 1260 440 5,
1298 387 1355 428 42
1392 401 1443 428 ex
1480 387 1766 433 Ambrosiano

240 457 366 510 eruit,
399 460 619 511 exeuntes,
658 458 692 498 si
732 457 903 512 quidem
940 457 1164 499 obscuram
1202 460 1245 499 et
1282 460 1524 512 corruptam
1562 460 1766 502 librorum

242 527 491 568 memoriam
524 528 583 569 sic
616 528 899 583 redintegres:

501 613 761 654 quamquam
793 598 901 640 illud
933 599 1097 641 dulcest
1127 614 1218 642 esse
1251 602 1293 641 et
1324 598 1488 654 bibere,

499 671 619 711 amor
651 670 785 711 amari
817 669 889 711 doit
919 673 1052 713 tamen
1084 672 1186 713 satis
1216 672 1324 724 quod
1351 672 1407 713 sit
1435 671 1574 724 cw‘yre:

572 740 685 796 fugit
716 741 875 795 forum,
906 741 1029 796 fugat
1061 745 1149 784 tuos
1180 743 1404 797 cognatOS‚

568 811 692 866 fugat
721 812 856 865 ipsum
887 812 1011 854 so‘lem
1044 813 1097 854 ab
1130 814 1206 854 suo
1238 816 1426 854 contutu.

386 881 506 923 Mille
540 882 677 923 modis
710 897 829 924 amor
860 882 1162 938 ignorandust,
1194 885 1342 938 procul
1374 884 1628 940 abdendust‚

519 1001 523 1006 ῃ
1213 956 1377 1009 [procul
1408 955 1703 999 abstamlumst.

492 1025 592 1065 nam
626 1025 698 1080 qui
730 1025 775 1066 111
807 1039 996 1067 amorem
1028 1025 1327 1080 praecipitavit
1356 1041 1386 1067 e.
1417 1040 1453 1079 q.
1484 1040 1515 1067 s.

240 1095 349 1136 [tem
382 1095 493 1136 infra
524 1110 560 1137 v.
594 1096 678 1137 271
713 1095 811 1136 libri
842 1096 972 1137 talem
1005 1096 1226 1138 exhibent:

451 1167 709 1222 quamquam
741 1166 802 1207 ibi
834 1167 978 1208 animo
1011 1167 1132 1209 labos
1165 1167 1342 1222 grandis
1374 1168 1550 1221 capitur.

351 1248 403 1291 V.
437 1249 523 1291 315
556 1264 646 1304 sqq.
687 1249 759 1307 qui
798 1249 1002 1291 continuo
1042 1250 1188 1291 ordine
1227 1251 1386 1292 servari
1418 1250 1584 1305 volunt,
1629 1251 1761 1293 incre-

234 1320 406 1361 dibilem
438 1320 482 1360 in
515 1319 689 1361 modum
723 1320 997 1362 blateravisse
1029 1320 1219 1362 Ennium
1252 1321 1496 1362 concedant.
1558 1321 1629 1364 An
1660 1323 1762 1378 quid

233 1391 347 1432 aliud
386 1393 451 1432 est
488 1393 587 1445 post
624 1390 728 1432 haec
766 1391 1031 1446 ‘priusquam
1071 1394 1226 1446 oppeto
1265 1392 1435 1443 malam,
1461 1394 1642 1446 pestem’
1675 1408 1760 1435 uno

233 1476 355 1503 versu
388 1462 517 1503 etiam
550 1461 804 1516 interposito
844 1461 889 1502 111
921 1461 1068 1503 eadem
1101 1462 1315 1503 sententia
1346 1462 1571 1504 adnectere
1604 1464 1656 1505 ‘si
1689 1465 1761 1519 qui

269 1566 276 1573 .
305 1566 312 1573 .
335 1547 450 1573 mors
471 1532 649 1574 devitari
669 1532 860 1586 potest’?
898 1531 1011 1573 Nam
1032 1532 1145 1586 apud
1165 1532 1400 1574 Homerum
1427 1532 1475 1574 Il.
1497 1534 1537 1573 A
1558 1535 1642 1576 828
1669 1549 1760 1591 sqq.

233 1603 443 1657 simplicia
481 1603 625 1645 onmia
662 1606 705 1645 et
747 1603 877 1657 plana
915 1605 958 1644 et
995 1618 1119 1657 sana,
1162 1618 1240 1645 nec
1286 1618 1336 1645 ea
1379 1604 1491 1645 inter
1534 1606 1760 1661 utrumque

232 1674 371 1715 locum
411 1673 645 1716 similitudo
677 1674 919 1728 intercedit,
959 1689 1042 1729 qua
1079 1675 1216 1716 nostri
1248 1675 1498 1716 memoriam
1538 1675 1759 1717 defendere
1789 1680 1794 1681 ⁷

234 1745 368 1786 liceat.
407 1744 523 1794 Quae
556 1745 768 1800 quomodo
788 1747 988 1799 corrupta
1008 1745 1080 1800 sit,
1113 1760 1214 1787 sane
1234 1746 1349 1787 varie
1377 1748 1520 1799 potest
1547 1746 1758 1800 explicari,

232 1816 297 1857 vel
334 1818 382 1857 ut
419 1815 616 1857 librarios
656 1815 873 1858 Ciceronis
911 1815 1150 1858 turbavisse
1190 1817 1381 1858 ordinem
1418 1816 1484 1857 vel
1521 1815 1634 1857 hunc
1671 1830 1757 1858 me-

231 1886 368 1927 moria
398 1886 554 1927 falsum
585 1887 861 1941 neglegenter
892 1887 1069 1928 lacinias
1107 1889 1258 1941 poetae
1289 1886 1516 1941 protulisse
1549 1886 1636 1927 sive
1668 1901 1756 1928 cor-

232 1959 405 2010 ruptum
438 1957 527 1997 eius
560 1957 776 2012 exemplar
808 1959 1000 1999 secutum
1033 1971 1123 1999 esse
1156 1959 1331 1998 statuas.

349 2039 525 2080 Exitum
544 2054 690 2081 versus
717 2040 801 2082 327
834 2043 880 2082 in
908 2040 1086 2092 frontem
1110 2039 1347 2094 promptdm
1370 2053 1466 2093 9ωό
1490 2038 1558 2094 (cf.
1580 2039 1632 2081 ad
1656 2040 1757 2095 194)

232 2111 387 2152 mutari
425 2110 576 2164 nolim,
616 2110 715 2165 quia
754 2111 807 2152 ad
846 2111 1102 2153 sententiam
1139 2110 1378 2153 necessaria
1419 2113 1529 2152 sunt.
1591 2110 1756 2152 Vitium

232 2195 334 2236 ergo
377 2196 464 2223 non
502 2183 644 2235 potest
681 2196 769 2223 non
806 2182 851 2223 in
890 2182 1100 2237 principio
1139 2182 1303 2237 quaeri,
1346 2195 1526 2236 cumque
1563 2181 1756 2222 adfirmet

233 2251 421 2294 Achilles
447 2252 716 2294 inimicitiam
738 2267 781 2294 se
802 2267 889 2294 non
909 2253 1050 2294 minus
1069 2253 1343 2295 manifestam
1370 2266 1496 2307 quam
1523 2251 1754 2292 amicitiam

232 2338 333 2377 prae
372 2338 416 2364 se
458 2323 585 2377 ferre,
633 2324 954 2378 transponenda
996 2324 1171 2366 nomina
1214 2323 1396 2365 fuerunt.
1470 2320 1753 2362 Buechelerus

233 2394 403 2448 quidem
435 2394 648 2435 senarium
679 2395 833 2449 probat
863 2395 929 2436 vel
959 2395 1073 2436 hunc
1286 2388 1290 2392 ’
1373 2388 1376 2390 ’

429 2475 661 2518 amicitiam
694 2479 822 2532 atque
853 2476 1123 2519 inimicitiam
1154 2477 1199 2518 in
1231 2478 1431 2531 promptu
1464 2489 1564 2530 gero

233 2558 406 2614 (quibus
438 2560 649 2614 celeritas,
678 2574 768 2610 *non
800 2560 1044 2615 ingenuitas
1077 2559 1267 2601 adfectus
1300 2557 1578 2614 significetur)
1609 2558 1674 2599 vel

441 2642 671 2684 amicitiam
704 2645 830 2698 atque
861 2642 1130 2684 inimicitiam
1161 2642 1206 2683 in
1237 2641 1421 2683 frontem
1453 2653 1553 2695 gero

440 2714 683 2767 promptam

232 2795 305 2836 ubi
338 2794 548 2837 adnexum
581 2796 773 2851 sequenti
806 2789 1011 2838 versiculo
1044 2796 1318 2850 ‘promptam'
1351 2794 1547 2849 infringit
1582 2795 1747 2835 senten-

231 2866 316 2906 tiae
348 2866 548 2920 vigorem.
