1942 3204
266 190 294 225 L
855 187 1204 229 COROLLARIVM

265 274 358 340 tem·
398 312 599 342 currere.
626 299 882 343 Praesertim
925 302 969 343 in
1006 316 1051 344 re
1094 303 1241 357 populi
1284 302 1449 357 placida
1487 308 1613 392 atque
1656 307 1783 349 inter-

266 370 387 412 fectis
419 371 614 413 hostibus
647 372 744 414 No‘n
775 374 881 414 dccet
909 373 1190 415 tumultuari)

382 452 433 495 V.
465 454 522 497 25
555 470 615 510 sq.
647 455 804 497 lemma
836 455 881 496 in
912 454 1108 498 Leidensi
1138 457 1219 499 116
1251 457 1336 498 tale
1369 460 1485 500 extat
1505 474 1514 500 ε
1534 458 1784 514 Flamma,

263 524 404 579 flanyz'.

381 596 433 639 V.
466 597 523 639 30
555 611 615 652 sq.
667 597 830 640 Gaudet
859 599 971 640 recte
1002 597 1139 640 facere
1171 599 1243 653 qui
1275 598 1455 641 libenter
1487 603 1530 642 et
1560 616 1610 643 ex
1641 603 1784 646 animo

262 671 375 710 recte
406 668 544 710 facere
577 669 736 724 studet,
766 670 902 724 piyrct
931 669 1041 710 male
1079 669 1216 711 facere
1249 671 1320 725 qui
1352 671 1510 713 invitus
1542 675 1585 714 et
1615 675 1784 718 coactus

261 739 379 780 illam
410 740 760 782 consuetudinem
791 740 1004 796 relinquit.
1066 738 1166 782 Non
1199 743 1264 782 est
1300 741 1431 801 igitur
1462 756 1536 784 cur
1573 744 1785 799 gaudendi

261 810 455 866 verbum,
494 811 614 866 quasi
647 811 768 852 alteri
799 825 887 854 non
925 812 1185 853 eontrarium
1224 812 1296 866 sit,
1328 815 1524 856 mutetur.
1586 814 1784 857 Dubitari

262 881 311 922 de
342 881 437 936 ipsa
463 882 676 924 sententia
706 884 866 937 potest,
899 895 1006 938 quae
1039 882 1206 937 qualem
1232 883 1277 924 in
1308 885 1426 925 textu
1457 885 1582 940 posui
1608 886 1783 928 minime

261 953 377 994 omni
410 967 460 994 ex
491 955 611 1011 parte
643 966 742 995 vera
774 955 855 1008 est,
886 953 1016 995 immo
1048 953 1186 994 verior
1218 955 1431 996 contraria
1463 958 1587 1003 eratf

435 1038 518 1067 non
551 1025 698 1065 omnes
731 1023 918 1079 gaudent
951 1022 1087 1066 facere
1119 1026 1249 1079 reete,
1281 1026 1390 1067 male
1421 1027 1603 1082 pigrent.

262 1094 322 1136 At
347 1096 461 1137 enim
486 1095 716 1150 nescimus,
749 1098 891 1137 utrum
918 1098 1031 1136 certo
1063 1094 1232 1136 fabulae
1253 1096 1345 1138 loeo
1370 1111 1577 1151 personae
1604 1099 1780 1154 loquen-

262 1167 319 1207 tis
351 1167 540 1208 moribus
574 1169 616 1208 et
647 1167 825 1209 consilio
858 1166 998 1221 aptius
1031 1165 1167 1207 fuerit.
1788 1160 1795 1166 ’

376 1248 427 1291 V.
471 1250 528 1292 34
573 1264 633 1305 sq.
678 1250 796 1308 nolui
841 1263 1057 1292 sacrorum
1100 1250 1276 1291 verbum
1318 1250 1552 1294 incohatum
1596 1253 1779 1295 turbare.

257 1319 370 1362 Nam
415 1324 462 1362 ut
504 1320 672 1362 Aeneas
717 1321 829 1376 apud
872 1320 1111 1376 Vergilium
1141 1319 1254 1366 Aen.
1293 1319 1356 1363 VI
1396 1321 1483 1364 252
1528 1326 1779 1366 ‘nocturnas

256 1392 431 1434 incohat
462 1396 596 1447 araS‚’
636 1392 676 1434 h.
709 1407 742 1434 e.
776 1392 933 1434 extruit
964 1393 1090 1447 atque
1122 1391 1330 1447 incendit,
1368 1393 1427 1434 sic
1465 1393 1626 1435 fulmen
1657 1395 1779 1450 quasi

256 1463 398 1504 focum
429 1463 474 1504 in
511 1465 681 1518 pectore
719 1463 955 1518 inpositum
991 1463 1208 1505 flammam
1248 1462 1430 1504 excitare
1469 1464 1779 1521 excitatamque

257 1533 479 1576 ostendere
522 1534 736 1590 intellego.
807 1533 1016 1576 Faciliora
1061 1534 1205 1576 omnia
1249 1536 1408 1589 essent,
1453 1534 1488 1576 si
1531 1536 1779 1586 inculcatum

258 1604 383 1647 fidem
414 1604 601 1647 haberet.

373 1674 425 1718 V.
457 1676 513 1719 43
547 1692 607 1733 sq.
671 1675 901 1732 septenarii
933 1677 1041 1718 tales

390 1758 636 1802 inimicitias
668 1759 968 1815 Pelopidarum
1001 1757 1211 1800 extinctas
1244 1758 1359 1800 fama
1393 1757 1614 1803 oblitteras

390 1831 596 1873 memoria
627 1831 834 1872 renouare

254 1926 360 1967 quos
391 1913 559 1955 institui
590 1927 715 1968 posse
741 1912 1023 1954 Buechelerus
1055 1913 1239 1967 monuit,
1270 1927 1324 1953 ne
1355 1912 1437 1967 ipsi
1470 1913 1639 1968 quidem
1672 1915 1775 1956 satis

251 1983 514 2036 placuerunt.
577 1982 774 2026 Ceterum
805 1983 917 2024 idem
950 1983 985 2025 si
1017 1983 1226 2025 extinctas
1262 1983 1381 2036 fama
1418 1983 1662 2026 inimicitias
1694 1985 1775 2026 dici

252 2054 402 2109 voluit,
440 2055 599 2096 famam
638 2055 808 2110 quidem
845 2054 905 2095 rei
944 2056 1136 2108 tempore
1168 2056 1211 2095 et
1242 2053 1412 2095 silentio
1453 2055 1644 2110 extingui
1676 2056 1775 2110 scio,

253 2124 325 2165 sed
357 2125 472 2166 fama
502 2140 570 2167 res
602 2125 955 2167 circumferuntur
985 2125 1216 2179 vulgantur
1245 2125 1490 2179 traduntur,
1522 2126 1774 2180 extinguun-

251 2198 321 2236 tur
340 2210 593 2252 numquam3
627 2196 692 2238 sin
715 2197 834 2249 fama
853 2196 1058 2238 oblitteras
1077 2195 1315 2249 coniunxit,
1347 2195 1556 2237 claudicat
1581 2198 1624 2236 et
1642 2196 1773 2237 abun-

251 2266 325 2307 dat
354 2268 550 2309 mcmom'a
571 2283 579 2309 :
600 2282 701 2309 nam
732 2282 794 2322 re,
825 2281 913 2309 non
938 2266 1143 2308 memoria
1174 2268 1343 2307 tantum
1369 2266 1563 2307 renovari
1594 2265 1771 2308 inimici—

253 2337 337 2378 tias
370 2339 560 2393 queritur
591 2339 662 2380 ille
693 2339 739 2380 in
764 2338 996 2393 tragoedia.

368 2419 419 2460 V.
440 2420 498 2462 50
514 2421 658 2474 profer
684 2421 736 2462 ad
762 2420 1042 2462 Terentianae
1067 2418 1339 2461 Phormionis
1365 2433 1402 2460 v.
1423 2419 1509 2461 395
1535 2420 1772 2474 exemplum
1803 2419 1805 2421 ’

251 2490 419 2545 scripsi:
453 2492 723 2547 ‘progeniem
760 2493 949 2533 vostram
980 2505 1114 2545 usque
1154 2491 1207 2531 ab
1240 2504 1318 2532 avo
1356 2492 1482 2545 atque
1520 2491 1645 2531 atavo
1675 2505 1770 2544 pro-

250 2561 420 2603 ferens.2

368 2632 437 2673 Ad
469 2645 504 2674 v.
543 2633 601 2674 60
643 2635 812 2687 praeter
852 2633 1062 2687 repentino
1104 2646 1348 2673 mensuram
1391 2631 1552 2672 formae
1594 2631 1771 2683 repetam

249 2703 511 2744 mentionem
531 2703 668 2744 faeere
688 2703 802 2745 volui
807 2737 819 2758 ‚
838 2704 912 2746 ubi
930 2703 1120 2757 repenim
1139 2702 1387 2757 typothetae
1406 2703 1579 2756 peccato
1600 2701 1764 2756 legitur.

368 2785 419 2827 V.
441 2786 497 2827 64
518 2801 578 2841 sq.
600 2786 760 2828 amicus
781 2786 953 2841 quidam
973 2785 1243 2827 doctissimus
1263 2785 1456 2839 idemque
1483 2797 1605 2825 aures
1624 2784 1768 2825 tersis-

251 2856 382 2897 simus
403 2857 570 2898 monuit
584 2859 750 2898 servato
764 2857 989 2899 verborum
1010 2855 1156 2897 ordine
1178 2858 1244 2897 sat
1262 2854 1481 2897 commode
1501 2854 1560 2896 sic
1580 2869 1765 2897 currere:
