1942 3204
257 187 373 222 XLIV
844 187 1192 224 COROLLARIVM

255 298 480 352 integritas
512 297 678 352 flagitat
707 297 812 338 haec
843 297 928 338 fere
960 311 987 338 a
1012 298 1159 339 matris
1184 297 1299 339 modo
1323 296 1553 351 Defflilsmn
1582 311 1776 350 mamma,

257 368 329 410 sed
360 368 459 410 talis
490 382 636 410 versus
672 368 750 410 191
786 367 922 410 exitus
946 367 1112 411 miseris
1144 367 1299 411 codicis
1331 369 1520 426 reliquiis
1550 369 1645 412 abeo
1673 384 1774 412 sane

255 454 342 481 non
378 440 581 482 firmatur.
739 438 747 446 ”

373 510 424 553 V.
445 511 531 553 200
550 511 688 553 forma
706 511 824 553 sireis
843 510 971 552 etiam
997 511 1042 552 in
1062 510 1203 553 Plauti
1222 510 1337 552 Trin.
1357 509 1440 553 521
1469 510 1645 554 indicari
1665 511 1775 555 vide-

253 584 323 624 tur
354 582 559 625 librorum
591 580 729 625 BOD
761 582 971 637 scriptura
1000 582 1129 624 sciris.

372 664 440 707 Ad
472 680 508 707 v,
541 665 627 707 205
659 665 839 720 figuram
871 667 938 707 sat
970 665 1150 707 similem
1181 665 1371 707 conferre
1409 665 1548 720 possis
1586 679 1637 707 ex
1668 665 1775 721 Cap-

255 736 354 777 tivis
397 736 539 778 Plauti
576 751 613 778 V.
653 737 736 778 921
780 738 870 778 ‘aut
912 736 998 779 iam
1041 735 1148 778 nihil
1186 738 1251 777 est
1287 738 1363 778 aut
1398 737 1483 778 iam
1523 736 1630 778 nihil
1667 736 1773 780 erit.'

253 805 323 861 (cf.
344 808 397 849 ad
416 823 453 849 v.
478 808 559 849 118
581 806 695 863 adn.)
726 806 827 850 Non
846 810 992 849 tamen
1019 806 1238 862 probabile
1259 810 1343 848 tam
1370 809 1417 848 ut
1440 810 1557 849 extat
1587 803 1631 849 111
1658 807 1776 850 libris

253 881 501 934 corruptum
533 893 624 920 esse
656 893 706 920 ex
737 882 812 922 aut
847 877 1099 934 planissima
1135 877 1295 919 vocula.
1358 876 1635 920 Scribendum
1667 881 1776 920 erat:

348 962 539 1015 profecto
570 962 694 1004 haut
724 961 830 1003 inibi
863 963 946 1002 est:
979 960 1076 1002 iam
1104 960 1194 1002 iam
1225 960 1448 1015 potiuntur
1477 960 1677 1016 Frugum.

252 1042 352 1085 Non
384 1059 481 1086 mox
508 1045 717 1099 futurum,
750 1045 823 1086 sed
854 1044 939 1086 iam
966 1043 1052 1085 iam
1083 1043 1243 1085 factum
1269 1057 1362 1085 esse
1387 1043 1538 1086 Troiae
1570 1044 1778 1086 excidium

252 1117 410 1156 narrat.
479 1114 696 1158 Ciceronis
735 1115 905 1172 quidem
937 1114 1045 1156 Phil.
1077 1113 1181 1156 XIV
1213 1114 1259 1168 2,
1291 1114 1318 1156 5
1352 1115 1481 1157 verba
1519 1115 1648 1170 ‘quod
1686 1129 1777 1170 spe-

252 1200 345 1227 rare
377 1201 456 1228 nos
488 1187 659 1242 quidem
691 1187 911 1239 debemus,
955 1188 1097 1240 patres
1141 1185 1388 1239 conscripti,
1431 1187 1505 1227 aut
1541 1185 1647 1227 inibi
1685 1199 1776 1228 esse

255 1259 329 1298 aut
360 1257 446 1299 iam
478 1272 570 1299 esse
602 1257 860 1306 confectum'
892 1256 955 1298 nil
987 1256 1172 1311 probant
1206 1256 1290 1298 nisi
1322 1256 1520 1310 opposita
1551 1271 1642 1298 esse
1674 1257 1778 1298 inibi

254 1330 297 1368 et
333 1329 437 1382 iam,
482 1329 594 1384 quod
632 1329 677 1370 in
714 1331 938 1383 utramque
981 1326 1190 1368 rationem
1232 1327 1423 1382 quadrat.
1490 1326 1687 1369 Ceterum
1726 1328 1777 1369 cf.

255 1398 472 1449 acl-Ennii
504 1414 540 1441 v.
573 1401 599 1441 8
633 1399 838 1442 adnotata
868 1413 908 1453 p.
942 1397 1058 1440 XVI.

371 1481 423 1524 V.
462 1483 559 1524 209.
629 1481 846 1524 Abhorret
887 1480 1106 1523 vocativus
1147 1481 1262 1522 Trax
1304 1481 1357 1521 ab
1401 1480 1527 1522 huius
1569 1481 1776 1522 sermonis

251 1554 410 1607 colore3
437 1554 593 1596 codicis
614 1553 796 1608 vestigia
814 1553 941 1594 oculis
967 1552 1164 1594 traxerim
1184 1553 1251 1594 sat
1270 1566 1412 1607 presse
1432 1551 1537 1594 haec
1557 1554 1776 1594 secunturt

250 1625 407 1668 oculis
443 1625 616 1668 Traecz'
647 1625 803 1667 emim
834 1622 1023 1679 [aciem]

367 1707 437 1749 rDe
468 1723 505 1750 v.
539 1708 624 1750 229
657 1707 769 1760 infra
801 1706 1040 1763 disputabo

370 1790 437 1832 Ad
468 1807 505 1833 v.
538 1791 625 1834 235
663 1791 903 1845 exemplum
940 1789 1046 1831 adde
1085 1788 1226 1831 Plauti
1259 1788 1387 1830 Poen.
1430 1789 1538 1831 1041
1574 1791 1776 1845 ‘namque

250 1862 365 1904 haud
396 1862 573 1917 repudio
610 1861 871 1918 hospitium?

369 1932 420 1975 V.
465 1933 550 1975 239
591 1932 835 1975 mutilatum
879 1946 1116 1986 anonymus
1161 1929 1391 1971 Bernensis
1435 1930 1606 1986 Hageni
1627 1987 1630 1990 Α
1648 1931 1775 1987 (anal.

250 2003 371 2046 Helv.
404 2019 442 2058 p.
474 2003 575 2060 138)
607 2019 657 2045 ex
683 2002 888 2059 Pompeio
920 2001 1144 2057 exscripsit
1174 2001 1322 2043 talem:
1359 2002 1450 2056 quis
1487 2005 1531 2044 tu
1561 2016 1601 2044 es
1630 2003 1778 2045 mulier

249 2075 321 2128 qui
351 2089 414 2117 me
443 2075 515 2118 hoc
550 2075 798 2154 nmmsspastz·
827 2074 1019 2117 nomine?

368 2145 420 2188 V.
446 2147 533 2188 244
564 2161 707 2188 nesclo
739 2161 823 2202 quo
849 2145 1001 2187 calami
1032 2145 1156 2199 lapsu
1188 2143 1398 2198 commisi,
1430 2145 1478 2185 ut
1508 2146 1550 2185 et
1580 2144 1624 2186 in
1650 2144 1775 2187 Gellii

250 2219 293 2259 et
325 2217 370 2259 in
396 2217 570 2260 Pacuvii
596 2217 735 2260 verbis
763 2231 851 2259 non
879 2216 1075 2270 saluum
1106 2215 1339 2270 pulverem,
1371 2215 1443 2256 sed
1473 2215 1632 2268 flauum
1662 2216 1775 2271 lega-

249 2290 338 2330 tur:
367 2289 542 2342 furuum
573 2289 686 2345 quod
718 2302 820 2344 prae
853 2287 1003 2330 ceteris
1035 2288 1229 2342 expectes
1255 2285 1393 2328 noluit
1419 2286 1530 2329 altus
1561 2288 1604 2327 et
1635 2287 1775 2329 suavis

212 2361 214 2365 ’
250 2361 378 2414 poeta
389 2374 560 2415 ponere,
579 2375 632 2402 ne
647 2360 792 2403 sordes
815 2358 1035 2401 fastidium
1049 2358 1278 2400 moverent.
1305 2355 1368 2398 De
1384 2356 1659 2411 lumpz'sinfra
1678 2356 1774 2399 dixi.

369 2429 477 2473 Cum
508 2446 545 2473 v.
576 2431 662 2473 248
695 2431 745 2472 cf.
772 2430 914 2472 Plauti
940 2429 1091 2471 Pseud.
1118 2428 1231 2471 1020
1263 2429 1338 2470 ‘ne
1370 2427 1507 2469 malus
1540 2427 1642 2470 item
1673 2441 1775 2484 erga

251 2501 319 2543 me
353 2501 428 2556 sit,
459 2504 507 2543 ut
536 2502 657 2544 illum
689 2502 791 2557 erga
822 2501 916 2543 fui.’

367 2571 419 2614 V.
439 2571 537 2615 252.
575 2572 842 2615 Priscianum
869 2571 1080 2627 excerpsit
1104 2585 1342 2625 anonymus
1362 2569 1591 2611 Beruensis
1623 2569 1667 2611 in
1687 2569 1772 2615 Ha—

250 2642 348 2698 geni
393 2643 596 2686 analectis
634 2643 865 2686 Helveticis
902 2658 943 2698 p.
979 2643 1080 2685 102:
1120 2640 1362 2684 ‘Pacuviusx
1406 2641 1453 2682 in
1494 2640 1774 2694 scrupulosam

249 2727 421 2768 specum.

365 2783 417 2826 V.
450 2786 533 2827 261
568 2785 621 2826 ad
660 2784 791 2827 Ennii
823 2800 860 2827 v.
892 2785 946 2827 91
980 2800 1020 2840 p.
1051 2784 1154 2827 XXI
1185 2783 1319 2839 tetigi.

367 2853 418 2897 V.
450 2855 537 2901 274
569 2871 629 2911 sq.
670 2854 770 2900 Non
796 2855 913 2905 omni
947 2855 1212 2907 dubitatione
1247 2855 1363 2902 caret
1381 2852 1644 2897 Lachmanni
1676 2867 1773 2896 con-

1930 3123 1942 3204 1..ιὴ
1936 3076 1942 3101 a.
1938 3055 1942 3057 .
1937 3023 1942 3025 .
