1942 3204
242 171 290 210 14
840 170 914 204 CN.
930 170 1147 203 vNAEvtvs

869 274 908 315 V
931 271 1037 330 (VII
1060 272 1132 330 14)

661 352 706 392 in
737 353 904 393 montes
937 351 1165 407 e6nfragos

856 429 920 471 VI
954 427 1014 484 (V
1015 428 1059 470 II
1090 427 1137 485 2)

356 504 671 547 Oirmimuenire
704 503 844 566 uideo
862 506 995 548 ferme
1026 506 1182 548 iniuria

733 582 819 624 VII
853 580 1079 640 (V111320.
1100 582 1194 624 add.
1214 580 1262 638 4)

269 659 324 701 GO
358 657 502 700 Strusx
534 660 743 701 malorum

854 737 961 779 VIII
995 735 1078 793 (IX
1097 735 1145 793 4)

354 813 581 855 Neminem
613 811 720 868 uidi,
752 814 823 868 qui
849 829 1026 856 numero
1048 813 1176 856 sciret
1208 813 1362 869 quique
1395 812 1502 854 sesto
1535 813 1674 866 opust.
1725 822 1758 847 65

882 891 945 933 IV
978 889 1037 947 (X
1072 890 1116 947 7)

358 1001 364 1008 .
399 1001 406 1008 .
438 967 628 1008 trionum
660 967 728 1008 hio
763 965 858 1023 [est]
893 968 1136 1012 moderator
1166 968 1349 1010 rusticus

870 1044 910 1086 X
944 1043 1027 1099 (XI
1059 1043 1134 1100 22)

358 1119 442 1162 Odi
462 1135 742 1163 summussos:
769 1119 948 1176 proinde
976 1124 1120 1177 aperte
1147 1120 1238 1163 dice
1265 1121 1365 1176 quid
1393 1121 1464 1176 sit,
1483 1118 1603 1175 'quod
1622 1120 1758 1161 times.

845 1198 907 1239 XI
940 1196 1045 1254 (XII
1081 1197 1154 1255 18)

359 1274 496 1324 Quam
528 1277 762 1330 numquam
796 1275 918 1317 uobis
951 1274 1114 1318 Graiieis
1147 1278 1274 1330 atque
1306 1276 1477 1317 barbari

717 1351 802 1393 XII
835 1351 961 1407 <XIII
980 1353 1061 1394 inc.
1082 1355 1191 1408 trag.
1214 1351 1287 1409 19)

270 1429 325 1469 ‹35›
357 1429 448 1471 Vos
482 1430 583 1483 ques
617 1429 811 1470 adsolitis
842 1427 1041 1471 Histrum
1072 1429 1250 1471 fluuium
1283 1431 1410 1484 atque
1442 1428 1629 1485 algidam

239 1558 270 1579 ρ.
297 1558 328 1589 q.
356 1557 382 1579 s.
408 1550 620 1589 ‘utrumque
647 1547 863 1579 uocabulum
889 1545 1090 1581 Graecum?
1125 1547 1357 1588 (Naeuium
1388 1547 1471 1580 Par.
1503 1558 1524 1578 a
1557 1549 1593 1578 et
1624 1545 1665 1586 b,
1699 1548 1760 1577 ‘ut

238 1593 331 1625 ui‹l.'
364 1592 549 1624 Neuium
583 1592 682 1627 Flor.
713 1592 897 1624 Ennium
929 1592 1034 1626 Goth.
1068 1592 1204 1634 Haun.)
1265 1594 1319 1625 De
1346 1593 1493 1625 Baccho
1523 1592 1693 1624 uidentur
1722 1591 1759 1622 in

238 1639 408 1679 Lucurgo
439 1637 540 1669 dieta
573 1647 654 1670 esse
748 1638 778 1669 V
802 1638 963 1670 Isidorus
988 1637 1090 1679 Orig.
1117 1637 1202 1671 XIV
1226 1639 1266 1678 8,
1297 1639 1339 1670 27
1367 1637 1633 1679 ‘confrages
1664 1635 1759 1676 loca,

237 1683 274 1714 in
300 1692 395 1724 quae
421 1682 578 1724 undique
603 1684 705 1715 uenti
730 1686 951 1715 concurrunt
975 1693 1019 1714 ae
1044 1693 1124 1715 sese
1149 1683 1344 1726 frangunt,
1368 1686 1409 1715 ut
1433 1682 1594 1715 Naeuius
1620 1682 1691 1714 ait:
1722 1682 1760 1712 in

238 1726 396 1767 montes,
421 1728 485 1759 ubi
502 1727 604 1760 uenti
629 1727 852 1770 frangebant
875 1728 1021 1762 locum)
1052 1727 1171 1760 Schol.
1190 1729 1332 1760 Lucani
1357 1728 1405 1760 VI
1431 1729 1495 1760 126
1520 1726 1760 1768 ‘confraga

237 1776 322 1805 sunt
346 1773 444 1809 loca.
471 1773 509 1804 in
534 1773 663 1815 quibus
679 1774 840 1815 undique
858 1773 961 1805 uenti
986 1774 1240 1814 ooneurrunt',
1264 1776 1305 1805 ut
1322 1773 1484 1805 Naeuius
1500 1772 1567 1804 ait:
1595 1772 1632 1803 in
1659 1781 1761 1803 mon-

236 1823 311 1859 tes,
338 1818 399 1850 ubi
416 1818 519 1850 uenti
544 1818 794 1859 frangebant)
821 1818 924 1850 Haec
947 1828 1019 1850 non
1037 1818 1186 1855 Naeuii,
1213 1818 1276 1850 sed
1302 1817 1519 1860 glossatoris
1535 1817 1652 1848 uerba
1677 1825 1758 1848 esse

240 1867 326 1904 puto
395 1863 446 1894 VI
469 1863 586 1895 Varro
611 1863 655 1894 de
681 1863 704 1898 l,
731 1865 772 1895 L.
798 1863 868 1895 V11
893 1864 935 1895 92
952 1863 1001 1894 M.
1029 1862 1147 1904 ‘apud
1165 1863 1343 1895 Naeuium
1366 1887 1374 1896 .
1397 1887 1405 1896 .
1425 1887 1433 1895 .
1459 1863 1596 1894 ferme
1615 1861 1760 1901 dicitur,

236 1908 330 1949 quod
360 1918 456 1939 nunc
482 1908 593 1941 fere.’
620 1907 812 1948 (nenium
837 1907 948 1947 Flor.)
1041 1907 1111 1940 V11
1135 1908 1284 1940 Seruius
1314 1908 1354 1939 in
1378 1909 1468 1940 Aen.
1493 1907 1543 1939 IV
1575 1907 1640 1939 267
1673 1909 1758 1938 ‘ex-

237 1954 348 1984 struis
378 1963 400 1984 a
432 1953 612 1984 struice.
650 1953 813 1985 Naeuius
844 1953 1071 1985 nominatiuo
1103 1953 1283 1993 singulari
1310 1977 1319 1985 .
1341 1977 1349 1984 .
1370 1955 1405 1985 .’
1507 1951 1592 1984 VIII
1625 1952 1759 1983 Festus

238 2009 271 2040 p.
293 1999 356 2030 170
372 1997 419 2029 M.
447 2001 648 2030 ‘numero
672 2023 679 2030 .
701 2023 707 2029 .
729 2023 736 2031 .
762 1998 858 2040 apud
875 1998 1052 2030 Naeuium
1078 2023 1086 2031 .
1107 2022 1114 2030 .
1135 2022 1143 2029 .
1167 1999 1189 2030 i.
1210 2007 1241 2030 e.
1259 1998 1408 2030 nimium
1427 1998 1563 2030 sciret.’
1623 1995 1674 2027 IX
1691 1996 1759 2028 Isi-

240 2043 348 2075 dorus
368 2042 468 2085 Orig.
486 2043 557 2075 XII
583 2046 598 2074 1
627 2043 761 2075 ‘hunc’
788 2041 853 2086 (sc.
880 2043 1024 2082 bouem)
1051 2043 1199 2074 ‘Latini
1223 2043 1414 2076 trionem
1438 2045 1575 2075 uocant
1627 2066 1636 2075 .
1656 2065 1664 2074 .
1681 2043 1691 2060 ’

238 2087 271 2119 X
295 2087 401 2120 Pauli
426 2088 558 2120 Festus
584 2099 616 2130 p.
643 2090 708 2121 299
734 2088 782 2120 Μ.
808 2089 1063 2120 ‘summussi
1089 2087 1310 2121 dicebantur
1334 2090 1628 2120 murmuratores.
1665 2086 1760 2118 Nae-

236 2134 319 2164 uius
345 2132 423 2172 odi,
449 2133 585 2174 inquit,
613 2143 832 2166 summussos
857 2158 864 2164 .
886 2158 893 2165 .
915 2158 922 2166 .
946 2133 1027 2165 sit.’
1064 2133 1172 2175 Apud
1190 2133 1341 2166 Festum
1366 2144 1401 2176 p.
1420 2133 1486 2165 298
1502 2133 1550 2164 Μ.
1577 2132 1670 2164 haec
1696 2142 1759 2173 ap-

237 2182 383 2219 parent:
411 2181 422 2197 ‘
439 2203 446 2209 .
467 2203 473 2210 .
496 2203 503 2209 .
523 2201 532 2209 .
555 2179 606 2210 ssi
622 2178 843 2211 dicebantur
865 2203 873 2211 .
889 2203 896 2210 .
911 2203 919 2211 .
933 2203 941 2212 .
964 2179 1128 2211 Naeuius
1145 2178 1221 2215 odi,
1241 2179 1361 2220 inquit
1383 2202 1506 2213 ......
1528 2177 1612 2210 inde
1630 2180 1758 2219 aperte

238 2223 318 2255 dice
341 2248 349 2256 .
410 2248 417 2255 .
433 2248 440 2254 .
455 2247 463 2256 .
483 2222 616 2255 'times’
689 2224 751 2257 XI.
771 2224 841 2256 XII
859 2223 988 2255 Cicero
1007 2223 1111 2255 Orat.
1129 2224 1191 2264 45,
1212 2225 1275 2256 152
1294 2224 1440 2264 ‘nobis‚
1456 2233 1502 2255 ne
1521 2222 1551 2255 si
1569 2222 1760 2264 cupiamus

237 2268 397 2310 quIdem,
421 2268 625 2302 distrahere
650 2279 760 2301 uoces
787 2268 1016 2308 conceditur3
1042 2268 1203 2301 indicant
1226 2294 1233 2302 .
1255 2294 1263 2301 .
1285 2294 1291 2301 .
1314 2279 1438 2302 omnes
1455 2269 1586 2311 poetae
1611 2269 1757 2308 praeter

351 2388 404 2425 58
436 2388 628 2437 confragos
660 2389 790 2425 addidi
904 2388 955 2425 59
995 2390 1125 2425 circum
1156 2389 1252 2425 Par.
1284 2389 1305 2424 b
1345 2388 1478 2424 ciccum
1508 2388 1617 2425 Flor.
1650 2386 1758 2423 Goth.

239 2445 372 2481 Haun.
396 2445 492 2481 Par.
514 2457 538 2481 α
569 2455 690 2480 eccum
722 2447 835 2492 uulgo
922 2445 982 2481 An
1012 2445 1263 2481 circumueniri
1295 2444 1444 2480 uideor?
1530 2444 1580 2480 61
1613 2443 1759 2491 quique,

239 2502 274 2536 h.
308 2511 340 2537 e.
373 2506 413 2537 ut
443 2502 519 2538 uid.
553 2512 801 2549 quocumque,
842 2502 923 2538 cod.
956 2501 1052 2548 quod
1084 2501 1259 2550 Scaliyer
1295 2500 1462 2549 quicquid
1494 2500 1760 2536 Buechelerus

326 2558 417 2593 scito
459 2558 633 2605 Scaliyer
671 2558 738 2593 scit
776 2557 809 2593 id
848 2560 929 2594 cod.
1017 2554 1144 2607 opust]
1177 2562 1232 2594 est
1271 2567 1362 2605 opus
1394 2558 1479 2599 cod..
1564 2567 1636 2604 quo
1667 2556 1759 2591 scitu

239 2619 294 2650 est
333 2625 424 2661 opus
464 2614 618 2661 Maehly
657 2626 746 2650 ann.
781 2615 928 2661 philoll.
969 2614 1075 2650 1857
1109 2626 1151 2660 p.
1193 2613 1272 2650 286
1318 2623 1401 2660 qum
1439 2613 1528 2648 scito
1568 2617 1623 2650 est
1668 2622 1758 2659 opus

239 2672 301 2706 uel
331 2681 415 2717 qum
454 2681 525 2718 quo
557 2671 647 2706 scito
685 2676 793 2718 opust
822 2671 865 2706 L.
898 2670 1064 2707 Mueller
1095 2671 1240 2709 annau.
1278 2671 1422 2717 philoll.
1464 2670 1645 2717 1868'p.
1677 2670 1758 2707 426

324 2725 375 2762 62
416 2737 576 2762 meorum
615 2728 707 2763 addi
739 2730 865 2772 potest
952 2732 1007 2763 est
1043 2729 1242 2775 supplem,
1289 2738 1359 2763 om.
1397 2727 1487 2764 libri
1573 2727 1623 2763 63
1663 2726 1758 2773 quod

238 2783 431 2828 suppleuit
465 2783 624 2819 Vrsinus
711 2782 763 2819 64
795 2782 927 2819 Graieis
950 2783 1184 2820 Ritsclzelius
1203 2794 1290 2820 nou.
1313 2793 1400 2820 exc.
1423 2783 1552 2819 Plaut.
1575 2783 1601 2821 I
1614 2795 1654 2829 p.
1680 2783 1758 2819 113

240 2838 316 2874 Grai
341 2841 401 2876 uel
422 2838 514 2875 Graii
544 2840 634 2876 libri
719 2838 774 2876 135
807 2850 894 2888 ques
916 2842 980 2876 uel
1010 2840 1110 2887 queis
1141 2842 1203 2876 uel
1234 2834 1312 2887 quis
1341 2839 1573 2876 Rilsclzelr'us
1600 2841 1626 2876 l.
1649 2841 1673 2876 l.
1699 2842 1758 2888 qni
