1942 3204
225 179 371 216 LXXVI
810 179 1160 217 COROLLARIVM
1213 195 1225 207 ·

222 290 388 331 sulcis.
432 304 584 344 porcus
630 289 777 331 diuisis
821 289 1034 344 ungulis'3
1079 290 1259 345 denique
1311 291 1379 333 V:
1408 292 1599 334 ‘bisulis'
1646 290 1742 347 (scr.
1800 334 1803 337 ,

220 360 456 416 bisulcis)
502 364 675 415 ‘porcus
718 361 840 402 fissas
889 361 1072 415 ungulas
1121 361 1326 415 habens’‚
1376 364 1423 403 ut
1465 363 1674 405 translato
1719 378 1744 405 a

220 446 348 485 porco
370 431 422 473 ad
449 432 709 486 serpentium
742 432 911 487 linguas
943 432 1067 474 huius
1086 433 1261 474 voculae
1281 447 1377 487 usu,
1410 434 1495 475 sive
1522 434 1742 489 genetivus

219 502 447 558 singularis
479 503 566 544 sive
598 504 774 557 pluralis
806 492 1095 545 nominativus
1127 503 1472 558 interpretandus
1505 506 1586 559 est,

366 574 538 629 linguae
570 574 744 616 bisulcis
776 572 853 628 (vel
884 574 1085 629 bisulces)
1117 575 1230 616 iactu
1263 574 1402 629 crispo
1434 565 1595 630 fulgere

218 645 283 686 vel
317 659 363 686 os
396 646 601 701 anguium
633 646 699 686 vel
732 660 892 701 angues
923 646 1006 700 ipsi
1039 645 1250 700 dicantur,
1284 645 1355 700 qui
1386 645 1544 688 vehant
1566 646 1739 690 Medeae

220 731 400 757 currum.
464 716 586 765 Quod
624 719 764 758 autem
803 719 952 771 postea
994 717 1168 759 bisulcas
1211 716 1395 758 formam
1438 718 1742 774 praetulerunt,

220 787 436 829 sollemnis
472 788 557 829 fere
590 788 635 829 in
667 788 726 829 eis
760 788 994 842 adiecffivis,
1034 803 1141 843 quae
1174 803 1198 829 a
1237 787 1514 830 substantivis
1553 789 1743 831 derivata

219 860 334 912 sunt,
372 859 551 900 variatio
591 859 906 901 terminationis
946 861 1009 900 est
1031 862 1108 901 :ut
1137 860 1339 902 exanimis
1377 860 1546 902 adclivis
1582 861 1743 903 declivis

210 930 406 982 proclivis
444 932 598 972 enervis
635 931 891 972 semisomnis
927 931 1075 984 baessiuyis
1112 930 1277 982 effrenis
1314 930 1501 983 infrenis.
1563 930 1742 973 Diversa

221 1001 274 1042 ab
305 1001 372 1042 his
392 999 566 1042 Pacuvii
598 1002 791 1055 indiyem,
823 1000 965 1043 Plauti
992 1001 1037 1042 in
1057 1000 1183 1042 Most.
1205 1002 1291 1043 274
1322 1001 1552 1055 interpolas,
1583 1001 1739 1044 Varro-

220 1071 287 1112 nis
311 1073 476 1125 pronis,
508 1072 553 1112 in
585 1072 805 1127 glossariis
844 1072 1083 1125 breviloqais
1121 1074 1162 1113 et
1196 1072 1499 1125 obliquoloquis.
1561 1073 1612 1114 In
1651 1073 1740 1128 qui-

217 1142 398 1184 busdam
418 1158 516 1183 vero
538 1146 586 1184 ut
616 1143 783 1186 amabis
814 1143 952 1185 enodis
983 1144 1136 1198 regnat
1166 1144 1203 1184 is
1233 1143 1488 1202 terminatio.
1527 1142 1741 1186 Firmatur

174 1207 190 1231 ³
217 1214 380 1255 bisulcis
400 1213 541 1255 Plauti
562 1215 772 1268 exemplo,
806 1214 878 1268 qui
909 1214 955 1255 in
974 1213 1163 1255 Poenulo
1183 1228 1219 1255 v.
1245 1214 1356 1256 1023
1390 1214 1554 1257 ‘bisulci
1576 1215 1732 1269 linyaa’

216 1284 277 1326 ait
309 1286 444 1339 ‘quasi
476 1299 731 1340 proserpens
763 1285 927 1327 bestia?

332 1355 384 1397 In
415 1356 469 1398 H
500 1357 612 1411 quod
655 1357 812 1411 legitur
850 1357 1069 1410 ‘lumpae
1104 1364 1248 1411 ‘aquae
1280 1357 1347 1398 uel
1392 1357 1550 1399 undae'
1591 1359 1738 1412 aptum

216 1428 280 1468 est
318 1427 370 1468 ad
407 1427 659 1468 firmandam
703 1428 749 1468 in
785 1427 959 1469 Paeam‘i
1002 1441 1125 1469 versu
1163 1427 1249 1468 244
1291 1428 1560 1483 scripturam,
1611 1443 1738 1484 quam

215 1497 472 1540 Ritschelius
505 1498 818 1540 commendavit
827 1533 837 1553 ,
869 1499 918 1539 lu
926 1513 968 1539 m
976 1498 1065 1552 pis.

333 1569 385 1611 In
416 1585 452 1611 v.
485 1570 569 1612 377
609 1569 666 1611 ad
699 1570 1054 1611 manticulandum
1090 1569 1183 1611 asta
1219 1570 1455 1624 adgreditur
1481 1585 1494 1611 .·
1519 1573 1594 1613 scit
1629 1572 1738 1613 enim

214 1641 314 1693 quid
340 1641 614 1694 pronzemwrit
648 1641 753 1682 haec
791 1641 925 1682 altera
961 1655 1060 1695 pars
1098 1655 1201 1682 num
1239 1643 1350 1682 recte
1386 1641 1544 1683 tradita
1583 1642 1654 1697 sit,
1691 1643 1738 1684 in

214 1714 303 1752 tam
337 1712 517 1754 obscura
549 1712 763 1753 sententia
794 1714 906 1754 certe
939 1712 1124 1754 dubitari
1155 1711 1263 1753 licet.
1303 1711 1575 1754 Coniciebam
1606 1713 1737 1768 igitur

214 1784 308 1824 scite
341 1784 406 1824 vel
437 1784 529 1826 sciti
560 1784 668 1825 enim
705 1784 807 1837 qnid
827 1784 1078 1837 prompserit
1108 1782 1375 1824 scribendum
1408 1797 1510 1824 esse.
1573 1782 1654 1825 Sed
1690 1784 1735 1825 in

213 1852 303 1895 B²⁰
319 1854 360 1896 V
397 1855 564 1909 glossae
610 1855 757 1894 extant
799 1855 990 1907 nimqaicl
1030 1867 1112 1896 non
1155 1853 1315 1907 aliquid
1356 1855 1398 1894 et
1434 1855 1614 1908 nimqais
1652 1869 1736 1896 non

213 1925 387 1978 aliquis,
420 1925 465 1966 in
498 1924 650 1979 quibus
682 1938 766 1966 non
798 1924 1094 1979 corrigendum
1133 1938 1223 1965 esse
1253 1938 1353 1965 num
1392 1924 1592 1979 suspicor.
1655 1925 1735 1967 Illa

214 1997 354 2036 autem
393 1997 480 2037 nim
518 1996 655 2036 forma
697 2009 751 2036 ne
795 1995 1061 2036 oblitteretur
1105 1995 1337 2036 similitudo
1381 1995 1495 2036 vocis
1538 1996 1734 2050 ninyalas

214 2066 362 2107 suadet
394 2068 528 2121 ortae,
566 2068 615 2107 ut
645 2065 826 2121 videtur,
858 2080 909 2107 ex
944 2066 1194 2117 nim-eulas,
1225 2080 1313 2107 non
1345 2080 1395 2107 ex
1426 2067 1654 2119 noinealas,
1686 2070 1734 2110 ut

212 2137 347 2178 voluit
379 2136 614 2180 Corssenus
647 2138 697 2179 de
729 2139 928 2192 pronunt.
960 2137 982 2178 I
1016 2137 1081 2179 79.
1125 2136 1266 2192 Atque
1297 2137 1343 2179 in
1362 2137 1600 2180 Trinummi
1632 2153 1731 2194 quo-

211 2222 290 2262 que
328 2223 364 2249 v.
403 2208 488 2250 962
525 2210 739 2264 nimquam
775 2208 951 2264 praebet
994 2206 1260 2250 Decurtatus.
1333 2207 1496 2250 Eodem
1547 2209 1733 2264 pertinet

213 2279 325 2334 quod
356 2279 401 2320 in
431 2280 640 2335 versibus,
665 2287 777 2335 'quos
810 2294 859 2321 ex
885 2278 1093 2321 Varronis
1119 2278 1348 2335 Agathone
1374 2278 1540 2322 Nonius
1568 2295 1608 2334 p.
1638 2281 1732 2335 187,

215 2350 268 2391 10
307 2349 512 2405 laudavit,
556 2351 646 2406 ipse
692 2351 804 2392 inter
841 2350 1083 2392 comoediae
1126 2350 1262 2392 frusta
1305 2350 1384 2392 inc.
1428 2350 1508 2392 inc.
1546 2351 1602 2392 96
1640 2365 1730 2406 sqq.

210 2420 372 2475 rettuli,
409 2435 486 2474 pro
524 2421 590 2463 his
630 2422 899 2476 ‘Lampaddm
936 2422 1139 2475 namquid
1172 2421 1395 2463 familiaris
1433 2421 1542 2463 filius
1574 2420 1726 2463 Amat’

209 2491 307 2532 libri
349 2492 674 2546 Lampadionem
716 2494 817 2547 qaid
856 2493 1072 2547 praebent.
1144 2493 1292 2548 Itaque
1343 2493 1454 2548 apud
1497 2492 1728 2535 Pacuvium

211 2563 270 2604 sic
307 2563 619 2619 interrogatum
656 2564 786 2606 fuisse
825 2564 1077 2606 coniecerim
1105 2579 1112 2605 :
1139 2565 1233 2607 scite
1275 2563 1360 2620 (vel
1396 2563 1504 2620 sciti)
1541 2564 1730 2618 nimqaid

202 2635 480 2688 prompserit?

329 2704 466 2760 Supra
497 2705 583 2747 dixi
621 2706 670 2747 de
710 2707 921 2748 structura
947 2707 1072 2760 pudet
1100 2706 1203 2748 mihi
1231 2706 1277 2748 in
1308 2721 1344 2748 V.
1374 2707 1455 2748 143
1487 2705 1544 2761 (p.
1576 2706 1727 2761 XLII),

209 2777 250 2815 et
282 2775 332 2816 de
369 2776 513 2832 glossa
544 2776 730 2818 Labbaei
761 2781 1011 2829 matreseere,
1050 2792 1132 2833 qua
1168 2778 1372 2820 traditum
1404 2793 1428 2818 a
1459 2776 1601 2819 Nonio
1639 2791 1726 2819 ma-

210 2849 379 2888 treseam
410 2847 454 2889 in
486 2863 521 2890 v.
555 2848 639 2890 309
672 2848 873 2892 firmatur.

1928 3027 1942 3204 Qun„-
1936 3006 1942 3014 .
1938 2976 1942 2980 .
