1942 3204
222 161 304 202 120
824 166 871 202 Μ.
896 165 1136 202 PACVVIVS

337 266 423 316 Qui
452 282 625 310 causam
655 269 862 312 humilem
893 268 1019 312 dictis
1051 271 1243 326 amplent

863 347 992 390 XVII
1024 344 1091 404 (9)

218 421 306 463 340
337 421 606 478 Quamquam
637 425 846 481 annisque
879 427 922 466 et
953 426 1092 466 aetate
1123 425 1206 467 hoc
1238 426 1392 481 c6rpus
1422 426 1568 481 putress

184 494 188 497 ⁵
839 501 992 545 XVIII
1024 499 1121 558 (14)

333 575 424 618 Au’n
454 592 521 620 me
555 578 721 634 occide,
752 580 872 622 illinc
904 580 939 622 si
971 582 1153 634 usquam
1184 580 1399 635 probibam
1433 580 1625 636 gradum.

217 698 304 739 342
863 656 969 699 XIX
1002 654 1098 713 (15)

217 757 243 798 3
246 757 303 799 43
337 730 397 772 Te
427 732 607 787 repudio
639 734 718 774 nec
749 733 927 789 recipio:
958 734 1159 776 naturam
1191 734 1359 776 abdico:
1392 732 1411 776 1'
1439 734 1618 776 facesse!

875 810 958 852 XX
991 809 1087 868 (10)
1396 807 1400 811 ’

462 913 469 921 .
503 882 552 922 ut
584 882 684 936 ego,
715 882 750 923 si
782 882 1009 937 quisquam
1039 884 1107 924 me
1138 882 1250 937 tagit

710 944 969 1018 Ἤ
1002 956 1099 1016 (12)

218 1027 304 1070 345
582 1037 587 1042 “
1000 1030 1084 1072 nisi
1116 1031 1290 1072 coerceo

218 1145 286 1177 pro
313 1134 564 1177 amplificant)
599 1134 764 1175 (Teuro
790 1135 936 1177 Bamb.)
1037 1137 1141 1169 XVII
1164 1137 1258 1169 Non.
1285 1138 1367 1178 159,
1395 1138 1436 1169 17
1462 1129 1665 1178 ‘putreta’

217 1180 342 1214 XVIII
366 1180 458 1213 Non.
486 1180 569 1222 154,
594 1181 615 1213 3
647 1180 935 1222 ‘prouidere’
963 1181 1216 1223 (probitere
1243 1179 1488 1222 Stewechius)
1518 1184 1685 1215 ‘mouere
1709 1185 1746 1214 et

219 1226 343 1261 ferre)
455 1224 541 1257 XIX
566 1225 658 1258 Non.
685 1226 768 1266 306,
794 1225 838 1259 32
864 1226 928 1268 (cf.
955 1226 1021 1267 XI)
1126 1227 1192 1259 XX
1218 1227 1355 1260 Festus
1380 1238 1414 1270 p.
1439 1228 1505 1260 356
1529 1227 1579 1261 M.
1605 1228 1746 1269 ‘tagit

196 1272 258 1310 1³,
284 1271 322 1302 in
347 1271 508 1303 Teucro:
539 1273 580 1302 ut
611 1273 700 1313 ego'
734 1282 765 1304 e.
794 1282 827 1314 q.
856 1282 884 1307 s.
918 1274 978 1304 ‘et
1008 1274 1134 1315 tagam
1166 1272 1262 1304 idem
1291 1272 1330 1304 in
1362 1272 1560 1305 Hermiona
1590 1290 1634 1294 —
1664 1273 1744 1305 siue

217 1316 328 1349 dubio
355 1316 507 1358 antiqua
539 1316 804 1349 consuetudine
834 1317 1044 1359 usurpauit:
1077 1328 1162 1350 nam
1194 1327 1290 1350 nunc
1322 1328 1365 1350 ea
1398 1318 1476 1350 sine
1502 1318 1744 1360 praepositio-

217 1362 326 1393 nibus
351 1371 425 1394 non
449 1360 630 1402 dicuntur,
656 1364 697 1393 ut
723 1362 880 1404 contigit
906 1362 1061 1404 attigit)
1131 1362 1216 1395 XXI
1239 1363 1374 1395 Festus
1399 1373 1433 1405 p.
1459 1364 1525 1395 270
1549 1362 1596 1395 Μ.
1623 1363 1746 1395 ‘red-

215 1407 415 1448 hostire,
442 1406 581 1439 referre
608 1407 766 1448 gratiam
792 1425 832 1430 —
851 1425 892 1431 —
917 1418 1001 1440 nam
1027 1411 1065 1441 et
1088 1408 1260 1441 hostire
1285 1418 1356 1450 pro*
1368 1418 1527 1450 aequare
1545 1411 1747 1450 posuerunt

331 1503 411 1540 339
435 1503 517 1550 quia
549 1502 596 1538 W
661 1501 819 1551 amplent
838 1503 886 1540 W
904 1515 951 1539 m.
971 1515 1034 1550 pr.
1057 1503 1214 1551 amplant
1235 1506 1356 1540 celeri
1441 1502 1523 1541 340
1543 1504 1747 1542 Baccheos

216 1561 400 1597 indicauit
438 1559 672 1596 Rilsclzelius
709 1570 797 1596 nou.
838 1569 996 1596 excurs.
1037 1560 1166 1596 Plaut.
1195 1560 1220 1597 Ι
1248 1559 1322 1607 65,
1366 1561 1434 1596 sed
1470 1561 1565 1597 idem
1601 1563 1749 1598 senarii

217 1622 253 1653 el
290 1617 392 1653 hanc
429 1615 599 1663 formam
639 1626 852 1664 quamquam
891 1616 992 1652 annis
1030 1621 1136 1664 atquc
1175 1616 1314 1653 aetatcd
1353 1616 1423 1652 hoc
1459 1628 1489 1653 c.
1522 1629 1558 1665 p.
1590 1622 1626 1654 et
1661 1619 1746 1655 olim

217 1683 349 1720 opusc.
372 1673 420 1709 ΙΙ
438 1671 518 1709 621
549 1672 652 1708 lianc
683 1683 897 1720 quamquam
927 1673 1028 1709 imnis
1059 1677 1167 1721 atque
1197 1674 1313 1710 aetate
1344 1673 1414 1709 hoc
1433 1673 1516 1709 mihi
1546 1684 1577 1713 c.
1599 1686 1634 1722 p.
1654 1686 1745 1721 pro-

214 1731 357 1777 posuit.
390 1739 604 1778 quamquam
635 1728 682 1764 mi
712 1730 886 1777 annisque
916 1734 953 1765 et
982 1741 1012 1765 a.
1046 1730 1081 1766 h.
1115 1741 1145 1765 c.
1177 1742 1212 1778 p.
1246 1730 1497 1766 Hermannus
1534 1741 1745 1778 quamquam

218 1787 318 1822 annis
350 1790 460 1834 atque
491 1789 607 1821 aetate
639 1796 771 1833 corpus
792 1786 862 1822 hoc
883 1786 1100 1836 psMaelzly
1121 1787 1143 1822 l.
1165 1788 1191 1822 l.
1225 1786 1429 1823 Senarium
1443 1788 1574 1833 prima
1596 1788 1745 1835 syllaba

217 1842 265 1889 (e.
289 1854 322 1879 c.
354 1841 448 1889 nam)
475 1852 614 1878 manca
645 1844 727 1889 ipse
755 1844 842 1879 olim
869 1844 999 1879 statui.
1115 1841 1195 1879 341
1224 1842 1324 1878 illinc
1349 1843 1378 1878 si
1411 1853 1560 1890 usquam
1594 1843 1747 1880 Vossius

217 1899 277 1935 illa
309 1899 393 1935 hinc
426 1898 457 1934 si
479 1909 524 1934 nc
546 1909 697 1946 usquam
726 1899 816 1935 libri
837 1900 1015 1947 plerique
1047 1896 1097 1948 (in
1119 1898 1149 1934 si
1170 1910 1214 1935 ne
1234 1900 1375 1935 litteris
1395 1899 1445 1935 sei
1465 1901 1589 1936 latere
1605 1899 1746 1947 potest)

218 1956 277 1992 illa
309 1955 414 1991 habui
446 1965 599 2003 usquam
619 1955 747 1991 Palat.
781 1955 842 1991 illa
863 1955 945 1991 hinc
966 1966 1115 2003 usquam
1135 1966 1201 1991 ms.
1222 1955 1385 1992 Doricill.
1463 1955 1640 2003 probitam
1663 1954 1745 1993 Sie-

219 2013 386 2050 mechius
416 2011 623 2059 prouideam
644 2012 736 2048 libri
762 2022 982 2060 prouegeam
1015 2012 1193 2059 Gifanius
1215 2011 1411 2060 proucham
1433 2012 1589 2060 Maehly
1675 2012 1746 2049 Aut

218 2080 274 2105 me
306 2068 446 2104 occide:
479 2067 538 2103 illa
570 2066 696 2114 habui,
728 2068 757 2103 si
788 2079 883 2104 nunc
903 2079 1054 2116 usquam
1083 2067 1293 2117 prouidcam
1324 2067 1475 2116 gradum
1498 2069 1748 2106 Hei-mannus

305 2124 386 2162 342
409 2135 466 2171 sq.
502 2123 750 2161 Oclonarium
781 2125 1019 2162 trochaicum
1049 2136 1152 2162 nunc
1183 2127 1363 2162 constitui
1391 2136 1499 2172 quem
1531 2127 1617 2162 olim
1643 2126 1772 2171 Her--

219 2193 359 2219 manno
381 2184 540 2217 auctore
561 2183 599 2216 in
619 2181 781 2218 duorum
801 2184 1042 2219 senariorum
1058 2182 1232 2229 frustula
1253 2182 1558 2228 discerpseram:
1576 2184 1747 2229 praeiuit

221 2239 263 2275 L.
287 2238 453 2274 Mueller
473 2248 563 2273 ann.
585 2238 732 2284 philoll.
757 2237 864 2275 1868
881 2249 922 2285 p.
944 2237 1025 2275 437
1048 2239 1308 2286 septenarium
1330 2239 1610 2276 commendans.
1642 2244 1747 2275 natu-

220 2306 294 2331 ram
315 2294 394 2330 dico
417 2293 562 2330 facessli
583 2295 671 2331 libri
682 2296 863 2342 plerique
892 2306 928 2332 n.
951 2294 1032 2331 dico
1053 2295 1188 2331 facesse
1209 2306 1276 2331 ms.
1300 2295 1434 2342 Fabri,
1465 2299 1500 2332 el
1522 2299 1746 2341 compuncto

220 2351 357 2388 faccssc
379 2352 520 2388 Genea.
544 2361 578 2386 n.
601 2350 697 2398 dico,
719 2363 788 2388 om.
820 2350 970 2398 facesse,
992 2351 1115 2388 Basil.
1147 2362 1227 2387 nam
1259 2350 1323 2387 tibi
1353 2350 1433 2387 dico
1457 2351 1594 2387 facesse
1613 2352 1745 2388 Palal.

208 2413 342 2458 ⁸natum
371 2406 516 2454 abdico⁷
548 2406 683 2443 facesse
704 2407 908 2444 Mercerus
927 2412 1088 2444 naturam
1110 2407 1253 2444 abdico:
1285 2407 1433 2454 facesse,
1466 2408 1476 2443 i
1497 2407 1746 2444 Hermannus

221 2469 355 2500 natum.
380 2465 431 2500 ito
453 2462 621 2500 facessito
643 2464 685 2500 L.
698 2464 864 2501 Mueller
883 2468 1025 2501 natum:
1047 2465 1116 2500 iam
1138 2464 1220 2500 hinc
1240 2463 1404 2500 facessite
1427 2464 1690 2501 Buechelerus

222 2519 303 2557 344
333 2525 368 2556 at
388 2520 583 2568 Berylcius
603 2521 759 2568 Ephem.
782 2520 874 2557 Hal.
900 2520 1006 2558 1842
1025 2533 1067 2568 p.
1091 2519 1174 2558 240
1259 2521 1448 2568 quicquam
1481 2521 1689 2558 Vaticanus
1719 2520 1749 2557 S

308 2575 614 2624 Coniunyendum
645 2588 729 2614 cum
760 2589 797 2613 u.
822 2576 904 2615 340
934 2582 1062 2614 censet
1083 2577 1246 2614 Botbius
1265 2579 1321 2612 sic
1341 2578 1634 2623 interpolatum.-
1665 2575 1746 2612 talis

224 2639 340 2669 [amen
362 2644 455 2679 sum,
478 2637 517 2668 ut
537 2644 606 2682 ego
629 2634 658 2669 si
681 2645 716 2681 q.
736 2645 785 2671 m.
808 2639 820 2669 t
838 2662 849 2680 ,
870 2633 993 2670 itidem
1014 2638 1132 2682 tagam
1207 2631 1287 2670 345
1306 2643 1363 2680 sq.
1386 2632 1450 2669 Sic
1471 2637 1654 2669 truncata
1677 2643 1745 2670 ex-

223 2694 306 2726 tant
335 2691 442 2736 apud
462 2689 622 2726 Nonium
638 2701 682 2736 p.
704 2689 805 2728 490:
837 2690 990 2726 nisit-„itia
1011 2690 1172 2726 fercitate
1192 2689 1382 2737 (serieitate
1401 2689 1506 2725 Leia.
1529 2688 1681 2736 Bamb.)
1710 2694 1746 2725 at

222 2757 291 2794 quc
312 2745 459 2791 ferocia,
491 2748 531 2781 in
552 2747 689 2793 quibas
707 2758 782 2783 non
802 2748 959 2783 diuersa
981 2759 1005 2782 α
1026 2748 1168 2784 nostris
1187 2748 1312 2783 latere
1331 2746 1517 2782 iudicauit
1534 2750 1621 2792 post
1640 2746 1744 2782 Mer-

224 2813 355 2839 cerum
377 2801 647 2849 Hermannus,
669 2804 847 2846 dissensit
867 2803 1030 2840 Botkius
1051 2803 1075 2839 2
1096 2804 1194 2840 haec
1216 2806 1423 2849 temptans.-
1451 2802 1522 2838 nisi
1541 2802 1628 2838 citas
1650 2802 1746 2838 sero-

224 2858 345 2905 citate,
368 2861 454 2895 item
475 2859 638 2896 Rothius
668 2862 724 2896 sic
746 2861 969 2897 emendans.-
999 2859 1149 2897 insiticia
1170 2858 1314 2895 feritate
1334 2869 1365 2896 a.
1387 2857 1412 2894 f.
1492 2857 1573 2895 345
1594 2869 1745 2895 coerceo
