1942 3204
707 195 1059 232 coaoLLAva
1568 182 1650 231 xix

117 308 309 353 extitisse
333 321 570 351 consensus
596 306 826 349 memoriae
857 305 910 348 de
937 306 1097 347 omissa
1127 305 1246 348 finali
1271 319 1292 347 s
1329 319 1511 361 arguere
1538 305 1650 348 vide-

116 382 200 423 tur.
255 378 459 436 Suspicor
492 381 635 421 autem
668 393 694 420 a
725 378 1065 421 commentatore
1097 377 1277 433 antiquo
1316 377 1532 433 glossema
1562 378 1651 419 uir-

112 451 271 505 finalis
301 451 638 507 superscriptum
669 449 801 492 fuisse
833 448 1025 505 genuino
1053 449 1245 503 uiryinis.
1307 447 1430 498 Quod
1463 448 1498 490 si
1531 448 1650 489 resti-

115 521 296 579 tuimus,
339 522 466 566 simul
510 520 691 577 duplicis
734 519 934 562 adiectivi
978 520 1177 563 molestia
1219 519 1464 562 liberamur.
1537 518 1651 562 Nam

115 594 455 650 transpositione
499 592 727 635 verborum
765 607 791 634 a
827 591 1092 634 Buechelero
1131 590 1433 634 commendata
1467 590 1540 632 zlln'
1575 590 1652 632 illa

114 665 340 720 uiryimllis
368 665 498 721 paulo
536 667 632 707 ante
666 663 705 706 ἐι
733 664 898 717 sapiens
933 663 1132 705 nwde‘stia
1168 662 1377 718 languida
1413 662 1463 704 fit
1500 662 1651 704 oratio.

118 736 365 794 Defectum,
408 751 493 793 quo
537 736 584 778 in
626 735 766 791 prima
809 734 984 791 dipodia
1026 749 1174 777 versus
1218 734 1406 790 laborat,
1455 733 1652 789 quamvis

116 811 184 851 sat
214 808 496 865 probabiliter
514 807 686 850 Reizius
717 807 881 849 inserto
914 810 986 848 tua
1005 806 1229 848 resarsisse
1250 805 1464 861 videatur,
1495 805 1651 860 duplex

115 882 338 936 praeterea
373 879 528 923 vocula
555 879 687 934 paulo
724 878 959 920 remedium
991 877 1186 933 offertur,
1224 891 1333 932 quae
1374 877 1462 919 sive
1492 876 1655 931 paulod

116 951 267 994 scribis
298 951 388 994 sive
411 951 598 1006 pausillo
630 948 699 1008 (ut
724 949 934 992 Afranius
965 965 1003 992 v.
1023 949 1110 992 296
1143 949 1349 1004 ‘pauxillo
1383 948 1518 1003 prius’
1551 960 1650 990 con-

113 1021 292 1080 iunxit),
322 1022 441 1066 facili
471 1022 648 1079 negotio
681 1022 849 1064 tollitur
879 1021 1036 1064 hiatus.

233 1094 286 1138 V.
317 1094 374 1137 41
414 1094 468 1137 ad
504 1093 711 1136 tuendam
749 1093 959 1136 librorum
991 1092 1248 1149 scripturam
1285 1095 1542 1147 optumatum
1568 1125 1577 1134 .
1604 1126 1613 1134 .
1642 1126 1649 1134 .

114 1166 341 1210 mulierum
358 1180 448 1209 non
474 1165 635 1208 sufficit
659 1180 698 1215 v,
723 1165 810 1207 212
841 1166 1081 1207 ‘matronae
1109 1165 1340 1220 opulentae
1372 1166 1650 1219 optumates.'

113 1237 227 1281 Nam
258 1240 303 1281 et
331 1237 402 1280 hic
435 1239 479 1280 et
509 1237 662 1279 ceteris
693 1237 800 1279 locis
832 1235 1208 1292 optimas'dicitur
1246 1235 1319 1291 qui
1351 1235 1503 1291 optimi
1536 1235 1647 1278 ordi-

114 1310 182 1352 nis
204 1310 287 1352 ·vel
324 1310 426 1365 loci,
468 1309 536 1352 vel
581 1311 654 1365 qui
693 1308 954 1364 optimarum
974 1307 1205 1363 partium,
1248 1322 1339 1350 non
1384 1307 1457 1362 qui
1496 1306 1650 1362 optimi

115 1382 173 1424 sit
203 1382 337 1424 animi
370 1383 413 1423 et
442 1381 626 1437 ingenii,
657 1380 701 1422 id
733 1379 847 1436 quod
880 1377 1126 1422 Cassandra
1162 1379 1214 1421 de
1246 1381 1382 1421 matre
1414 1378 1649 1434 praedicat.

232 1452 286 1496 V.
315 1453 374 1495 44
411 1453 496 1495 tria
533 1452 587 1495 ab
624 1451 750 1495 im'tio
787 1451 920 1494 verba
959 1465 1057 1494 cum
1092 1450 1253 1506 triplici
1290 1450 1419 1493 modo
1459 1449 1650 1492 ordinari

114 1525 284 1580 possint

583 1582 777 1640 uirgines
808 1583 961 1625 uereor
991 1582 1183 1638 aequalis

583 1656 734 1697 uereor
763 1654 957 1710 uirgines
989 1654 1181 1709 aequalis

584 1724 778 1781 uirgines
810 1725 1002 1780 aequalis
1032 1738 1185 1766 uereor

114 1808 204 1864 ille,
241 1822 368 1864 quem
405 1809 544 1865 primo
583 1809 679 1851 loco
717 1808 861 1864 posui,
899 1822 925 1849 a
960 1807 1170 1850 librorum
1207 1806 1420 1861 scriptura
1457 1806 1649 1861 proxime

115 1879 255 1935 abest,
292 1879 366 1922 sed
404 1879 517 1922 idem
549 1880 826 1935 anapaestico
858 1879 1070 1922 vocabulo
1102 1877 1278 1920 minime
1311 1876 1648 1919 commendatur.

114 1950 465 1994 Adlitterationis
503 1952 640 1994 virtus
678 1950 919 1994 communis
957 1952 1023 1992 est
1065 1949 1204 2005 primo
1243 1951 1287 1991 et
1324 1948 1531 2004 secundo,
1575 1949 1648 1990 sed

114 2023 160 2064 in
190 2022 275 2065 hoc
306 2023 452 2065 nescio
484 2022 587 2078 quid
618 2022 813 2078 languidi
838 2036 935 2065 meo
963 2035 1092 2064 sensu
1122 2020 1257 2062 habet
1288 2020 1492 2062 creticum
1524 2034 1647 2062 voca—

114 2094 281 2150 bulum,
313 2094 434 2137 cuius
465 2094 547 2137 hoc
578 2109 727 2137 versus
758 2095 854 2137 loco
885 2093 1018 2150 positi
1048 2092 1162 2135 inter
1192 2094 1260 2134 tot
1289 2092 1554 2148 tragicarum
1585 2106 1647 2133 re—

113 2165 343 2221 liquiarum
375 2166 643 2221 septenarios
674 2165 935 2221 paucissima
967 2166 1070 2206 sunt
1101 2163 1307 2219 exempla.
1359 2161 1470 2205 Sunt
1502 2165 1647 2204 autem

113 2236 236 2279 haec:
273 2235 407 2279 Ennii
418 2251 470 2283 Ν.
499 2237 582 2279 149
615 2237 740 2292 ‘quae
765 2251 862 2278 mea
891 2236 1119 2279 cmnminus
1141 2235 1408 2290 machaera',
1439 2234 1527 2276 274
1559 2234 1648 2289 ‘qui

114 2307 196 2349 sibi
231 2309 420 2350 semitam
451 2323 541 2350 non
579 2308 791 2364 sapiunt’,
828 2306 949 2351 Accii
984 2307 1068 2350 190
1107 2307 1286 2349 ‘ueritus
1325 2320 1420 2348 sum
1458 2305 1648 2357 arbitros,

113 2380 242 2434 atque
279 2379 483 2435 utinam’,
524 2379 606 2422 inc.
643 2378 726 2421 inc.
761 2378 849 2422 fab.
888 2379 944 2422 89
988 2379 1172 2422 ‘soluere
1216 2379 1395 2432 imperat
1431 2377 1648 2432 secundo',

114 2450 202 2492 214
240 2450 381 2506 ‘pater
422 2450 619 2506 inquam,
660 2450 851 2506 Ῐοωῃήιεε,
894 2453 1019 2507 pater
1060 2453 1159 2493 me’.
1220 2448 1340 2499 Quae
1385 2463 1647 2504 quamquam

113 2520 428 2564 dubitationem
459 2521 624 2564 nullam
655 2522 751 2577 ipsa
781 2521 1036 2577 admittunt,
1066 2523 1218 2564 nostro
1250 2523 1397 2563 tamen
1428 2521 1524 2563 loco
1556 2534 1646 2561 non

114 2591 365 2635 crediderim
401 2594 574 2648 poetam
606 2593 743 2635 multo
783 2593 981 2636 meliores
1012 2607 1216 2635 numeros
1246 2592 1431 2646 tlirqines
1462 2591 1647 2644 aequalis

112 2676 253 2705 uereor
276 2678 378 2720 prae
409 2664 504 2706 istis
536 2664 761 2720 sprevisse.
814 2662 929 2706 Nam
961 2663 1239 2707 adlitterandi
1270 2663 1335 2705 vis
1368 2662 1498 2704 etiam
1531 2662 1645 2703 ultra

113 2734 391 2791 interpositas
427 2748 554 2778 voces
591 2734 716 2777 binas
748 2735 816 2778 vel
848 2735 1042 2791 singulas
1079 2735 1268 2778 valebat:
1301 2734 1496 2789 exempla
1527 2732 1644 2775 suffi-

113 2805 232 2848 ciant
267 2805 378 2848 Livii
410 2806 437 2848 6
468 2806 546 2862 41,
582 2805 738 2850 Naevii
773 2807 824 2849 19
857 2806 914 2850 39
947 2808 1003 2850 47
1037 2807 1113 2862 61,
1150 2805 1283 2848 Ennii
1321 2805 1404 2848 140
1440 2804 1524 2846 165
1557 2804 1642 2847 261

114 2875 201 2918 292
231 2876 318 2919 315
333 2876 448 2923 .398.

1308 2958 1359 2990 {1²³²
