1942 3204
277 207 328 248 13
337 207 364 247 Ο
883 209 933 241 Μ.
958 209 1198 243 PACVVIVS

940 312 1134 355 XXXIII

395 388 569 431 Seruius
607 389 653 430 in
683 387 790 430 Aen.
822 388 867 430 II
899 389 985 431 506
1023 390 1095 431 ‘de
1133 392 1269 432 morte
1307 392 1450 432 autem
1485 390 1646 434 Priami
1682 393 1800 434 uarie

279 467 438 507 lectum
470 468 546 507 est.
597 466 669 507 alii
701 466 865 521 dicunt,
898 467 1011 521 quod
1043 482 1068 508 a
1098 466 1293 522 Pyrrho
1330 468 1385 509 in
1423 468 1567 510 domo
1600 469 1801 524 quidem

277 558 366 584 sua
399 546 579 598 captus
611 546 705 598 est,
744 543 829 585 sed
863 543 923 584 ad
953 544 1201 585 tumulum
1232 543 1454 587 Achillis
1491 548 1689 588 tractus
1721 561 1800 589 oc-

274 620 512 675 oisusque
561 622 638 661 est
686 620 829 662 iuxta
879 619 1084 676 Sigeum
1132 623 1542 677 promontorium
1592 621 1709 680 (nam
1755 624 1802 665 in

272 696 467 739 Rhoeteo
488 696 601 738 Aiax
633 698 824 752 sepultus
846 696 947 755 est):
980 701 1101 740 tunc
1133 699 1242 741 eius
1274 702 1428 755 eaput
1459 702 1609 742 conto
1641 701 1801 742 fixum
1865 697 1872 704 ⁸

271 773 498 829 Pyrrhus
537 775 871 816 circumtulit.
933 775 1006 817 alii
1044 791 1145 818 uero
1185 777 1299 831 quod
1335 777 1455 823 iuxta
1491 776 1647 819 Hercei
1684 777 1801 821 Iouis

272 866 391 892 aram
427 852 640 894 extinctus
678 853 734 893 sit
772 853 923 894 dieunt
961 886 969 893 .
1003 886 1011 894 .
1045 887 1052 894 .
1086 886 1094 895 .
1157 855 1200 895 et
1235 853 1348 895 hanc
1389 854 1636 909 opinionem
1673 855 1800 910 plane

272 928 462 983 sequitur
482 928 717 984 Vergilius,
748 929 848 971 licet
882 929 1012 971 etiam
1043 930 1161 971 illam
1192 931 1418 987 praelibet,
1448 934 1498 973 ut
1529 947 1606 974 suo
1638 932 1799 974 indica-

271 1005 411 1046 uimus
443 1006 565 1048 loco?
614 1005 737 1047 Idem
767 1006 814 1047 in
845 1005 952 1048 Aen.
984 1006 1028 1047 II
1060 1007 1144 1052 557
1179 1007 1310 1050 ‘iacet
1340 1008 1494 1064 ingens
1525 1009 1650 1051 litore
1681 1011 1801 1050 trun-

270 1079 360 1138 cus]
384 1082 498 1136 quod
518 1085 661 1123 autem
681 1083 784 1124 dicit
814 1083 986 1139 litore,
1018 1084 1140 1140 illud,
1157 1087 1218 1126 -ut
1238 1100 1367 1140 supra
1387 1086 1580 1141 diximus,
1613 1086 1802 1142 respicit,

272 1158 386 1213 quod
418 1159 470 1200 in
500 1159 713 1201 Pacuuii
744 1161 1015 1219 tragoedia
1047 1162 1318 1206 continetur.²

874 1261 1066 1304 XXXIV
1098 1260 1195 1320 (41)

390 1335 562 1379 Seruius
594 1337 640 1379 in
670 1337 778 1380 Aen.
802 1337 890 1380 VII
917 1339 1002 1381 220
1035 1338 1230 1382 Ὃὶεεθίεε
1261 1340 1411 1396 regina
1443 1339 1650 1382 Hecuba
1682 1341 1802 1383 filia

272 1414 506 1455 secundum
538 1414 789 1470 Euripidem
829 1413 951 1472 (Hec.
985 1415 1031 1473 3)
1065 1415 1249 1472 Cissei,
1287 1432 1413 1472 quem
1444 1417 1632 1474 Ennius,
1668 1418 1802 1460 Pacu-

272 1490 368 1531 uius
401 1492 444 1531 et
475 1490 693 1547 Vergilius
726 1495 990 1548 sequuntur?
1055 1492 1119 1535 Of.
1150 1493 1290 1536 Iliona

892 1587 1061 1631 XXXV
1093 1587 1189 1646 (26)

391 1696 401 1704 .
431 1666 532 1718 post
563 1679 692 1719 quam
724 1665 946 1707 calamitas
977 1666 1122 1721 plures
1154 1667 1292 1707 annos
1324 1681 1450 1708 aruas
1482 1668 1666 1709 caluitur

734 1759 926 1802 XXXVI
959 1759 1091 1816 (Enn.
1123 1760 1234 1802 Med.
1266 1759 1344 1817 21)

391 1830 572 1890 Angue&
604 1836 803 1891 ingentes
835 1837 958 1879 alites
990 1836 1130 1879 iuncti
1158 1838 1259 1893 iugo

363 1965 499 1998 XXXV
525 1966 615 1998 Non.
645 1967 725 2006 192,
757 1969 801 1999 30
826 1970 960 1999 ‘arua
1061 1967 1237 1999 feminino
1260 1991 1291 2000 ..
1307 1970 1336 2000 .'
1375 1967 1474 2000 Medi
1506 1968 1658 2000 frustum
1689 1979 1801 2011 agno-

276 2020 377 2042 scere
401 2010 490 2042 mihi
514 2011 616 2042 uisus
640 2021 729 2044 sum.
806 2011 961 2044 XXXVI
986 2012 1116 2044 Cicero
1142 2013 1185 2045 de
1210 2013 1283 2046 inu.
1309 2012 1327 2044 Ι
1345 2014 1399 2053 19,
1418 2014 1461 2045 27
1488 2013 1642 2045 ‘fabula
1668 2018 1737 2054 est,
1762 2016 1800 2046 in

275 2066 346 2098 qua
371 2066 440 2087 nec
466 2065 577 2087 uerae
603 2066 672 2087 nec
696 2057 776 2088 ueri
802 2057 941 2090 similes
966 2067 1025 2089 res
1051 2058 1294 2095 continentur,
1321 2058 1523 2090 cuiusmodi
1541 2061 1598 2090 est
1620 2084 1627 2090 .
1643 2061 1693 2092 ..²
1718 2059 1799 2092 Vic-

274 2100 415 2132 torinus
440 2100 586 2142 explan.
611 2101 650 2132 in
675 2101 828 2133 rhetorr.
847 2101 922 2137 Cic.
947 2113 980 2145 p.
997 2103 1063 2135 202
1080 2103 1128 2134 Η.
1162 2102 1343 2135 ‘fabulam
1370 2102 1462 2135 dicit
1487 2113 1569 2136 esse
1594 2113 1688 2146 quae
1713 2105 1801 2136 nihil

276 2146 355 2178 ueri
380 2156 448 2178 nec
471 2146 550 2177 ueri
569 2145 688 2178 simile
707 2147 888 2185 continet,
916 2147 1040 2179 etdat
1058 2147 1276 2190 exemplum:
1303 2148 1508 2181 cuiusmodi
1526 2151 1582 2181 est
1608 2153 1799 2192 angues’

275 2201 305 2223 e.
333 2201 365 2233 q.
391 2200 420 2226 s.
469 2191 551 2223 Huc
575 2194 744 2234 spectare
770 2192 984 2225 Ciceronem
1010 2192 1054 2224 de
1080 2203 1156 2235 rep,
1181 2193 1239 2226 111
1261 2195 1293 2234 9,
1320 2195 1362 2226 14
1386 2193 1574 2226 intellexit
1597 2194 1639 2227 A.
1658 2195 1796 2228 Maius:

276 2260 391 2290 ‘nunc
416 2261 560 2299 autem,
587 2260 618 2292 si
643 2260 724 2300 quis
749 2259 813 2291 illo
838 2260 1087 2292 Pacuiano’
1114 2259 1405 2302 (PACULANQ
1438 2271 1527 2293 corr.
1551 2236 1799 2295 PAoffIANo

276 2302 370 2346 cod.)
405 2303 645 2336 einuehens
669 2304 829 2336 alitum
856 2305 1067 2348 anguium
1092 2315 1222 2338 curru
1245 2305 1380 2338 multas
1405 2309 1442 2338 et
1459 2307 1584 2338 uarias
1609 2310 1740 2349 gentes
1764 2311 1803 2349 et

273 2349 383 2381 urbes
409 2348 599 2391 despicere
625 2353 662 2381 et
687 2350 802 2382 oculis
829 2350 1054 2383 conlustrare
1086 2351 1232 2393 possit)
1279 2352 1522 2393 Augustinum
1555 2351 1711 2395 denique
1738 2351 1799 2384 So-

275 2394 377 2436 liloq.
403 2394 440 2426 11
467 2395 528 2435 15,
554 2395 597 2426 29
623 2395 750 2427 eodem
773 2395 856 2427 loco
881 2396 935 2427 uti
959 2397 1103 2429 notauit
1126 2395 1214 2429 Otto
1240 2396 1286 2428 ab
1313 2395 1461 2428 Osanno
1487 2396 1678 2429 laudatus:
1712 2400 1799 2429 ‘non

277 2439 387 2480 enim,
408 2449 488 2471 cum
508 2439 644 2471 dicitur
664 2440 838 2472 iunctis
862 2440 1055 2473 alitibus
1081 2441 1303 2483 anguibus
1320 2441 1480 2474 Medea
1503 2441 1698 2483 uolasse,
1725 2442 1802 2474 ulla

277 2495 321 2516 ex
347 2487 451 2526 parte
477 2494 536 2516 res
567 2484 639 2516 ista
663 2495 791 2518 uerum
814 2486 993 2526 imitatur,
1020 2487 1155 2528 quippe
1180 2496 1274 2528 quae
1300 2486 1402 2518 nulla.
1427 2487 1475 2519 sit
1495 2510 1594 2520 .....
1617 2498 1690 2519 non
1716 2498 1803 2529 ergo

275 2529 437 2561 dicemus
461 2529 551 2561 illud
582 2529 626 2562 de
652 2530 782 2563 Medea
812 2532 940 2564 nescio
975 2532 1067 2573 quod
1092 2535 1290 2564 monstrum
1324 2531 1458 2564 falsum
1484 2542 1566 2564 esse
1596 2557 1604 2564 .
1626 2557 1634 2564 .
1655 2557 1662 2564 .
1700 2533 1800 2565 itane

275 2673 471 2708 Areualus
558 2671 638 2709 395
670 2683 726 2708 me
754 2674 846 2710 libri
931 2673 1074 2710 obtuitu
1103 2676 1236 2711 melius
1265 2674 1468 2711 uidebatur
1489 2673 1688 2722 Scaliqero
1718 2685 1799 2710 cuni

277 2727 407 2763 obtutu
445 2727 640 2776 Berylcius
670 2730 829 2776 Ephem.
859 2730 953 2766 Hal.
979 2729 1087 2767 1842
1112 2742 1156 2776 p.
1180 2729 1260 2767 229
1377 2730 1457 2767 396
1488 2731 1544 2766 Ab
1572 2733 1678 2766 initio
1710 2742 1799 2778 quae

274 2786 338 2820 uel
369 2794 407 2820 ea
438 2786 500 2820 uel
522 2785 572 2820 sic
592 2787 795 2833 flaqitatur
880 2791 1094 2834 pestequam
1114 2786 1155 2822 L.
1178 2786 1344 2823 Mueller
1364 2788 1410 2822 de
1431 2797 1474 2822 re
1494 2798 1541 2825 m.
1563 2786 1659 2834 442,
1691 2788 1802 2823 cuius

272 2840 426 2887 formae
456 2841 631 2878 desidero
663 2843 903 2888 exemplum.-
931 2853 1108 2890 posquam
1138 2846 1314 2890 antiquos
1344 2844 1545 2889 scripsisse
1573 2848 1634 2879 sal
1653 2848 1801 2884 notura:

276 2896 328 2943 cf.
361 2897 595 2934 Ritschelius
625 2909 755 2945 opusc.
787 2899 833 2935 ΙΙ
859 2897 939 2935 548
969 2910 1050 2946 sqq.
1167 2899 1347 2949 calamitas
1386 2911 1450 2947 per
1488 2899 1610 2947 plures
1642 2900 1801 2936 Bothius
