1942 3204
776 214 821 255 Q.
848 212 1026 248 Enmvs
1620 215 1676 256 35

788 317 895 361 vm
929 315 1026 375 (13)

259 396 377 448 Quae
415 411 511 439 mea
547 396 788 439 comminus
827 395 1055 439 machaera
1098 397 1227 452 atque
1263 396 1390 439 hasta
1433 397 1615 439 hostibit
1653 398 1675 438 ὁ

995 488 1140 516 manu.

823 550 887 593 IX
920 549 988 609 (3)

143 629 228 671 150
259 629 346 672 Aes
377 630 512 686 sonit,
541 631 806 686 franguntur
836 629 1007 686 hastae,
1037 630 1153 672 terra
1185 629 1312 673 sudat
1345 630 1568 687 szinguine.

822 706 863 749 X
895 704 995 765 (10)

261 784 488 843 C6nstitit,
518 785 664 841 ered6‚
695 784 977 842 Scamander,
1008 785 1183 828 arbores
1216 787 1348 828 uento
1381 790 1550 829 uacant.

603 862 634 874 “
810 862 874 906 XI
905 861 1004 921 (15)

924 939 1166 983 sublimiter

143 986 226 1089 {55}
263 1018 650 1075 Quadrupedantes
682 1052 690 1060 .
723 1052 732 1062 .
765 1052 774 1061 .
805 1018 1024 1061 flammam
1055 1019 1290 1062 halitantes
1323 1053 1331 1062 .
1365 1054 1373 1062 .
1406 1054 1414 1062 .

816 1107 903 1152 XII
935 1107 1003 1166 (9)

144 1186 228 1229 155
260 1219 562 1229 ........
594 1184 783 1229 inferum
814 1187 963 1229 uastos
995 1201 1147 1243 specus

787 1263 897 1306 XIII
929 1262 1027 1322 (14)

258 1342 448 1385 Adducit
478 1341 799 1398 quadrupedem
830 1340 1015 1384 inuitam
1046 1342 1303 1384 indomitam
1334 1341 1547 1399 iniugem,

258 1419 444 1463 Eualida
475 1419 629 1476 quoius
660 1419 831 1462 tenacia
861 1419 1077 1462 infrenast
1107 1420 1247 1462 nimis.

230 1539 322 1574 VIII
344 1539 482 1573 Festus
506 1550 542 1583 p.
565 1540 634 1573 270
657 1539 707 1574 Μ.
732 1538 960 1573 ‘redhostire
984 1555 1030 1562 -
1053 1549 1140 1572 nam
1165 1542 1203 1572 et
1228 1538 1401 1573 hostire
1427 1549 1492 1583 pro
1517 1550 1677 1583 aequare

140 1588 352 1629 posuerunt.
389 1585 530 1618 Ennius
554 1584 591 1617 in
617 1583 848 1628 Cresphonte
872 1609 880 1618 .
903 1609 912 1618 .
931 1609 940 1618 .
969 1587 1008 1617 et
1032 1585 1288 1618 innecteris
1313 1585 1460 1627 lyris.
1528 1586 1676 1627 ’.(corr

143 1628 313 1672 Vrsinus)
406 1630 456 1663 lx
481 1630 574 1663 Non.
599 1631 684 1671 504,
709 1631 752 1663 32
784 1630 927 1663 ‘sonit
951 1640 1016 1673 pro
1041 1633 1181 1663 sonat.
1233 1631 1409 1663 ‚Ennius
1433 1631 1679 1664 Haectoris

141 1675 307 1719 lystris
322 1699 353 1709 ..
368 1678 398 1708 .’
470 1674 501 1707 X
519 1675 613 1708 Non.
627 1676 707 1712 467,
726 1676 768 1708 31
795 1678 956 1717 ‘uagas
975 1685 1040 1718 pro
1056 1675 1209 1718 uagaris
1233 1700 1241 1708 .
1255 1677 1448 1709 ..Ennius
1466 1676 1677 1709 Hectoris

140 1721 277 1764 lytris
306 1744 345 1755 ..
366 1723 398 1754 .’
423 1719 658 1762 (Hectoris
691 1719 850 1762 lystris
882 1721 940 1762 W,
973 1721 1086 1753 etiam
1115 1721 1153 1752 in
1178 1721 1285 1755 Leid.
1312 1731 1329 1753 s
1354 1731 1536 1763 superser.
1562 1721 1678 1754 Hae-

140 1766 286 1800 ctoris
311 1765 438 1799 litris
462 1766 607 1807 Bamb.)
633 1764 783 1798 Contuli
807 1765 959 1798 Homeri
982 1765 1028 1798 Il.
1052 1764 1141 1798 XXI
1164 1766 1231 1799 326
1255 1775 1310 1808 sq.
1403 1766 1456 1798 XI
1479 1766 1678 1799 Diomedes

140 1812 157 1845 1
182 1822 217 1854 p.
241 1812 308 1845 336
331 1811 374 1847 Ρ.
400 1811 551 1844 ‘halare
578 1814 616 1844 et
638 1810 850 1845 halitare.
898 1811 1040 1844 Ennius
1064 1811 1103 1843 in
1128 1811 1312 1844 Lustris
1337 1813 1413 1845 ...’
1484 1811 1555 1844 XII
1583 1812 1678 1846 Non.

139 1858 226 1899 222,
251 1858 296 1891 38
319 1859 500 1900 ‘specus
524 1866 661 1898 genere
685 1855 888 1889 masculino
997 1857 1140 1889 Ennius
1164 1856 1322 1899 Lytris
1346 1859 1423 1890 ...²
1449 1855 1507 1889 cf.
1526 1857 1679 1889 Homeri

139 1902 184 1936 11.
207 1902 333 1936 XXIII
357 1903 402 1936 ‘14
492 1902 584 1935 XIII
606 1901 701 1938 Non.
725 1903 806 1943 407,
835 1902 880 1934 22
906 1902 1114 1935 ‘tenacia
1144 1905 1203 1934 est
1231 1902 1513 1945 perseuerantia
1542 1905 1580 1934 et
1612 1901 1679 1934 du-

141 1948 240 1983 ritia.
265 1948 407 1982 Ennius
429 1946 676 1981 Haectoris
701 1947 854 1981 listris
877 1949 952 1981 ...’
979 1947 1163 1990 (lystris
1187 1947 1333 1990 Bamb.)

142 2068 288 2117 cupiant
317 2067 404 2117 qui?
491 2063 680 2118 cunctent]
712 2072 753 2104 ut
785 2069 861 2116 ipse
891 2071 1065 2103 cunctcnt
1093 2067 1204 2104 libri.-
1233 2079 1271 2103 u.
1303 2077 1441 2114 supra.
1475 2072 1514 2103 ut
1545 2067 1612 2115 ipsi
1645 2079 1677 2105 c.

141 2126 294 2162 Iunius.
347 2117 595 2173 aequandum
625 2126 754 2161 uelut.-
792 2134 950 2173 pugnam
982 2123 1145 2160 obbitcre
1265 2123 1344 2161 149
1385 2134 1476 2172 quae
1518 2124 1679 2161 Vrsinus

142 2192 214 2231 que
245 2182 326 2219 cod
413 2182 616 2218 comminus
646 2182 728 2219 cod.
761 2185 854 2218 teste
884 2181 936 2217 Η.
958 2180 1083 2218 Keilio
1111 2182 1138 2218 l.
1158 2182 1184 2217 l.
1202 2192 1242 2228 p.
1267 2180 1348 2219 624
1378 2181 1542 2217 cominus
1563 2183 1679 2229 uulqo

222 2237 375 2275 hostihit
404 2249 424 2275 e
454 2249 559 2274 mauu
591 2237 809 2276 Schoenitas
838 2238 886 2275 de
916 2239 1045 2275 τείν-αἶ.
1074 2249 1114 2284 p.
1145 2237 1242 2275 479.
1275 2237 1426 2286 hospius
1455 2248 1564 2273 manu
1594 2239 1678 2275 cod.

144 2295 296 2332 hostiuit
325 2305 345 2331 e
376 2306 482 2332 manu
513 2294 691 2343 Scaliqer
720 2294 874 2332 hostiuit
902 2305 1050 2331 emauus
1084 2294 1125 2331 0.
1158 2294 1373 2332 Muellerus
1509 2294 1591 2331 150
1620 2306 1679 2330 aes

146 2351 195 2390 Ν.
226 2351 358 2388 Faber
386 2357 423 2389 et
451 2352 544 2389 libri
646 2351 748 2388 haste
779 2356 896 2388 terrae
927 2350 1063 2388 Bamb.
1202 2350 1279 2388 151
1312 2347 1496 2401 constitit]
1530 2350 1680 2387 confluit

143 2417 210 2445 mS.
241 2408 365 2445 Fabri
459 2404 587 2458 credo]
621 2419 672 2445 an
702 2407 868 2457 gremio?
969 2406 1107 2444 arboris
1136 2408 1229 2445 libri
1314 2412 1442 2444 uacant
1474 2406 1679 2444 Columna.-

145 2464 199 2512 cf.
220 2469 294 2502 sal.
321 2464 372 2501 13
405 2464 460 2510 V„
495 2464 689 2512 Berylcius
707 2466 733 2501 l.
754 2466 778 2501 I.
801 2469 935 2513 ungant
953 2465 1044 2502 libri
1131 2463 1209 2500 152
1231 2463 1433 2501 sublimiter
1455 2463 1680 2501 Scriuerius

144 2520 349 2558 sublimiter
379 2526 419 2557 ιιι
440 2521 534 2558 Par.
555 2521 592 2557 B
621 2519 770 2558 lublime
801 2521 870 2558 iter
889 2521 985 2558 Par.
1006 2521 1040 2557 Α
1069 2519 1216 2558 lublimc
1247 2521 1333 2557 ilem
1355 2519 1510 2557 Monac.
1599 2520 1676 2557 153

146 2577 455 2627 quadrupedantis
485 2577 581 2614 Par.
612 2577 649 2614 B
770 2576 938 2614 alitantes
969 2577 1064 2615 Par.
1092 2577 1129 2613 B
1244 2577 1418 2614 Duorum
1448 2587 1553 2613 nunc
1589 2587 1676 2612 uer-

145 2645 255 2671 suum
280 2634 458 2682 s'ruslula
489 2635 691 2682 discripsi,
721 2644 822 2682 quote
853 2635 938 2671 olim
958 2635 1179 2671 dilacerant·
1206 2636 1307 2671 inter
1337 2639 1439 2670 tres:
1468 2636 1506 2670 in
1532 2635 1677 2669 lacuna

146 2701 180 2728 e.
200 2703 238 2740 9.
268 2690 460 2740 sonipedes
488 2692 683 2738 interponi
707 2692 820 2737 licet,
850 2693 926 2728 nisi
952 2693 1190 2738 transposita
1222 2702 1255 2738 q.
1290 2689 1479 2726 halitantes
1505 2689 1677 2725 flammam

143 2747 647 2795 praeplacene.156
684 2757 790 2794 mea,
832 2747 909 2784 157
960 2747 1123 2784 Valaeleni
1167 2750 1390 2784 coniectura
1439 2747 1678 2782 emendatum

146 2805 253 2851 dedi,
282 2806 358 2841 nisi
385 2805 489 2852 quod
514 2804 577 2841 hic
607 2809 643 2840 et
674 2803 787 2841 ualida
818 2806 974 2851 scripsit
1071 2803 1150 2840 156
1182 2815 1235 2850 sq.
1268 2802 1375 2837 «lucet
1405 2801 1677 2850 qui-ulrupedum

146 2861 234 2907 iugo
274 2861 421 2897 inuitam
459 2859 563 2897 (loma
603 2845 740 2897 infrena
778 2866 813 2896 et
853 2860 938 2909 iugc
976 2859 1090 2896 ualida
1128 2870 1282 2907 quorum
1331 2858 1466 2894 [ena-uia
1512 2857 1677 2904 (si-enaiim

151 2914 297 2965 Bamb.)
328 2916 500 2954 infrenari
530 2917 635 2965 minis
654 2917 745 2954 libri
771 2918 949 2964 pler-iqui
978 2916 1086 2952 ducet
1113 2914 1380 2963 quadinpffllem
1411 2915 1498 2962 iugo
1530 2915 1677 2950 inuitam

1346 2989 1393 3023 3*
