1942 3204
856 198 898 233 12.
925 197 1099 232 Arrivs
1661 197 1738 239 181

852 303 958 346 vm
991 302 1088 361 (ιι)

324 380 420 424 Heli
453 396 519 424 me
559 381 779 438 miserum,
817 396 914 424 eum
946 381 1052 424 haec
1084 381 1303 435 recordor,
1341 395 1439 422 culn
1480 379 1579 423 illos
1619 380 1741 423 remi·

986 517 1003 577 (
1036 517 1054 577 )
1276 458 1422 500 nise6r
1454 458 1562 500 dies!

328 630 657 640 .......
690 596 871 640 discidia
903 599 1121 640 amantem
1153 593 1348 639 scindere

325 675 491 719 Turbat
520 675 718 731 uulgum,
749 674 888 718 euitat
921 673 1072 732 [uitam
1104 672 1229 731 regi,]
1263 687 1432 716 moeros
1465 671 1620 716 disicit.

883 752 924 795 X
981 754 1035 796 10

324 830 543 874 Persuasit
573 845 743 874 maeror
774 750 981 874 anxitudo
1015 751 1169 888 αἰετὼ·
1201 830 1335 873 dolor.

878 908 941 951 XI
974 907 1071 966 (15)

205 987 294 1031 350
324 986 530 1030 Disertim
562 987 604 1029 id
637 1002 772 1030 unum
802 987 1088 1030 incommodis
1120 985 1229 1030 defit
1260 987 1378 1029 meis.

867 1064 952 1108 XII
986 1063 1083 1122 (20)

1331 1123 1374 1166 e1'
1403 1123 1510 1166 mihi

323 1203 386 1246 Vt
416 1203 547 1246 etiam
579 1217 786 1246 aerumna
815 1203 923 1246 haec
953 1201 1063 1246 mshi
1094 1202 1259 1245 luctum
1298 1201 1418 1244 addit
1447 1158 1652 1245 lucinibus!
1685 1226 1739 1232 -—

324 1281 436 1334 Quid
467 1283 510 1324 te
541 1281 758 1324 miseraris
794 1278 986 1339 [solum]‚
1018 1283 1060 1323 et
1091 1280 1355 1337 Eurysacem
1390 1277 1559 1351 [tace-eL

294 1389 384 1423 VIII
407 1389 502 1423 Non.
523 1390 610 1433 499,
635 1390 679 1423 32
711 1389 1030 1422 ‘accusatiuus
1061 1399 1126 1432 pro
1158 1388 1334 1431 genetiuo
1364 1411 1372 1419 .
1394 1412 1402 1420 .
1422 1389 1451 1420 ‚²
1495 1386 1741 1428 (Eurisace

203 1434 349 1478 Bamb.)
454 1435 508 1469 IX
531 1434 623 1469 Non.
649 1436 734 1476 230,
760 1436 803 1468 22
830 1434 1014 1478 ‘uulgus
1116 1431 1320 1467 masculino
1421 1432 1532 1475 Ver-g.
1558 1431 1651 1467 Aen.
1678 1431 1741 1465 lib.

205 1492 257 1516 11:
286 1484 377 1515 tunc
407 1491 584 1525 spargere
614 1490 728 1514 uoces
758 1480 795 1513 in
825 1480 1008 1523 uulgum
1038 1480 1288 1522 ambiguas.
1334 1478 1500 1511 Accius
1535 1477 1573 1510 in
1606 1477 1740 1510 Euri·

207 1537 321 1562 sace:
353 1526 519 1560 diffidam
555 1529 679 1560 antem
715 1536 762 1559 ne
794 1525 919 1559 cidere
950 1526 1077 1558 turbat
1113 1525 1295 1568 uulgum
1333 1524 1545 1566 ambigua
1582 1523 1741 1556 aecius

205 1572 337 1615 euitat,
361 1582 503 1606 moeros
520 1572 672 1605 disicit.’
761 1572 795 1605 X
812 1571 903 1607 Non.
924 1572 979 1611 72,
999 1572 1042 1604 27
1069 1573 1080 1590 ‘
1094 1569 1349 1604 anxitudo.’
1375 1569 1535 1612 (Desunt
1559 1568 1596 1600 in
1615 1568 1743 1601 Bamb.

206 1628 369 1662 aegror
393 1617 522 1651 dolor
546 1627 628 1651 cum
652 1615 906 1660 sequentibus)
976 1616 1029 1650 XI
1053 1616 1145 1649 Non.
1171 1617 1255 1657 509,
1281 1616 1324 1648 27
1351 1614 1579 1648 ‘disertim
1604 1613 1743 1654 dicere,

204 1664 331 1707 plane4
357 1662 500 1707 palam,
526 1662 668 1696 Lucilio
694 1664 848 1695 auctore
873 1671 1066 1706 possumus
1088 1664 1186 1696 ....’
1213 1661 1498 1704 (Eurysacae
1525 1658 1672 1702 Bamb.)

205 1709 277 1743 ΧΠ
301 1710 395 1743 Non.
420 1710 504 1747 445.
528 1709 550 1742 2
576 1708 809 1742 ‘miserari
834 1711 871 1741 et
902 1708 1111 1740 misereri
1138 1707 1254 1740 ceteri
1279 1706 1338 1739 hie
1364 1704 1535 1739 sensibus
1561 1715 1644 1738 esse
1677 1715 1742 1737 uo-

291 1829 373 1868 346
395 1829 467 1866 heu
488 1830 601 1878 uulqo
623 1839 668 1866 eu
687 1829 779 1866 libri
870 1827 953 1865 illos
975 1828 1114 1865 Aldina
1135 1827 1198 1864 illo
1217 1827 1309 1864 libri
1325 1828 1501 1874 plerique
1523 1825 1583 1862 ille
1606 1825 1740 1862 Bamb.

291 1885 372 1925 347
402 1885 550 1923 discidia
579 1885 658 1934 (uel
684 1883 793 1922 infida
822 1886 884 1922 uel
918 1883 1051 1931 caedis)
1086 1888 1262 1920 amantem
1285 1883 1554 1921 Buechelerus
1583 1880 1740 1918 diffidam

206 1948 325 1982 antem
344 1943 436 1981 libri
462 1941 622 1980 diffidam
643 1947 819 1980 amantem
839 1942 979 1980 Aldina
1000 1940 1158 1978 diffidam
1179 1945 1299 1977 autem
1321 1940 1459 1978 Iunius
1477 1941 1516 1976 in
1537 1949 1609 1986 my.
1640 1938 1742 1975 diffu-

206 2000 302 2051 giam
332 2012 377 2038 an
406 2004 562 2037 mantem
591 1999 746 2047 Lipsius
774 1999 898 2047 Epist.
928 2004 1076 2048 quaest.
1106 1998 1175 2036 IV
1190 1997 1215 2036 8
1246 1996 1433 2047 diffingam
1464 1998 1527 2033 uel
1556 1994 1740 2032 diffindam

206 2063 385 2095 amantem
407 2057 597 2095 Bar-iliius
618 2056 901 2105 lphidamantem
922 2056 1087 2094 Rolkius
1116 2054 1284 2092 diffidens
1304 2060 1423 2091 autem
1446 2054 1696 2100 Groeemeyer
1713 2054 1740 2090 l.

205 2117 231 2152 l.
252 2126 292 2163 p.
314 2113 367 2152 33
454 2113 618 2151 scindere
638 2116 783 2162 scripsi
809 2124 854 2150 ne
875 2112 994 2150 cidere
1014 2114 1103 2151 libri
1131 2113 1210 2149 neci
1231 2111 1315 2148 dare
1336 2112 1476 2153 Iunius
1494 2113 1533 2147 in
1554 2122 1626 2159 my.
1651 2110 1743 2146 occi-

206 2171 293 2208 dere
314 2171 471 2209 Grotius
501 2181 547 2207 ne
577 2169 662 2219 quid
694 2181 732 2208 ea
754 2181 793 2207 re
814 2170 969 2218 Lipsius
995 2181 1061 2207 nae
1082 2168 1247 2206 cecidero
1268 2169 1444 2206 Bolhius.
1478 2168 1560 2204 Nec
1576 2167 1742 2215 fabulae

207 2233 432 2277 argumento
459 2237 531 2265 nec
557 2228 672 2265 huius
697 2228 776 2265 loci
802 2229 1015 2265 sententiae
1037 2228 1243 2264 conueniat
1263 2227 1366 2275 quod
1390 2228 1430 2263 in
1458 2229 1617 2261 mentem
1639 2226 1742 2261 uenit

207 2285 266 2334 di,
296 2284 403 2322 fidam
424 2289 600 2321 amantem
622 2284 666 2321 ne
687 2283 879 2321 concidere
898 2284 1078 2332 patimini!
1169 2282 1250 2321 348
1283 2282 1403 2320 turbat
1426 2281 1598 2331 uulgum,
1630 2281 1741 2317 euitat

208 2342 373 2380 Rothius
403 2340 523 2378 turbat
555 2340 704 2390 uulgum
734 2339 898 2389 ambigua
919 2341 1038 2378 accius
1059 2341 1171 2377 euitat
1189 2342 1280 2378 libri
1310 2339 1429 2376 turbat
1452 2338 1601 2387 uulgum
1632 2336 1742 2373 ambi-

206 2409 317 2448 guum
350 2408 391 2435 ac
421 2399 477 2434 ius
508 2398 622 2435 euitat
651 2397 807 2436 Grotius
835 2398 864 2434 si
897 2397 1018 2435 turbat
1050 2397 1199 2445 uulgum
1230 2396 1459 2446 ambiguum,
1499 2396 1611 2432 euitat
1642 2395 1739 2431 ciues

206 2455 374 2494 Bothius
403 2453 524 2492 turbat
545 2454 720 2504 uulgum,
750 2460 791 2492 ut
812 2465 868 2491 me
889 2453 1009 2503 abigat
1030 2455 1176 2492 ciuitate
1198 2454 1446 2501 Grolemeyer
1525 2453 1633 2488 uitam
1664 2452 1741 2499 regi

206 2512 346 2555 addidi,
377 2514 444 2560 qm·
462 2513 547 2549 olim
569 2522 755 2561 proceres,
786 2510 884 2548 urbis
906 2514 1178 2560 suppleuerim.
1211 2511 1396 2549 ciuitatem
1417 2511 1480 2548 uel
1513 2510 1631 2546 simile
1652 2509 1744 2556 quid

207 2575 297 2607 ante
325 2569 437 2606 euitat
471 2569 603 2606 deesse
639 2570 793 2606 uidetur
824 2568 1065 2606 Buechelero
1196 2568 1347 2606 Scandia
1380 2573 1418 2604 ut
1447 2565 1740 2602 Amfidamantem

207 2637 303 2664 nunc
339 2625 547 2675 Cytherium
580 2620 588 2678 Ι
621 2624 815 2673 Exturbat‚
853 2625 1004 2675 uulgum
1033 2626 1166 2673 euitat,
1206 2636 1349 2662 moeros
1381 2622 1519 2660 dissicit
1551 2621 1740 2669 Berqlciees

207 2684 344 2720 philol.
367 2682 510 2719 XXIX
529 2681 612 2721 330
698 2681 779 2720 349
810 2683 972 2731 peruasit
991 2684 1089 2721 coni.
1112 2683 1370 2730 Kiesslinye'us
1453 2689 1595 2715 maeror
1626 2678 1739 2725 taulqo

208 2750 329 2776 meror
348 2739 439 2777 libri
532 2749 664 2789 aegror
694 2739 968 2777 Lachmannus
997 2741 1035 2777 in
1066 2739 1181 2776 Lucr.
1218 2739 1271 2776 VI
1300 2736 1405 2775 1132
1437 2746 1540 2772 error
1569 2735 1660 2771 libri
1755 2747 1779 2770 τ

209 2795 289 2833 352
320 2806 489 2833 aerumna
528 2796 616 2833 haec
646 2796 863 2834 Schoellius
898 2797 986 2833 haec
1022 2807 1168 2833 erumna
1208 2796 1294 2832 haec
1323 2795 1414 2831 libri
1452 2792 1541 2829 haec
1570 2801 1738 2827 aerumna

209 2856 300 2889 ante
329 2852 548 2890 Hercei-um
696 2853 953 2891 Troe-haicam
983 2856 1245 2900 septenarium
1267 2851 1299 2887 ei
1328 2850 1413 2886 mihi
1446 2854 1484 2884 ιιι
1515 2848 1620 2885 etiam
1652 2846 1739 2884 haec

209 2919 377 2946 aerumna
406 2919 439 2947 e.
471 2922 508 2959 q.
539 2920 590 2957 s.,
631 2912 783 2960 qualem
817 2910 907 2959 fere
944 2912 1019 2947 iam
1054 2910 1215 2947 Botlee'us
1254 2908 1520 2954 indic-auertit,
1559 2907 1742 2944 reuocari
