1942 3204
728 262 771 299 :ul
806 283 854 288 ——
889 262 1043 300 aduenio

182 362 267 396 dum
290 360 369 397 Ate.
390 364 452 396 119
478 363 523 396 ad
549 364 651 398 auris
677 366 823 397 cantum
848 388 877 396 ..

181 408 297 442 refert
324 405 404 442 Act.
427 410 501 444 ,406
536 409 733 443 cecidisset
764 434 802 443 ..
838 409 884 442 ad

182 458 319 488 terram
343 451 446 487 Enn-
471 456 538 488 206
568 455 616 488 ad
647 465 773 489 casum
803 454 885 489 dari

178 496 256 533 Διὶ.
277 501 401 542 praet.
425 501 469 533 24
493 510 606 544 seque
631 500 679 534 ad
704 500 810 534 ludos
842 526 849 533 .
870 526 879 534 .

182 548 380 579 exerceant
397 543 488 581 Pac.
506 546 549 579 21
574 549 616 579 ut
640 546 712 579 nim
731 549 883 579 conten·

181 589 249 624 das
275 594 376 624 tuam
400 591 448 624 ad
466 591 700 625 maiestatem
717 591 789 624 uiri
805 590 884 625 Aa.

181 636 249 669 648
274 635 405 669 ludens
423 636 468 670 ad
487 640 635 671 cantum
654 634 744 670 Liu.
761 638 782 669 6
808 648 885 670 mo-

180 680 259 714 duli
281 706 289 714 .
302 707 311 715 .
336 681 384 715 ad
402 691 495 725 quos
512 681 636 715 mundi
653 685 802 716 resonat
825 693 886 715 ca-

183 736 251 760 nor
279 724 367 760 Var.
392 728 414 760 6
439 727 580 762 adfines
603 753 611 760 .
627 753 635 762 .
659 728 706 761 ad
732 738 886 762 causan-

181 772 265 805 dum
293 769 388 806 Pac.
421 774 466 807 23
498 773 587 807 dant
618 773 810 807 eonsilium
842 800 849 806 .
871 798 879 807 .

182 817 228 850 ad
253 817 489 862 uoluptatem
512 816 619 852 Eme.
645 821 711 853 407
737 819 886 863 primor-

182 863 281 896 dium
310 888 319 896 .
338 889 347 897 .
372 863 419 896 ad
444 864 594 908 stirpem
621 864 885 908 exquirendum

180 905 272 942 Pac.
291 909 336 942 52
353 909 399 943 ad
416 911 713 952 praecauendum
733 936 741 944 .
755 936 763 944 .
787 914 886 943 astu-

179 955 235 988 tia
255 951 349 988 Pac.
378 956 445 989 358
476 955 522 988 ad
554 966 657 989 snum
691 959 884 1000 quaestum

182 999 319 1033 callent
342 998 415 1035 inc.
440 998 513 1034 inc.
537 999 612 1043 fab.
636 1003 702 1035 228
727 1001 884 1045 expletis

185 1069 196 1079 .
222 1069 231 1078 .
268 1045 315 1078 ad
345 1046 562 1090 pariendum
593 1047 781 1081 mensibus
809 1045 882 1080 inc.

179 1089 253 1124 inc.
277 1089 353 1132 sab.
377 1093 419 1125 81
439 1092 485 1126 ad
501 1102 612 1125 unum
629 1091 702 1126 inc.
718 1091 791 1126 inc.
810 1090 885 1133 fab.

179 1137 247 1170 253
270 1136 318 1169 ad
344 1137 440 1170 male
459 1137 670 1171 faciendum
684 1139 790 1181 uiget
811 1136 884 1172 inc.

182 1180 255 1217 inc.
280 1179 355 1223 fab.
376 1184 440 1216 160
464 1193 547 1216 sese
572 1187 681 1217 uruat
701 1183 746 1216 ad
770 1183 885 1227 pedes

179 1224 284 1261 Eom.
317 1230 380 1261 102
418 1228 463 1261 ad
501 1228 646 1263 laeuam
681 1227 782 1262 Erm.
818 1230 885 1262 243

179 1270 258 1306 Att.
283 1274 351 1307 630
374 1273 421 1306 ad
446 1273 613 1308 dextram
629 1272 708 1308 Att.
726 1275 793 1308 687
819 1285 884 1318 po-

180 1319 255 1351 sita
292 1318 339 1351 ad
369 1318 496 1352 stellas
534 1324 676 1364 septem
706 1318 786 1353 Att.
818 1321 884 1354 566

180 1363 228 1396 ad
258 1374 428 1397 auroram
458 1362 550 1398 Pac.
583 1367 650 1400 363
673 1364 690 1382 ⁸
727 1365 773 1398 ad
805 1366 885 1399 Gli-

183 1412 327 1443 saatem
349 1407 428 1443 Att.
453 1412 521 1444 305
537 1408 554 1427 *
579 1411 628 1444 ad
653 1415 690 1443 te
715 1413 779 1445 371

134 1454 885 1499 patriam..adauctauitAtt.praet.14

135 1499 406 1534 adcantitat
431 1501 576 1535 laudem
602 1497 690 1535 Diu.
717 1501 772 1535 9·

137 1545 335 1579 addecet
357 1543 461 1580 Enn.
486 1548 552 1580 257

137 1590 252 1624 adde
277 1590 347 1624 hue
369 1589 448 1625 Att.
473 1593 540 1626 209
563 1591 581 1611 ‘
611 1591 751 1626 luctum
782 1592 885 1626 addit

179 1635 342 1670 luctibus
380 1634 462 1674 Att.
497 1639 563 1672 352
599 1638 708 1672 flores
741 1637 885 1671 addidit

142 1719 146 1722 ⁴
179 1679 253 1718 inc.
271 1679 343 1716 inc.
359 1680 434 1724 fab.
452 1683 519 1716 220
544 1683 653 1717 addis
677 1683 773 1726 quod
790 1684 885 1716 uitio

180 1730 237 1760 est
259 1726 339 1763 Att.
366 1729 386 1760 7
411 1728 519 1762 fletus
542 1728 710 1762 muliebri
733 1729 883 1772 ingenio

181 1772 330 1806 additus
355 1771 447 1807 Pac.
473 1775 539 1807 269

135 1817 322 1852 adducit
345 1816 447 1852 Enn-
475 1818 573 1853 156·

134 1864 176 1897 Iu
231 1864 304 1897 iter
338 1867 449 1908 tuque
486 1865 615 1905 adeo,
652 1875 788 1898 summe
821 1864 880 1899 Sol

243 1918 282 1943 π.
304 1910 370 1944 237
388 1910 420 1943 si
443 1934 451 1943 .
465 1934 474 1943 .
498 1911 577 1944 siue
595 1910 687 1944 adeo
703 1908 796 1944 Pae.
816 1912 883 1944 300

181 1958 292 1998 atque
323 1955 417 1988 adeo
441 1954 520 1990 Att.
544 1957 611 1990 470

134 2000 182 2033 ad
206 2010 263 2034 me
289 1999 414 2034 adire
431 1998 532 2035 Emi.
549 2004 618 2036 303
642 2005 680 2035 te
698 2001 792 2035 adiri
809 1999 883 2044 (uel

180 2044 358 2090 adirier*)
378 2043 479 2080 Eun.
498 2049 565 2081 306
597 2051 655 2081 est
676 2046 883 2081 adeundum

181 2090 229 2124 ad
258 2092 375 2125 uirum
398 2090 478 2126 Att.
503 2094 547 2127 77
579 2093 674 2137 quod
706 2091 882 2136 templum

180 2135 334 2199 adea-m?
358 2135 438 2171 Att.
460 2139 526 2172 232
552 2138 685 2173 elassis
709 2137 787 2171 adit
803 2136 881 2171 Att.

135 2227 295 2261 inimicis
318 2232 472 2263 mortem
496 2233 532 2263 et
557 2229 642 2263 huic
665 2229 780 2263 uitam
807 2229 881 2262 ad—

181 2272 307 2306 feras
331 2271 423 2309 Pac.
446 2275 514 2308 286

135 2317 273 2351 iniuria
302 2319 431 2353 abste
461 2319 664 2354 adficior
686 2317 789 2354 Enn.
817 2321 882 2352 114

179 2363 332 2397 adfecta
355 2369 414 2398 est
437 2364 659 2399 laetitudine
682 2363 763 2401 Att.
778 2367 845 2399 259
863 2364 880 2382 *

135 2409 316 2442 adfines
339 2434 369 2444 ..
393 2409 440 2443 ad
457 2410 684 2444 causandum
700 2408 792 2444 Pac.
810 2408 879 2443 23*

179 2457 221 2487 ut
245 2464 364 2489 essem
388 2455 520 2489 adfinis
544 2456 614 2489 tibi
637 2454 716 2490 An,
740 2457 806 2489 502

136 2499 366 2534 adfinitas
389 2499 468 2535 Att.
492 2503 560 2536 580
748 2503 753 2507 “

133 2544 366 2589 adfligere
406 2544 498 2580 Pac.
547 2548 614 2581 335
636 2546 653 2565 ‘
694 2547 881 2580 adflictum

178 2588 256 2624 Att.
281 2592 347 2624 595

133 2635 239 2669 deum
273 2661 280 2669 .
301 2661 309 2669 .
341 2636 514 2671 adfare!
540 2636 619 2671 Att.
644 2638 709 2671 642

134 2681 359 2725 adgnatio
382 2679 460 2716 Art.
486 2682 588 2717 580·

135 2725 470 2770 adgrauescere
494 2725 586 2762 Pac.
611 2730 656 2762 69
673 2727 691 2745 ‘

134 2772 274 2815 templa
298 2783 363 2815 pro
392 2784 411 2806 e
443 2773 712 2816 adgreditur
736 2777 803 2814 (an
820 2772 882 2806 ad·

180 2817 364 2860 greditor?
398 2816 489 2852 Pac.
503 2820 567 2852 311
593 2818 809 2863 adgreditur
826 2828 881 2850 me

179 2859 258 2895 Att.
284 2864 348 2897 199
365 2864 412 2897 ad
430 2863 741 2897 manticulandum
765 2890 773 2897 .
789 2888 797 2896 .
820 2863 883 2896 ad-

181 2907 345 2950 greditur
373 2907 466 2943 Pac.
498 2911 562 2943 377
601 2909 803 2953 adgrediar
840 2933 876 2941 ..

181 2962 256 2986 rem
280 2950 372 2987 Pac.
399 2956 474 2998 378,
538 2966 540 2969 ·

203 3015 354 3048 antcx,
374 3015 479 3043 Senon.
501 3016 611 3050 fragm.

1587 259 1671 301 289

923 363 1112 397 adhaesi
1136 362 1210 398 inc.
1236 363 1307 397 inc.
1334 363 1408 406 fab.
1437 366 1499 399 182

923 409 1106 443 omlnibus
1149 435 1156 442 .
1183 435 1190 443 .
1234 410 1486 444 adhibeant
1527 412 1669 445 Fauen-

969 456 1059 488 tiam
1084 453 1164 489 Att.
1190 457 1257 489 510

922 501 1162 534 iuraiuranda
1186 501 1334 534 adicis
1356 500 1448 535 Pac.
1477 504 1544 536 380
1560 501 1608 544 (*)

923 546 1161 580 aditauere
1185 543 1288 580 Ean.
1314 549 1381 580 394
1403 551 1413 563 ”

923 591 1075 626 aditus
1112 592 1159 625 ad
1195 595 1345 625 mortem
1383 591 1462 638 inc.¹
1492 592 1562 626 inc.
1595 591 1670 634 fab.

968 639 1034 671 203
1060 638 1166 672 cuius
1194 638 1334 671 aditum
1366 642 1569 682 expectans
1591 638 1670 671 Att.

967 684 1034 717 417
1071 686 1252 716 nocturno
1288 683 1392 717 aditu
1428 709 1436 718 .
1459 709 1467 717 .

967 726 1040 763 inc.
1065 727 1138 762 inc.
1161 726 1239 770 fab.
1264 731 1306 763 71

923 773 1237 807 adiudicaricr
1259 773 1332 808 inc.
1357 773 1431 808 inc.
1455 773 1530 816 fab.
1557 778 1600 809 53

922 819 1118 863 adiugat
1141 817 1232 854 Pac.
1258 822 1302 854 93
1329 822 1394 854 195

922 864 1061 898 auditis
1113 865 1371 899 hostimentum
1428 866 1670 910 adiungito

966 908 1068 943 Enn.
1088 912 1151 944 113
1177 911 1223 943 ad
1249 912 1383 944 malam
1409 913 1581 945 Aetatem
1606 913 1670 946 ad-

968 958 1101 999 iungas
1133 957 1337 990 cruciatum
1361 955 1452 990 Pac.
1485 959 1552 991 278
1584 968 1670 991 eon-

969 1001 1188 1035 eorditatem
1241 1002 1403 1046 hospitio
1458 1003 1670 1036 adiunctam

966 1045 1057 1081 Pac.
1084 1048 1149 1082 188

924 1092 1215 1126 adiutaminil
1241 1091 1333 1129 Pac.
1359 1094 1404 1127 98
1436 1094 1496 1136 qni
1524 1094 1670 1128 adiuta·

969 1141 1028 1171 tur
1051 1135 1144 1172 Pac.
1171 1141 1234 1172 157
1259 1143 1296 1172 te
1323 1139 1481 1172 adiutem
1506 1138 1586 1174 Att.
1607 1142 1672 1174 103

924 1183 1129 1217 adiutrix
1160 1183 1232 1218 inc.
1261 1183 1335 1218 inc.
1366 1182 1441 1226 fab.
1477 1186 1540 1218 152
1571 1185 1671 1219 adiu-

968 1230 1099 1262 tricem
1124 1227 1205 1266 Att.
1230 1231 1297 1264 213

922 1285 997 1308 rem
1032 1275 1216 1318 publicam
1247 1300 1255 1309 .
1284 1301 1291 1308 .
1327 1275 1565 1309 adiuuerit
1589 1274 1670 1312 Act.

967 1322 1032 1354 357
1058 1321 1273 1354 adiuuere
1290 1318 1369 1354 Att.
1389 1321 1482 1355 108*
1507 1332 1588 1355 csse
1609 1323 1671 1355 ad-

967 1366 1083 1399 iutam
1108 1370 1291 1410 expetunt
1314 1365 1405 1400 Pac.
1431 1368 1499 1402 206

923 1411 1135 1444 adlidere
1159 1410 1239 1447 Att.
1265 1414 1308 1445 33

923 1456 1124 1499 adloqui:
1149 1455 1240 1491 uide
1264 1457 1325 1490 all.

922 1502 1132 1535 adoriant
1155 1500 1277 1536 Naeu.
1306 1503 1347 1535 16

921 1547 1103 1581 hominem
1130 1548 1337 1591 adpellat
1353 1545 1455 1582 Erm-
1474 1551 1517 1583 36
1541 1552 1671 1589 mater,

969 1596 1008 1626 te
1034 1593 1182 1637 adpello
1206 1591 1298 1627 Pac.
1326 1595 1391 1627 197

922 1638 1158 1682 adpellere
1181 1637 1259 1672 Att.
1280 1640 1402 1682 praet.
1426 1641 1466 1672 19

921 1684 1022 1717 illum
1049 1684 1244 1727 adpetit,
1280 1685 1352 1725 Qui
1378 1695 1460 1718 sese
1486 1685 1554 1718 icit
1578 1683 1668 1719 Pac.

966 1731 1010 1763 38
1041 1740 1087 1763 ex
1111 1730 1188 1764 alto
1221 1730 1477 1774 adpetissis
1499 1730 1671 1764 Discidia

965 1773 1044 1808 Att.
1063 1776 1127 1808 160

1502 684 1671 718 coluntur

911 1830 993 1863 .quo
1025 1820 1273 1864 adplicem?
1305 1818 1408 1855 Ewn.
1434 1822 1476 1854 77
1509 1821 1560 1854 nil
1591 1831 1669 1854 cer—

966 1869 1031 1899 nat
1062 1876 1132 1909 quo
1165 1876 1245 1900 sese
1279 1866 1445 1910 adplicet
1480 1864 1573 1899 Pac.
1603 1868 1670 1900 270

967 1921 1038 1955 qua
1063 1915 1100 1944 te
1126 1911 1390 1955 adplicauisti?
1413 1910 1507 1945 Pac.
1529 1913 1596 1945 356
1622 1912 1670 1944 ad

965 1960 1198 1990 mansuetum
1223 1957 1417 2001 adplicans
1441 1956 1519 1990 Att.
1546 1959 1610 1990 411

920 2001 1076 2045 adponO.
1104 2002 1321 2046 adposuit
1344 2001 1423 2036 Att.
1450 2004 1516 2036 386

920 2048 1020 2081 nilne
1046 2058 1068 2080 a
1093 2048 1206 2081 Troia
1231 2047 1471 2091 adportat?
1494 2046 1586 2082 Pac.
1604 2050 1670 2082 318

965 2097 1002 2127 te
1028 2093 1203 2137 adportes
1228 2091 1307 2127 Att.
1333 2095 1399 2127 554
1417 2091 1435 2111 ‘

920 2150 1026 2173 omen
1052 2138 1258 2182 adproba
1281 2137 1373 2173 Pac.
1402 2137 1500 2172 146·
1525 2140 1669 2182 genito·

967 2195 1041 2218 rem
1067 2185 1241 2217 iniustum
1269 2185 1453 2228 adprobas
1478 2183 1556 2217 Att.
1580 2187 1619 2218 41

921 2230 1261 2274 adpropinquat
1290 2228 1362 2263 inc.
1395 2228 1467 2263 inc.
1502 2228 1576 2270 fab.
1606 2232 1670 2262 166

919 2275 1130 2309 adsentio
1154 2273 1233 2309 Att.
1258 2277 1302 2309 50
1325 2275 1491 2309 adsensit
1507 2274 1584 2308 Att.
1602 2277 1669 2308 476

919 2321 1109 2355 custodem
1136 2321 1375 2354 adsiduum
1401 2318 1480 2353 Att.
1505 2322 1572 2354 386

920 2366 1202 2399 adsimulare
1227 2364 1300 2399 inc.
1325 2363 1396 2399 inc.
1421 2363 1496 2407 fab.
1523 2367 1566 2398 57

918 2412 1051 2455 quibus
1064 2412 1268 2445 Adeonet
1292 2436 1321 2444 ..
1345 2421 1472 2444 nemus
1485 2408 1617 2453 Pomp.
1628 2413 1669 2444 10

918 2457 1038 2535 adgue
1079 2456 1248 2490 Orestem
1289 2482 1296 2490 .
1326 2481 1334 2490 .
1381 2456 1670 2489 adstituerat

920 2548 1075 2581 adsum
1099 2550 1209 2591 atque
1235 2547 1395 2580 aduenio
1412 2545 1483 2580 inc.
1502 2545 1574 2582 inc.
1591 2544 1667 2587 sab.

965 2595 1008 2627 73
1033 2597 1181 2636 praesto
1206 2618 1213 2626 .
1229 2618 1236 2626 .
1261 2593 1388 2626 adsum
1414 2590 1489 2625 Aa.
1513 2593 1581 2625 498
1606 2592 1669 2624 ad-

965 2649 1540 2717 ΕΜ
1558 2636 1669 2723 {xz-523

963 2729 1087 2762 aderit
1118 2732 1262 2772 tempus
1287 2727 1365 2761 Au.
1389 2725 1485 2760 439*
1519 2726 1670 2760 adesset

963 2772 1056 2808 Pac.
1081 2776 1146 2809 391
1177 2775 1290 2807 ferme
1317 2773 1475 2805 aderant
1498 2770 1569 2805 inc.
1595 2770 1667 2804 inc.

964 2817 1039 2861 fab.
1064 2821 1130 2852 224
1156 2819 1215 2851 hic
1242 2818 1367 2851 adfore
1392 2815 1486 2850 Pac.
1516 2818 1578 2850 118

920 2864 1097 2898 aduena
1113 2863 1192 2896 Att.
1209 2865 1275 2895 654
1294 2863 1476 2895 aduenam
1497 2860 1569 2895 inc.
1594 2860 1667 2894 inc.

965 2907 1039 2950 sab.
1064 2911 1130 2942 247
1157 2909 1323 2941 aduenas
1347 2905 1439 2940 Pac.
1465 2909 1532 2940 315

921 2956 1116 2987 aduenio
1135 2953 1343 2986 Acherunte
1361 2951 1429 2985 inc.
1449 2951 1522 2985 inc.
1534 2950 1610 2994 sab.
1624 2954 1668 2986 73

1341 3025 1381 3056 19
