1942 3204
828 212 871 247 L.
897 210 1073 246 A'r‘r1vs
1639 208 1719 252 179

836 315 943 360 XVI
975 314 1052 365 (12

304 395 467 440 Tamen
499 396 606 439 haut
636 395 814 438 fatisear
845 393 951 451 quin
982 314 1103 437 ‘main
1135 394 1347 450 inplorem
1377 394 1517 436 fidem.

185 522 271 567 331
840 471 970 515 xvn
1001 469 1070 529 (8)

187 582 274 626 332
306 550 508 595 Lucifera
539 551 737 608 lampade
769 550 955 593 abietem
987 550 1139 593 exuriit
1171 549 1286 593 Iouis

639 657 904 701 ERIGONA
967 657 1078 701 Vide
1109 673 1150 714 p.
1186 658 1269 700 142

610 735 916 779 ERIPHYLA
990 734 1100 779 Vide
1132 751 1173 792 p.
1209 736 1292 778 176

782 811 1132 856 EVRYSAGES

860 891 906 934 1⁸
933 888 992 948 (1.
1012 889 1060 948 2)

427 963 556 1007 Nune
587 965 664 1020 per
695 966 831 1006 terras
864 976 1023 1019 uagus,
1055 963 1254 1019 extorris,

428 1042 581 1098 Regno
614 1041 885 1097 exturbatus,
917 1038 1031 1083 marl‘
1074 1075 1082 1083 .
1127 1074 1136 1083 .

934 1115 983 1161 1¹³

191 1192 280 1236 335
431 1190 569 1247 Super
598 1190 772 1234 'Oceani
804 1192 962 1247 stagna
993 1190 1082 1232 alta
1112 1189 1249 1246 patris

506 1268 736 1311 Terrarum
769 1268 967 1310 anfracta
996 1266 1197 1310 reussam.

188 1365 309 1399 uisci
333 1364 568 1399 obliuisci.
678 1363 766 1398 XVI
788 1365 881 1398 Non.
904 1365 989 1405 479,
1018 1365 1061 1397 10
1092 1363 1405 1397 ‘fatiscuntur
1430 1375 1494 1407 pro
1521 1364 1728 1398 fatiscunt.’

146 1410 159 1423 ⁸
188 1411 290 1445 Idem
315 1412 394 1453 307,
419 1411 441 1444 8
467 1410 719 1443 ‘fatiscere
745 1413 802 1443 est
826 1409 995 1453 aperire,
1022 1419 1165 1443 rursum
1188 1408 1372 1443 deficere.’
1443 1410 1548 1444 XVII
1574 1410 1731 1443 Priscia-

187 1466 255 1491 nus
278 1456 329 1490 Vt
355 1467 388 1500 p.
413 1457 481 1490 695
504 1456 544 1489 P.
572 1458 679 1488 ‘nam
708 1455 834 1489 Iouis
866 1456 1097 1488 nominatiuo
1128 1465 1272 1499 quoque
1305 1466 1395 1488 casu
1427 1455 1617 1489 inuenitur
1641 1481 1648 1488 .
1671 1481 1677 1488 .
1700 1459 1728 1488 .’

280 1502 364 1535 Huc
395 1501 582 1545 pertinere
608 1501 818 1544 suspicatus
845 1511 923 1534 sum
947 1501 1021 1536 inc.
1050 1500 1126 1535 fab.
1151 1500 1217 1534 IX.
1244 1502 1288 1534 X.
1314 1501 1394 1536 XII.

279 1548 501 1582 Evusicss
529 1545 781 1590 (Evnvucns)
809 1550 895 1580 acta
927 1558 961 1581 a.
989 1548 1054 1581 697
1081 1546 1188 1587 (uide
1215 1545 1402 1579 Ciceronis
1434 1547 1648 1580 testimonia
1683 1547 1732 1579 ad

189 1594 235 1627 fr.
262 1591 380 1636 xm.)
405 1591 503 1625 ludis
529 1602 622 1636 quos
646 1591 773 1625 consul
797 1591 839 1628 P.
865 1591 1057 1625 Cornelius
1083 1591 1265 1625 Lentulus
1291 1592 1457 1626 faciebat
1488 1595 1553 1625 aut
1581 1592 1732 1625 dedica·

191 1639 298 1672 toriis
322 1642 388 1672 aut
413 1638 631 1671 funebribus
658 1636 849 1680 aliquanto
876 1641 963 1670 ante
990 1638 1137 1671 comitia
1159 1637 1218 1671 die
1237 1637 1391 1671 Sextilis
1408 1639 1459 1671 IV
1484 1638 1615 1671 habita
1641 1638 1733 1671 cele·

191 1685 312 1718 bratis
336 1683 400 1727 (cf.
426 1683 630 1716 Drumanni
654 1682 742 1719 hist.
767 1683 871 1716 Rom.
898 1683 935 1716 Il
959 1685 1027 1717 293
1053 1684 1148 1726 sqq.)
1189 1683 1227 1716 1·
1250 1682 1342 1716 Non.
1361 1685 1415 1723 14,
1442 1684 1484 1716 27
1511 1684 1732 1717 ‘extorris

189 1730 327 1763 dicitur
351 1732 457 1762 extra
481 1732 617 1763 terram
640 1727 702 1762 uel
726 1732 834 1762 extra
858 1730 1046 1763 terminos.
1085 1729 1222 1762 Accius
1239 1729 1426 1771 Eurysace
1447 1726 1542 1773 [333.
1561 1727 1678 1773 334].’

189 1774 233 1810 1¹³
250 1775 344 1810 Non.
363 1776 440 1815 193,
461 1776 476 1807 1
505 1774 786 1807 ‘anfractum
804 1775 1010 1808 masculino
1028 1785 1164 1818 genere
1181 1774 1254 1807 dici
1272 1778 1415 1817 putant.
1442 1775 1582 1807 Neutro
1599 1775 1733 1808 Accius

190 1822 378 1865 Eurysace
398 1818 493 1864 [335.
513 1818 625 1863 336].’
650 1820 768 1853 Varro
785 1820 830 1854 de
848 1820 872 1856 1.
890 1821 933 1854 L.
951 1820 1022 1854 VII
1040 1821 1081 1853 15
1097 1819 1147 1853 Μ.
1173 1820 1293 1862 ‘quod
1311 1822 1383 1853 est:
1412 1824 1632 1853 terrarum
1659 1831 1731 1852 nn-

191 1867 340 1900 fracta
365 1867 582 1903 renisam,
609 1865 819 1898 anfractum
844 1869 901 1899 est
923 1866 1074 1908 flexum,
1101 1865 1147 1899 ab
1171 1865 1312 1909 origine
1337 1865 1478 1908 duplici
1504 1865 1660 1907 dictum,
1684 1866 1731 1899 ab

191 1964 343 2001 schedis
363 1964 540 2000 coniecit.
561 1973 624 1998 eos
646 1962 818 1999 mortales
839 1963 1064 1999 reminiscor.
1089 1968 1124 1999 et
1146 1962 1322 1999 Aeneadis
1343 1968 1403 1999 aut
1425 1962 1551 1999 Decio:
1582 1963 1734 1999 misen-or

192 2031 320 2070 saepe;
342 2025 398 2056 ast
418 2019 452 2056 id
474 2030 537 2056 eos
561 2018 646 2055 uolo
669 2019 878 2056 obliuiscier
898 2018 996 2067 (uel.·
1017 2020 1169 2056 miseros
1190 2030 1297 2068 saepe
1317 2019 1415 2056 istud
1437 2030 1499 2055 eos
1522 2019 1608 2056 uolo
1630 2020 1734 2055 remi-

195 2075 340 2124 niscier)
371 2077 527 2115 Vossius
547 2086 610 2113 eos
632 2075 821 2123 Mortales,
853 2075 1032 2119 Phoenix,
1066 2078 1240 2113 misereor
1270 2087 1378 2125 saepe
1409 2082 1444 2113 et
1472 2076 1616 2113 adiutos
1649 2077 1733 2113 uolo

197 2135 353 2171 Grotius
375 2134 474 2171 Bibl.
499 2135 584 2170 crit.
608 2145 697 2170 που.
719 2133 786 2170 IV
811 2143 855 2170 eo
887 2133 954 2170 hos
986 2134 1156 2170 mortales
1178 2134 1306 2182 poenis
1328 2129 1439 2170 libssra
1462 2134 1602 2170 Decimo
1625 2144 1732 2169 anno.

193 2212 247 2217 --
278 2190 430 2228 Miseror
457 2191 510 2227 sic
540 2189 805 2239 pessumdatos.
830 2210 879 2217 -
903 2190 993 2227 Volo
1017 2190 1180 2228 Botln'us
1201 2189 1224 2226 2
1264 2190 1426 2227 Lacinia
1459 2201 1642 2227 uersuum
1671 2202 1734 2226 eos

194 2247 356 2285 mortalis
377 2248 502 2296 poenis
523 2245 657 2284 liberos
687 2246 764 2294 (uel
784 2246 914 2294 libero)
936 2252 972 2284 et
992 2249 1168 2284 misereor
1196 2252 1232 2284 et
1253 2259 1360 2296 saepe
1383 2276 1507 2285 .....
1530 2246 1734 2284 custoditos

196 2305 281 2342 uolo
307 2306 393 2351 ipse
421 2306 507 2341 otim
537 2314 750 2352 aynoscere
776 2304 868 2341 mihi
887 2305 1061 2341 uidebar.
1098 2305 1300 2352 Temptaui
1323 2310 1533 2352 praeterea
1558 2303 1733 2346 mortali&

196 2361 353 2407 Foenix‚
382 2361 463 2398 esse
492 2360 644 2398 deorum
673 2359 807 2397 liberos
829 2359 1053 2398 Reminiscor
1074 2372 1106 2398 e.
1129 2374 1164 2410 q.
1190 2357 1220 2398 s.
1259 2367 1327 2398 aut
1355 2362 1446 2408 eho,
1476 2359 1541 2397 nos
1572 2360 1733 2397 mortalis

194 2418 293 2465 esse,
318 2416 373 2464 F„
395 2417 530 2454 liberos
552 2416 705 2454 Deorum
719 2446 729 2464 ‚
758 2417 972 2455 reminiscor
991 2417 1099 2467 saepe
1127 2424 1163 2455 et
1184 2418 1276 2454 idem
1299 2418 1394 2454 istud
1419 2417 1484 2454 ucis
1508 2418 1593 2455 uolo
1615 2417 1734 2453 Memi-

196 2475 303 2512 nisse.
422 2473 506 2511 330
536 2473 630 2511 haud
662 2475 716 2512 ecl.
754 2473 860 2511 1526
883 2480 943 2512 aut
970 2476 1062 2513 libri
1084 2477 1263 2523 plerique
1294 2481 1333 2511 ut
1357 2475 1491 2511 Bamb.
1512 2487 1552 2522 p.
1575 2474 1656 2511 479

196 2531 355 2568 muscam
376 2532 469 2568 libri
492 2543 533 2579 p.
555 2530 636 2568 479
735 2531 795 2580 qui
816 2532 907 2568 libri
924 2543 965 2579 p.
989 2532 1069 2570 307
1177 2531 1367 2581 implorem
1396 2533 1487 2569 libri
1512 2544 1551 2579 p.
1576 2531 1655 2569 307

196 2588 277 2626 332
309 2594 435 2624 exurat
455 2588 550 2624 louis
571 2588 718 2625 arietem
740 2589 847 2636 libri,
878 2599 979 2637 quae
999 2600 1103 2626 nuuc
1126 2593 1365 2636 transposui,
1400 2601 1485 2626 cum
1517 2590 1602 2625 olim
1634 2590 1735 2624 iuter

198 2645 295 2683 duos
315 2646 531 2683 uersiculos
551 2645 647 2682 louis
674 2644 680 2691 1
707 2645 856 2682 arietem
877 2644 1148 2683 distribuerim.
1230 2646 1381 2682 abietem
1414 2650 1519 2682 νοτία»
1545 2645 1732 2680 Herman-

195 2713 290 2750 nus,
322 2703 392 2740 sed
419 2703 483 2739 uel
512 2704 627 2740 nauis
657 2703 719 2739 uel
749 2703 850 2739 silua
879 2704 1147 2751 intelteyenda.
1244 2702 1468 2739 333-330
1490 2703 1735 2748 Auapaestos

197 2761 353 2806 ctmzouit
375 2759 553 2808 Scaliyer
647 2757 729 2796 334
751 2764 858 2796 recte
878 2761 1067 2807 disposuit
1086 2761 1352 2797 Hermannus.
1385 2757 1597 2794 exturbatus
1619 2768 1734 2806 regno

197 2821 305 2863 atque
335 2817 422 2854 mari
453 2815 631 2865 Scaliger
734 2815 919 2864 Suppteri
943 2822 1108 2864 possunt
1138 2818 1254 2853 uaria
1280 2817 1405 2852 uvluc:
1437 2814 1596 2862 marique
1626 2815 1732 2850 cituS.

204 2871 469 2910 Buecheler-us
498 2873 584 2909 mari
616 2873 806 2921 impositus
838 2876 1042 2920 proposuit
1138 2873 1218 2908 336
1250 2872 1416 2908 mnsl'ncta
1441 2870 1571 2906 lluun.
1597 2870 1688 2907 Par.
1714 2872 1735 2906 b

209 2930 395 2968 Varronis
484 2929 684 2966 anfractare
717 2930 832 2965 uisum
870 2931 975 2967 Flnr.

1382 3004 1449 3038 112*
