1942 3204
845 152 892 189 M.
918 152 1156 187 PAcvvlvs
1731 152 1787 194 99

919 256 1024 300 ΧΙΧ
1058 255 1127 315 (5)

373 369 383 378 .
415 369 424 377 .
455 349 545 378 non
575 337 623 377 tu
656 338 699 377 te
731 337 753 377 ὁ
786 337 1019 391 conspectu
1051 335 1154 378 hinc
1186 335 1393 378 amolire?
1427 370 1434 377 .
1469 370 1476 377 .
1510 370 1518 378 .

914 424 997 468 XX
1029 422 1127 482 (21)

255 501 340 545 185
372 500 623 545 Sermonem
654 502 724 544 hic
756 500 1038 559 nostrum-ex
1072 502 1244 546 occulto
1278 503 1448 559 clepsit,
1484 506 1693 559 quantum
1728 506 1789 546 in-

836 568 853 585 ⁰
1252 581 1424 637 tellego.

903 662 1010 706 XXI
1042 660 1140 721 (16)

371 740 553 783 Currum
586 741 727 797 liquit:
761 741 941 802 clamide
974 742 1174 783 contorta
1207 742 1303 784 astu
1337 743 1508 798 clupeat
1539 743 1767 786 brziccium.

887 824 1017 867 XXII
1049 822 1147 882 (25)

367 901 459 945 'Ibo
492 904 621 958 atquc
653 902 835 958 edicam,
866 902 1114 958 frequentes
1146 905 1195 944 ut
1227 904 1330 944 eant
1361 906 1581 959 gratatum
1613 905 1787 960 hospiti.

904 997 1056 1040 XXIII
1089 996 1186 1055 (11)

367 1074 718 1119 Concorditatem
748 1074 940 1132 hospitio
976 1075 1225 1118 adiunctam
1257 1077 1478 1132 perpetem

366 1152 588 1195 Probitate
620 1154 898 1196 conseruatis.

872 1247 1022 1292 XXIV
1055 1247 1153 1306 (24)

250 1325 335 1368 190
705 1341 811 1382 quas
844 1326 984 1383 gloria
1010 1328 1053 1368 et
1082 1351 1137 1356 —
1167 1351 1222 1356 -
1250 1327 1437 1368 uarietas
1463 1327 1701 1370 humanum
1731 1353 1784 1358 —-

336 1455 425 1489 XIX
449 1455 540 1489 Non.
566 1457 628 1497 ⁷3,
656 1458 698 1490 13
729 1456 1004 1490 ‘amolimini
1038 1460 1094 1490 est
1118 1457 1281 1490 recedite
1307 1457 1368 1490 uel
1394 1457 1513 1491 tollite
1536 1483 1545 1492 .
1565 1483 1573 1492 .
1593 1461 1622 1492 .‘
1718 1459 1785 1492 XX

248 1501 427 1542 Non.20‚
454 1501 495 1534 18
522 1500 727 1544 ‘clepere
753 1505 810 1535 est
836 1501 951 1535 furari
975 1527 1075 1536 .....
1086 1505 1098 1522 ’
1191 1502 1279 1535 XXI
1302 1503 1469 1545 Non.8''1,
1488 1505 1531 1536 26
1557 1503 1785 1547 ‘clipeatst

247 1546 530 1586 (Paccuuius
554 1545 699 1589 Bamb.)
741 1547 858 1581 Varro
883 1548 928 1581 de
955 1548 976 1581 l.
1004 1548 1046 1584 L
1068 1549 1095 1580 V
1120 1549 1141 1581 7
1166 1548 1215 1580 Μ.
1265 1545 1347 1581 ‘hic
1371 1550 1488 1582 Pacui
1519 1549 1714 1582 rudentum
1739 1551 1786 1584 si—

247 1591 362 1634 bilus,
387 1591 477 1626 hio.
515 1591 622 1626 .hic·
652 1593 770 1625 clam
813 1592 865 1626 de
890 1593 1072 1637 clupeat
1103 1593 1392 1627 bracchium.²
1501 1595 1609 1629 XXII
1634 1595 1785 1629 Seruius

246 1638 283 1670 in
309 1638 400 1672 Aen.
417 1637 510 1671 V40
536 1640 774 1680 ‘gratatur
818 1639 966 1681 quidam
991 1641 1163 1682 gratatur
1185 1650 1258 1672 non
1283 1639 1505 1682 gratulatur,
1531 1640 1596 1674 sed
1623 1641 1787 1674 laetatur

246 1683 492 1726 accipiunt..
529 1683 748 1717 .Pacuuius
774 1684 812 1716 in
836 1683 1037 1718 Hermiona
1061 1684 1130 1718 hoc
1155 1685 1308 1718 uerblun
1333 1685 1488 1727 posuit.
1538 1689 1567 1718 .’
1660 1686 1785 1720 XXIII

246 1727 340 1762 Non.
365 1729 422 1771 88,
448 1730 527 1762 20‘
539 1728 835 1762 concorditas
860 1740 926 1772 pro
952 1730 1178 1763 concordia)
1279 1730 1400 1763 XXIV
1424 1730 1560 1765 Festus
1585 1742 1618 1774 p.
1643 1733 1709 1764 277
1736 1731 1784 1764 M.

245 1753 497 1817 ‘’re[futare
530 1773 717 1817 signifieat
746 1773 999 1820 redargne]r.e
1046 1775 1271 1808 Pacuius’
1302 1774 1364 1817 (cf.
1397 1776 1443 1808 H.
1468 1776 1613 1809 Keilius
1645 1776 1667 1809 l.
1691 1776 1714 1809 l.
1747 1788 1781 1820 p.

243 1818 326 1862 624)
350 1819 416 1852 ‘in
440 1817 679 1863 Hemfiona
709 1844 855 1854 .......
886 1831 996 1864 quas
1029 1820 1176 1864 gloria
1206 1824 1249 1853 et
1278 1845 1494 1855 ..........
1525 1819 1784 1866 [uaJrietas

244 1863 508 1899 humanum.
545 1867 576 1898 .’
668 1865 723 1898 Ad
748 1866 845 1899 hanc
872 1865 1036 1900 fabulam
1061 1865 1189 1900 rettuli
1213 1866 1284 1899 inc.
1309 1866 1386 1899 fab.
1410 1866 1511 1901 LIII.

361 2007 440 2046 184
470 2019 551 2046 nam
584 2008 714 2046 Vrbin.
736 2009 838 2047 307:
871 2010 1043 2047 noluitne
1073 2010 1183 2046 num?
1291 2009 1489 2048 Caesarue
1520 2022 1641 2049 causa
1671 2013 1781 2049 lacu-

243 2077 332 2103 nam
363 2066 412 2103 ab
441 2067 548 2103 initio
578 2068 719 2113 statui,
753 2077 868 2115 quam
899 2067 1062 2114 explere
1089 2069 1216 2114 possis
1244 2067 1447 2105 scribendo
1478 2066 1598 2104 nonne
1630 2073 1669 2104 tu
1701 2068 1780 2110 ted:

243 2122 298 2171 cf.
321 2134 359 2159 u.
383 2121 457 2164 16,·
484 2124 561 2159 nisi
579 2125 760 2160 senarius
776 2123 857 2171 fuit
877 2134 951 2160 non
974 2122 1013 2160 tii
1042 2127 1076 2159 te
1106 2134 1126 2159 e
1147 2135 1177 2160 c.
1202 2123 1285 2160 hinc
1314 2123 1463 2160 amolire
1491 2123 1600 2161 ilico?
1630 2126 1677 2161 de
1706 2138 1780 2173 quo

243 2183 367 2216 monet
389 2179 670 2217 Buce-helerus.
767 2179 848 2218 185
877 2179 1007 2228 clepsit
1029 2179 1251 2228 Mercews,
1283 2182 1386 2229 quod
1412 2191 1547 2218 uerum
1579 2192 1663 2218 esse
1687 2192 1778 2229 per-

241 2238 364 2272 suasit
385 2234 592 2273 Maduicas
612 2237 665 2273 ad
684 2236 760 2274 Cic.
782 2237 830 2274 de
847 2238 916 2285 fin.
943 2236 973 2274 V
988 2235 1052 2283 25,
1073 2237 1112 2275 5.
1134 2236 1243 2286 clepit
1267 2238 1377 2274 libri:
1397 2238 1570 2285 defendit
1586 2237 1779 2275 Herman-

243 2302 318 2328 nus
341 2291 481 2340 Opusc.
502 2292 571 2330 ΙΙΙ
593 2292 671 2330 119
763 2293 842 2331 186
873 2304 1018 2330 cursum
1040 2296 1189 2331 conieci
1276 2293 1390 2342 liquid
1412 2294 1550 2331 Bamb.
1629 2294 1779 2331 clamide

246 2348 378 2386 Bamb.
401 2348 529 2396 Nonii,
550 2352 637 2387 item
657 2349 908 2388 Lae-lemanno
927 2352 967 2387 in
982 2349 1102 2388 Luer.
1124 2350 1176 2388 VI
1189 2349 1272 2388 434
1294 2355 1331 2387 et
1350 2351 1599 2388 Wilmannsio
1621 2352 1779 2388 testibus

244 2405 441 2443 Mediceus
453 2406 642 2444 Varronis
661 2406 822 2459 clamyde
843 2409 967 2445 ceteri
982 2408 1075 2444 libri
1092 2407 1280 2456 chlamyde
1300 2409 1414 2456 uulqo
1472 2408 1602 2457 clipeat
1619 2408 1776 2454 Nonius,

199 2507 202 2510 Α
242 2463 320 2499 nisi
347 2463 449 2511 quod
475 2462 651 2512 clipeatur
682 2463 819 2500 Bamb.
926 2462 1124 2501 braccium:
1163 2464 1218 2512 cf.
1249 2466 1319 2502 leae
1347 2466 1654 2512 repetundarum
1685 2466 1779 2501 anni

243 2518 322 2556 631
355 2520 418 2556 uel
449 2518 530 2557 632
560 2521 600 2557 in
622 2519 705 2557 CIL
724 2520 747 2558 1
765 2533 804 2558 n.
828 2519 928 2564 198,
951 2519 1026 2566 52;
1058 2520 1332 2559 Lachmannus
1359 2523 1386 2558 t.
1405 2523 1432 2559 1.
1466 2522 1640 2558 etaccium
1665 2521 1779 2557 Nonii

239 2575 330 2612 libri
354 2577 532 2624 plerique
554 2572 742 2614 bacchium
774 2577 961 2616 Varronis
980 2576 1083 2615 Med.
1119 2576 1302 2615 brachium
1324 2581 1446 2615 ceteri
1466 2579 1562 2623 ,libri
1592 2577 1778 2613 Varronis

241 2631 412 2681 accipiam
444 2632 582 2672 Bamb.
612 2633 727 2671 Nonii
837 2633 1024 2671 Varronis
1054 2635 1264 2672 testimonio
1296 2639 1332 2671 et
1362 2634 1648 2671 adulteratione
1677 2634 1776 2669 baec

236 2690 368 2734 potius
396 2694 564 2726 contorta
593 2695 673 2726 astu
701 2690 852 2727 clamide
881 2689 1025 2740 clupeat
1055 2690 1090 2727 b.
1114 2692 1442 2728 commendantur.
1540 2689 1617 2727 187
1640 2689 1774 2726 edicam

243 2743 407 2782 Botltius
434 2744 548 2783 dicam
579 2745 743 2784 Seruius
845 2747 924 2786 189
958 2746 1135 2796 probitate
1166 2748 1298 2785 Detrio
1328 2746 1544 2795 probitatem
1572 2746 1664 2783 libri

245 2799 326 2839 190
354 2800 470 2850 gloria
511 2801 672 2840 Vrsinus
701 2803 822 2852 glorin
854 2805 937 2842 cod.
1054 2804 1185 2842 Potest
1222 2804 1357 2840 refutat
1393 2814 1514 2840 rerum
1553 2803 1707 2839 uarietas
1735 2804 1773 2839 in

242 2858 350 2894 exitu
379 2867 520 2896 uersus
544 2859 685 2907 fuisse.

1443 2934 1488 2970 ἵ*
