1942 3204
797 221 839 254 L.
866 219 1042 254 mvnvs
1620 218 1698 262 197

823 325 933 369 VIII
986 325 1014 370 5

279 397 496 441 Deeonire
528 400 595 441 est
625 397 762 441 satius
793 398 924 453 quam
955 322 1146 440 {egbena
1176 399 1220 439 et
1251 397 1419 440 taeniis.

797 466 803 474 ’
834 474 897 518 ΙΧ
930 473 1028 533 (11)

279 548 344 591 '1'15
352 582 363 604 ‚
394 548 457 591 uti
489 548 594 604 dixi,
625 547 764 591 macte
795 546 864 589 his
895 546 1045 603 armis,
1076 547 1215 590 macte
1248 545 1430 589 uirtutes
1459 548 1608 604 patris.

856 623 897 668 X
930 622 999 683 (6)

285 697 368 740 Sed
401 699 527 754 que'm
553 697 659 740 mihi
684 695 896 753 iungent?
928 694 1016 754 eus,
1048 711 1156 753 quae
1189 711 1285 740 eum
1311 696 1385 739 illo
1410 697 1578 755 hierim,
1609 698 1699 754 ‹lig-

1229 774 1368 818 nab6r
1399 774 1523 817 dari?

830 834 896 877 XI
927 833 1024 892 (10)

158 908 246 951 475
278 907 402 951 Satin
435 908 531 950 astu
563 908 607 949 et
636 906 827 949 fallendo
860 906 1017 950 callet?

830 983 917 1026 XII
949 981 1017 1042 (1)

275 1056 376 1100 'Vbi
408 1056 470 1099 nil
502 1058 654 1099 contra
685 1055 899 1099 rationem
924 1070 1107 1112 aequam
1132 1055 1303 1112 habuit,
1335 1054 1529 1098 adsensst
1553 1056 1696 1099 silens:

802 1133 912 1177 XIII
944 1132 1043 1191 (14)

277 1194 360 1237 Sed
392 1194 599 1251 quesdam

787 1252 1060 1296 TROADES

867 1324 888 1367 I
945 1326 964 1367 1

276 1399 369 1443 Nee
399 1399 529 1442 ftirno
560 1398 661 1442 faxo
694 1399 842 1455 frliges
873 1322 1048 1439 fre(n{las
1081 1396 1278 1439 torridas.

247 1483 337 1517 v111
362 1483 501 1516 Festus
525 1493 560 1526 p.
585 1483 654 1515 360
677 1481 725 1514 Μ.
753 1482 958 1514 ‘taenIas
982 1480 1165 1514 Graecam
1197 1490 1326 1513 uocem
1352 1481 1407 1512 sie
1431 1481 1697 1522 interpretatur

157 1529 326 1570 Verrius,
352 1531 393 1561 ut
417 1528 517 1560 dicat
541 1530 796 1562 ornamentum
821 1537 904 1559 esse
922 1525 1067 1559 laneum
1094 1526 1233 1570 eapitis
1251 1525 1422 1559 honorati
1440 1542 1483 1549 —
1502 1543 1542 1548 —
1559 1525 1696 1559 Accius

156 1577 194 1608 in
218 1574 477 1618 Neoptolemo:
510 1573 706 1606 decorare’
731 1583 764 1608 e,
791 1572 877 1615 qqs.
993 1571 1047 1604 IX
1072 1572 1166 1606 Non.
1192 1573 1278 1612 341,
1302 1573 1348 1605 30
1380 1574 1605 1604 ‘mactare
1636 1574 1695 1604 est

157 1619 276 1663 magis
299 1629 434 1662 augere
542 1618 679 1651 AeeIus
704 1618 974 1662 Optolempo
997 1620 1071 1650 ...'
1111 1615 1429 1660 (Neoptolemo
1454 1615 1597 1659 Iunius)

151 1667 190 1699 X
215 1666 307 1699 Non.
331 1665 414 1703 281,
440 1667 460 1698 3
486 1664 727 1708 ‘dignatus
750 1662 938 1707 signifieat
961 1663 1095 1706 dignus
1122 1662 1270 1696 habitus
1292 1687 1300 1696 .
1316 1664 1368 1696 ..'
1394 1662 1485 1703 (Sed
1510 1662 1570 1695 hie
1594 1662 1694 1706 dig-

158 1711 298 1744 nabor
328 1710 452 1744 aetino
483 1720 594 1743 sensu
625 1707 945 1752 intellegendum.)
1052 1708 1104 1742 XI
1135 1709 1228 1743 Non.
1261 1709 1344 1748 258,
1375 1710 1397 1741 5
1427 1707 1595 1742 ‘callet
1618 1709 1693 1750 sig·-

158 1756 283 1790 nificat
307 1756 380 1789 seit
403 1781 412 1790 .
430 1780 438 1788 .
460 1780 468 1788 .
491 1755 626 1788 Accius
650 1755 838 1788 Aeneadis
867 1779 877 1788 .
896 1779 905 1787 .
925 1778 935 1787 .
962 1753 1059 1787 idem
1085 1754 1123 1786 in
1150 1753 1416 1797 Neoptholemo
1440 1777 1448 1786 .
1469 1778 1478 1786 .
1497 1756 1528 1787 .’
1623 1754 1695 1786 XII

158 1804 248 1837 Non.
274 1803 360 1844 469,
389 1802 431 1834 15
455 1799 686 1834 ‘adsensit
712 1803 771 1833 est
794 1803 832 1833 et
856 1799 1074 1843 passiuum)
1114 1798 1343 1841 (adsentit
1368 1798 1511 1838 Bamb.)
1601 1799 1692 1832 XIII

158 1847 371 1882 Priscianus
395 1846 486 1880 XIII
511 1858 546 1890 p.
571 1848 638 1879 960
663 1846 692 1878 Ρ
721 1845 997 1879 ‘aceusatiuum
1030 1844 1142 1878 etiam
1167 1854 1259 1887 quos
1284 1854 1376 1887 quas
1401 1844 1462 1877 uel
1488 1854 1580 1887 ques
1603 1867 1611 1876 .
1631 1869 1639 1877 .
1662 1847 1692 1877 .’

247 1892 374 1926 Addas
399 1891 490 1925 lieet
513 1891 586 1925 ine.
611 1893 681 1927 ine.
710 1890 786 1924 fab.
808 1890 882 1924 111:
915 1900 1107 1934 perperam
1133 1889 1220 1923 olim
1243 1889 1461 1924 Troadum
1486 1893 1524 1922 et
1548 1890 1693 1923 Hecu-

158 1940 242 1972 bae
269 1938 445 1982 renquiae
469 1937 634 1979 adIunxi.
1606 1943 1610 1947 ·

249 1985 427 2018 'I'qunes
451 1983 469 2016 I
493 1983 644 2016 Seruius
668 1982 706 2017 in
731 1982 822 2018 Aen.
842 1983 858 2015 1
881 1983 944 2015 179
970 1985 1030 2014 ‘et
1054 1984 1193 2015 torrere
1211 1984 1345 2024 parant
1362 1981 1517 2014 flammis
1535 1983 1573 2013 et
1591 1981 1693 2014 sran-

271 2080 353 2119 472
385 2081 609 2128 Superioris
638 2089 778 2117 uersus
806 2080 1024 2117 clausulam
1063 2079 1167 2115 hauc
1201 2078 1292 2126 fere
1327 2078 1476 2125 fuisse.-
1515 2077 1693 2114 tumulum

157 2139 333 2188 sanguine
364 2137 564 2185 Haupcius
593 2140 830 2185 suspicatur,
860 2142 901 2175 ut
921 2140 1063 2173 narrat
1084 2135 1342 2173 Mommsenus
1362 2137 1388 2172 l.
1410 2137 1436 2172 l.
1457 2147 1496 2183 p.
1519 2134 1593 2172 85:
1625 2146 1693 2183 eqo

157 2195 305 2245 capillos
335 2194 474 2231 casside
497 2196 560 2231 uel
583 2195 704 2232 simile
724 2195 816 2242 quid
834 2194 1089 2243 supplendum
1111 2202 1262 2232 censeo.
1294 2193 1394 2229 Ante
1421 2194 1546 2239 illum,
1578 2202 1691 2229 sena-

159 2255 258 2290 rium
278 2256 319 2289 ut
340 2253 565 2299 explerent,
588 2250 765 2287 tumulum
787 2250 959 2288 decorare
981 2249 1146 2288 Bothius
1166 2249 1254 2286 deos
1276 2260 1406 2286 ornare
1428 2250 1637 2286 Frtcterius

160 2308 314 2346 uerbena
344 2313 382 2344 et
411 2306 537 2345 taeniis
569 2308 769 2356 Hauplius
800 2307 923 2345 urbem
958 2308 1102 2344 exeneis
1143 2307 1386 2344 Vrsinianum
1426 2306 1692 2355 apoqraplmm

160 2365 283 2404 urbem
305 2376 324 2401 e
346 2364 474 2402 taeniis
501 2365 644 2402 Vaticc.
667 2364 733 2402 RS
752 2365 880 2413 Polie„
900 2377 972 2414 my.
1006 2365 1088 2402 Vrs.
1120 2363 1244 2400 urbem
1266 2365 1392 2400 taeniis
1423 2364 1481 2400 ed.
1501 2365 1626 2410 princ.

159 2422 240 2461 473
274 2428 307 2458 la
335 2421 427 2459 libra·
455 2417 730 2470 (optoiemptata
751 2420 891 2471 Basil.)
923 2423 971 2459 ita
991 2422 1150 2459 Iunius.-
1178 2422 1248 2458 sed
1271 2421 1457 2458 librorum
1484 2422 1693 2467 scripturis

158 2481 326 2518 indicari
345 2483 479 2526 tempta
500 2483 540 2515 ιιι
560 2477 632 2515 dixi
652 2483 767 2516 acute
787 2485 912 2517 monet
935 2478 1203 2516 Buecheler-us
1261 2477 1312 2514 uti
1334 2478 1488 2515 Vossius
1509 2482 1548 2513 ιιι
1562 2477 1652 2514 libri

157 2538 265 2574 annis
292 2536 408 2573 Bern.
430 2535 452 2572 b
472 2535 652 2584 armisque
673 2537 797 2573 ceteri
822 2536 913 2573 libri
990 2541 1101 2572 macta
1126 2535 1288 2572 Bothius
1375 2534 1502 2571 uirtuti
1527 2534 1646 2569 Bern.
1670 2534 1691 2570 b

160 2595 330 2631 uit-tutem
361 2594 483 2629 ceteri
507 2592 599 2629 libri
626 2594 762 2630 uirtute
792 2594 850 2630 W.
878 2594 1047 2642 Wayner
1075 2603 1169 2629 mus.
1199 2592 1324 2629 Rhen.
1346 2590 1494 2628 XXIII
1514 2587 1626 2628 380*

160 2656 273 2688 macte
311 2649 359 2686 ob
388 2650 559 2686 uirtutem
599 2650 710 2698 patris
739 2650 991 2688 Her-mannus
1134 2648 1217 2686 474
1256 2649 1312 2686 eui
1351 2659 1443 2696 quae
1473 2658 1554 2683 eum
1585 2647 1687 2683 Mer-

160 2718 276 2746 cerus
307 2707 433 2755 tuique
462 2710 503 2742 tu
531 2706 623 2743 libri
761 2706 888 2744 fuerim
919 2707 1125 2744 Mercerus
1163 2705 1296 2743 ruerint
1324 2705 1415 2741 libri
1527 2703 1609 2739 476
1642 2703 1689 2739 nil

165 2764 339 2809 Hormus,
378 2764 465 2800 item
506 2763 699 2801 Vseuerus
731 2764 772 2801 in
807 2765 1002 2811 prooemio
1042 2763 1256 2811 Gryphism.
1290 2767 1385 2798 aest.
1420 2759 1527 2797 1866
1565 2771 1605 2807 p,
1638 2759 1688 2795 12

161 2819 249 2858 nihil
276 2821 366 2858 libri
499 2830 647 2868 aequam
677 2821 886 2858 Fmeero'us
923 2819 1044 2858 Veris.
1072 2820 1116 2857 ΙΙ
1143 2819 1167 2856 5
1206 2825 1242 2855 et
1280 2829 1385 2867 quani
1422 2817 1513 2853 libre·

163 2878 322 2914 Hiatum
342 2878 451 2915 tolles
472 2874 616 2914 habeuit
636 2877 852 2923 scribendo,
874 2883 914 2914 uc
935 2876 1094 2914 habessit
1115 2877 1223 2923 apud
1242 2875 1316 2911 Cic.
1339 2876 1385 2910 de
1406 2875 1480 2922 leq.
1502 2873 1545 2910 ΙΙ
1566 2873 1591 2909 8

162 2933 317 2970 adsentit
348 2933 484 2970 Bamb.
599 2932 681 2971 478
712 2945 779 2971 nee
808 2934 915 2970 furno
947 2933 1027 2970 saxo
1059 2934 1202 2980 scripsi
1229 2937 1442 2968 nocturnam
1473 2941 1558 2967 saxo
1582 2928 1687 2968 Cass.
