1942 3204
274 205 357 248 164
912 204 953 240 0.
974 205 1158 244 A'P'I'IVS

993 310 1084 353 IXb

274 387 362 429 215
391 387 456 430 .‘Id
489 389 605 444 quod
637 389 761 431 multi
792 387 1018 430 inuideant
1048 389 1255 444 multique
1288 390 1491 444 expetant
1521 388 1737 436 inscitiast

391 465 637 522 P6stulare,
668 465 754 508 nisi
784 467 976 508 laborem
1009 469 1175 507 summa
1207 480 1304 508 cum
1335 481 1437 509 cura
1468 466 1642 509 ecferas.

392 624 458 667 Ne
492 629 588 668 011111
619 628 806 681 tyranno
841 625 1068 682 quisquam
1099 627 1301 681 epulandi
1331 627 1473 682 gretia

392 701 636 744 Accumbat
666 717 859 745 mensam
891 706 966 744 aut
998 703 1176 745 eandem
1207 706 1406 745 uescatur
1438 704 1602 759 dapem.

954 786 1018 828 XI
1075 788 1094 829 1

390 863 629 918 Epulz'trum
659 864 801 919 fictor,
833 785 1217 906 scelerum(f13atris
1250 864 1415 906 delitor.

937 946 1023 988 XII
1056 944 1123 1003 (2)

268 1024 356 1065 220
604 1045 609 1049 -
1085 1055 1087 1057 -
1244 1025 1476 1079 concoquit

388 1099 561 1141 Partem
591 1115 753 1155 uapore
785 1100 1000 1157 flammae,
1030 1101 1204 1143 ueribus
1236 1099 1284 1142 1‘n
1314 1101 1412 1144 foco

388 1176 570 1219 Lacerta
601 1178 764 1220 tribuit.

269 1272 335 1304 sed
358 1275 400 1304 ut
423 1283 490 1305 nos
515 1274 552 1305 et
575 1275 717 1305 nostros
741 1271 876 1306 liberos
908 1272 954 1305 ad
977 1272 1141 1305 laborem
1175 1277 1212 1306 et
1238 1273 1284 1306 ad
1310 1272 1457 1306 laudem
1483 1275 1692 1309 excitaret!
1740 1274 1799 1308 Of.

269 1317 446 1350 Wunderi
477 1317 623 1360 Proleg.
656 1329 691 1360 p.
724 1318 826 1350 LVII
850 1328 931 1360 sqq.
987 1317 1126 1351 Eodem
1159 1318 1361 1352 Garatonio
1393 1320 1429 1352 in
1460 1320 1562 1353 Verr.
1594 1320 1627 1352 V
1658 1321 1801 1362 71,181

270 1363 401 1395 Cicero
425 1362 574 1395 uidetur
598 1364 817 1405 respexisse.
851 1364 906 1396 Ex
929 1363 1042 1395 Atreo
1065 1366 1107 1396 ut
1131 1363 1187 1396 111
1210 1364 1330 1406 petita
1354 1365 1518 1397 coniecit
1533 1365 1717 1400 Halmius,
1741 1364 1797 1398 Cf.

270 1419 313 1440 ex
343 1408 531 1450 Euripidis
564 1408 709 1441 Cressis
739 1409 785 1442 fr.
818 1410 885 1441 464
915 1401 984 1442 οὐκ
1015 1400 1064 1441 ἂν
1101 1402 1240 1442 δύναιο
1277 1404 1327 1452 μὴ
1366 1404 1499 1453 καμών
1536 1403 1799 1453 εὐδαιμονεῖν,

269 1448 433 1496 Αἰσχρόν
456 1463 497 1486 τε
520 1453 686 1496 μοχθεῖν
718 1449 770 1497 μὴ
796 1451 931 1487 θέλειν
963 1453 1143 1495 νεανίαν,
1175 1457 1212 1486 et
1235 1455 1388 1496 Thyest.
1420 1455 1465 1491 fr.
1490 1456 1556 1488 396
1583 1452 1618 1488 εἰ
1644 1451 1683 1488 δ’
1709 1448 1800 1496 ἄτερ

266 1493 396 1532 πόνων
421 1500 562 1537 Δοκεῖς
587 1495 765 1540 ἔσεσθαι,
797 1498 920 1542 μῶρος
947 1495 1000 1542 εἴ,
1032 1496 1179 1543 θνητὸς
1212 1497 1340 1543 γεγώς.
1463 1501 1498 1534 Χ
1521 1501 1614 1533 Non.
1640 1501 1724 1543 415,
1759 1502 1803 1534 25

269 1545 414 1577 ‘uesci
440 1547 497 1576 est
523 1544 628 1576 edere
652 1569 661 1576 .
680 1569 689 1578 .
712 1547 740 1576 .’
847 1544 900 1576 XI
923 1545 1136 1578 Priscianus
1163 1545 1211 1576 IX
1237 1556 1271 1588 p.
1295 1546 1363 1579 873
1388 1546 1430 1578 P.
1466 1549 1509 1578 ‘a
1535 1545 1640 1579 deleo
1663 1570 1671 1579 .
1686 1570 1716 1579 ..
1741 1546 1801 1579 dc-

267 1589 401 1630 letum,
435 1600 457 1621 a
483 1589 606 1622 delino
637 1589 828 1637 delitum
851 1591 1030 1631 nascitur,
1057 1589 1152 1632 quod
1176 1590 1317 1623 Probus
1357 1593 1395 1623 et
1420 1589 1540 1634 Caper
1563 1591 1805 1633 comprobant

268 1645 338 1668 usu
364 1645 506 1677 quoque
533 1634 734 1668 adiuuante
758 1660 789 1668 ..
805 1660 814 1668 .
836 1635 972 1668 Accius
995 1636 1033 1668 in
1057 1637 1168 1668 Atreo
1191 1639 1266 1668 ...’
1294 1635 1358 1677 (in
1383 1635 1539 1669 Atreo:
1567 1635 1803 1679 epularum

269 1691 337 1712 om.
364 1678 494 1722 Sang.)
523 1680 734 1713 Thesaurus
764 1690 849 1715 nou.
874 1681 939 1713 lat.
964 1692 1023 1724 ap.
1046 1682 1088 1716 A.
1114 1682 1191 1714 Mai
1223 1685 1321 1715 auct.
1355 1681 1464 1717 class.
1489 1681 1579 1715 VIII
1610 1681 1674 1714 178
1706 1682 1803 1714 ‘de-

269 1725 406 1766 litor,
443 1726 506 1767 qui
530 1725 690 1768 aliquem
716 1725 863 1758 occidit.
910 1725 1059 1759 Accius:
1092 1727 1235 1759 fictor
1265 1726 1503 1765 scelerum,
1536 1727 1697 1759 fratris
1728 1727 1801 1759 de—

274 1770 404 1803 ditor
430 1770 625 1803 delitor.’
673 1771 816 1804 Ibidem
840 1773 905 1804 301
939 1771 1022 1804 ‘hic
1051 1772 1256 1815 per-litor,
1288 1772 1340 1804 ris
1370 1772 1403 1804 ·i·
1429 1773 1581 1812 occisor,
1610 1771 1707 1804 unde
1733 1773 1805 1805 Ac-

269 1816 366 1848 cius:
394 1816 538 1848 fictor
562 1815 800 1855 scelerum,
826 1816 986 1850 fratris
1010 1817 1234 1859 perlitor.’
1272 1817 1428 1850 Videtur
1451 1817 1659 1860 perditor
1681 1817 1720 1850 in
1738 1817 1804 1850 ali-

271 1871 344 1902 quo
368 1861 496 1894 codice
522 1861 698 1894 traditum
716 1862 849 1895 fuisse:
876 1872 922 1894 an
939 1863 1127 1905 sequentis
1142 1872 1270 1896 uersus
1298 1863 1418 1895 exitus
1443 1872 1676 1905 puerorum
1701 1873 1803 1905 per—

270 1907 392 1938 ditor
422 1906 517 1939 fuit?
622 1908 694 1940 XII
718 1908 810 1942 Non.
835 1908 913 1947 210,
938 1909 982 1940 30
1013 1907 1208 1940 ‘lacerti
1239 1908 1387 1950 generis
1417 1907 1623 1940 masculini.
1670 1907 1802 1940 Neutri

269 1952 404 1984 Accius
428 1951 560 1984 Atreo:
587 1953 786 1994 concoquit
809 1977 817 1985 .
839 1976 848 1985 .
869 1977 878 1985 .
900 1952 1044 1985 lacerta
1068 1953 1107 1984 in
1126 1953 1240 1986 focos.
1273 1953 1372 1986 Loca
1397 1953 1545 1995 generis
1570 1955 1655 1985 sunt
1680 1953 1803 1985 neutri

306 2022 314 2030 .
333 2022 342 2030 .
372 1997 589 2030 masculini’
622 2007 652 2032 0.
678 2007 712 2040 q.
739 2007 766 2030 s.
799 1997 1005 2038 (lacerta.
1046 1998 1194 2031 Locos
1220 1997 1375 2031 dixere
1400 2008 1495 2041 gen.
1522 2008 1654 2031 masc.
1671 1999 1802 2031 Loca

269 2043 455 2084 generis
481 2045 586 2074 sunt
608 2043 763 2075 neutri
778 2042 932 2075 Vossius
958 2042 1206 2086 dubitanter).

384 2160 465 2198 215
496 2160 532 2197 id
563 2161 661 2209 quod
689 2162 782 2198 libri
807 2173 880 2208 pro
910 2163 1096 2209 Plancio,
1137 2162 1340 2200 Sestianae
1371 2164 1429 2200 ed.
1459 2163 1717 2212 Heruayiana
1747 2174 1800 2201 ex

270 2220 420 2266 eyreyio
451 2219 534 2254 cod.
563 2218 765 2265 profecta,
792 2219 977 2264 probauit
1007 2219 1312 2267 Wesenberyius.
1344 2225 1380 2256 te
1410 2219 1469 2267 (de
1499 2221 1595 2269 Rey.
1617 2233 1667 2257 m.
1691 2220 1728 2267 1)
1763 2220 1799 2257 id

270 2274 367 2323 quod
396 2275 488 2311 libri
513 2286 587 2321 pro
618 2274 715 2311 Sest.
738 2274 833 2323 Rey.
857 2275 997 2312 Gembl.
1090 2275 1235 2312 uideant
1270 2277 1450 2324 Teqerns.
1477 2289 1551 2325 pro
1583 2278 1746 2314 Plancio

269 2336 457 2379 expectant
490 2331 634 2368 Gembl.
722 2332 899 2368 inscitiast
929 2331 1024 2380 Rey.
1056 2333 1195 2369 inscitia
1224 2338 1279 2369 est
1310 2333 1449 2370 Gembl.
1559 2333 1639 2371 216
1671 2338 1799 2381 postu-

270 2388 344 2423 lare
382 2389 435 2423 ni>
456 2390 518 2424 uel
559 2389 627 2424 nisi
667 2388 960 2437 Wesenberyius
996 2389 1225 2437 postularent
1261 2390 1330 2425 siui
1366 2391 1461 2438 Rey.
1499 2403 1547 2428 m.
1581 2391 1626 2438 1,
1658 2390 1798 2427 Gembl.

270 2444 455 2492 postulare
486 2445 518 2480 si
548 2446 682 2492 uulgo,
713 2446 989 2483 Lachmannus
1017 2448 1057 2483 in
1085 2446 1203 2483 Lucr.
1237 2446 1260 2482 Ι
1285 2444 1363 2481 141
1480 2447 1621 2483 summi]
1648 2445 1799 2493 (summe

272 2499 391 2547 corr.)
422 2512 506 2537 cura
539 2501 680 2539 Gembl.
768 2502 903 2539 ecferas
933 2503 1029 2550 Rey.
1061 2503 1148 2539 haec
1178 2502 1270 2539 seras
1303 2503 1442 2540 Gembl.
1555 2503 1635 2540 219
1666 2504 1799 2551 episto-

271 2557 384 2592 larum
405 2557 543 2594 Bamb.
645 2557 788 2595 deditor
818 2558 951 2596 delitor
969 2559 1175 2607 Lexicoyr.
1211 2559 1329 2596 Vatis.
1345 2570 1389 2606 p.
1412 2559 1492 2596 178
1522 2559 1675 2607 perlitor
1702 2560 1798 2596 idem
1867 2589 1876 2598 .

265 2625 307 2659 p.
331 2613 410 2651 301
529 2613 608 2650 221
643 2626 755 2662 uapor
787 2616 956 2662 Vossius,
979 2616 1174 2664 Berqlcius
1193 2615 1295 2653 Mus.
1317 2616 1442 2653 Rben.
1467 2615 1574 2653 1835
1593 2627 1637 2662 p.
1658 2615 1711 2653 82

271 2669 431 2706 flammae
471 2671 644 2718 Vossius,
677 2672 874 2720 Berqlcius
899 2674 927 2709 l.
955 2674 982 2709 l.
1014 2672 1190 2709 flammam
1218 2673 1308 2709 libri
1342 2671 1504 2708 flammeo
1545 2672 1699 2709 Vossius
1729 2674 1797 2709 du-

271 2727 440 2763 bitanter
513 2727 658 2764 ueribus
678 2729 715 2763 in
736 2728 819 2764 foco
839 2728 989 2766 Lacerta
1012 2728 1137 2766 tribuit
1156 2730 1339 2766 ordinatii
1357 2727 1480 2764 tribuit
1501 2728 1646 2764 uerihus
1667 2728 1798 2765 lacerta

269 2783 305 2818 in
338 2783 438 2819 socos
458 2785 568 2831 libri,
599 2787 637 2821 in
658 2786 795 2832 quibus
826 2786 982 2822 Vossius
1010 2787 1072 2823 uel
1101 2787 1138 2822 in
1168 2785 1250 2822 soc-o
1282 2786 1549 2833 corriyendum
1578 2787 1641 2822 uel
1671 2786 1796 2822 delen-

271 2840 357 2876 dum
386 2841 421 2876 in
451 2840 553 2877 socos
582 2843 758 2878 coniecit.
788 2841 922 2878 lacerta
948 2842 1108 2879 stridunt
1135 2842 1294 2879 uerubus
1323 2843 1359 2878 in
1379 2841 1462 2878 foco
1483 2842 1688 2889 Berylcius.
1717 2842 1797 2878 Ad-

270 2898 421 2932 mittunt
447 2899 599 2933 numeri
625 2899 727 2935 bunc
754 2910 904 2946 quoque
937 2901 1124 2936 ordinem.-
1155 2898 1279 2935 tribuit
1308 2897 1344 2934 in
1375 2898 1458 2934 foco
1488 2897 1636 2934 Verihus
1666 2898 1797 2935 lacerta
