1942 3204
234 190 318 232 224
872 168 916 222 1,.
942 189 1119 222 ATTws

354 295 501 337 Sidera
532 294 644 336 binis
677 292 895 336 continuis
928 307 1001 334 sex

236 374 322 416 680
352 371 467 415 Picti
496 372 655 427 spoliis.

864 446 1016 490 XXIII
1037 444 1133 504 (30)

356 561 365 569 .
414 527 550 568 malta
579 527 758 568 inuenta
789 526 1048 581 expertaque
1081 539 1131 566 ex
1161 524 1243 566 1100
1276 526 1378 566 sant
1408 523 1535 566 bonass

877 608 1027 651 XXIV
1061 606 1127 664 (6)

355 687 551 742 Repudio
585 687 720 728 eiecta
751 687 804 728 ab
837 682 979 742 'Argis
1011 686 1098 727 iam
1123 684 1290 743 'dudum
1321 685 1480 727 exsulo.

884 768 1010 811 xxv
1043 766 1109 826 (2)
1357 749 1360 753 ’

355 846 534 889 Ν111111111
567 849 632 889 est
662 847 886 903 ingenium
917 847 1088 888 tantum
1119 859 1258 900 neque
1290 859 1363 886 cor
1392 845 1482 886 tam
1513 845 1670 901 ferum,

357 924 479 973 Quod
511 925 600 977 11611
633 925 826 966 labascat
857 922 1026 984 lingua,
1057 923 1245 964 mitisczit
1275 923 1401 964 malo.

876 1005 1026 1049 XXVI
1057 1004 1124 1063 (1)

238 1085 324 1127 685
355 1084 510 1140 Neque
541 1085 585 1126 ui
615 1086 740 1126 tanta
771 1082 1000 1139 quisquam
1031 1086 1097 1126 est
1127 1098 1265 1139 neque
1296 1085 1386 1125 tam
1424 1082 1649 1125 abundans
1680 1082 1766 1125 for-

1300 1159 1438 1216 tunis,
1468 1161 1589 1202 ferox

818 1244 990 1287 XXVII
1022 1242 1183 1301 (Paris)

356 1321 461 1370 Pars
492 1322 616 1363 frena
646 1324 796 1363 tensae
828 1323 957 1376 atque
989 1321 1054 1363 611
1085 1335 1291 1376 equorum
1323 1321 1662 1363 acc6mmodant.

239 1452 422 1496 peruade’
449 1463 480 1485 8.
511 1463 544 1495 q.
573 1463 601 1486 s.
643 1451 797 1495 ‘polus
823 1452 1022 1493 Graecum,
1054 1451 1093 1483 id
1125 1450 1315 1507 significat
1343 1451 1477 1483 circum
1509 1451 1620 1490 caeli3
1655 1461 1767 1494 quare

239 1499 332 1540 quod
366 1501 422 1530 est
453 1497 655 1541 peruade
687 1497 853 1550 polum,
881 1497 1002 1530 ualet.
1034 1496 1128 1529 uade
1153 1494 1241 1538 περὶ
1265 1492 1393 1529 πόλον.
1436 1496 1574 1540 Signa
1588 1496 1769 1529 dicuntur

244 1544 372 1576 eadem
406 1546 443 1576 et
474 1543 642 1575 sidera:
676 1543 782 1585 signa
814 1542 908 1584 quod
939 1542 1081 1584 aliquid
1113 1541 1417 1584 significe11t‚ut
1447 1541 1543 1574 libra
1575 1542 1770 1584 aequinoc-

238 1590 346 1630 tium3
381 1588 502 1621 sidera
533 1589 659 1631 quasi'
693 1585 829 1631 (quae
862 1588 899 1620 si
923 1587 1008 1620 libri
1039 1587 1204 1630 plerique
1236 1596 1347 1629 quae
1371 1587 1457 1620 Par.
1484 1587 1520 1628 b)
1554 1586 1766 1622 ‘insiduntj

239 1634 493 1667 Prometheum
525 1634 618 1666 haec
649 1643 781 1666 canere
813 1633 976 1675 potuisse
1001 1633 1143 1673 monui,
1176 1635 1212 1665 et
1242 1633 1287 1664 de
1320 1632 1449 1665 eodem
1477 1632 1582 1664 ualet
1613 1642 1767 1674 sequens

241 1679 287 1712 fr.
391 1679 516 1712 XXIII
547 1679 758 1711 Priscianus
783 1679 873 1711 VIII
904 1689 939 1720 p.
966 1679 1031 1711 793
1057 1677 1098 1710 Ρ.
1128 1680 1340 1720 ‘experta
1369 1677 1544 1720 passiue.'
1649 1677 1768 1711 XXIV

239 1724 375 1757 Festus
400 1735 435 1767 p.
461 1725 525 1756 281
552 1725 601 1757 M.
629 1723 886 1766 ‘repudium
914 1723 1064 1757 Verrius
1090 1723 1145 1755 ait
1170 1723 1323 1764 dictum,
1349 1722 1444 1765 quod
1467 1722 1508 1754 fit
1531 1722 1577 1755 ob
1602 1733 1677 1755 rem
1701 1733 1768 1766 pu-

240 1770 424 1802 dendam)
468 1769 523 1801 Ad
554 1769 654 1801 Ionis
687 1768 851 1801 fabulam
883 1768 1021 1801 rettuli.
1137 1768 1238 1800 XXV
1261 1768 1352 1801 Non.
1376 1769 1463 1810 473,
1490 1770 1511 1801 6
1536 1768 1769 1801 ‘labascor

240 1825 304 1857 pro
328 1815 460 1848 labor.’
499 1814 615 1847 Posse
642 1814 687 1846 de
712 1814 931 1846 Prometheo
956 1813 1125 1856 intellegi
1149 1814 1284 1846 monui.
1382 1813 1505 1846 XXVI
1528 1813 1619 1846 Non.
1643 1814 1721 1853 305,
1747 1814 1768 1846 6

242 1860 395 1893 ‘ferox
420 1870 499 1892 sum
522 1859 589 1892 illa
614 1870 653 1893 re
679 1859 813 1892 dieitur
835 1862 894 1892 ut·
918 1858 985 1891 illa
1009 1869 1048 1891 re
1074 1869 1153 1891 sum
1177 1859 1298 1891 fretus
1321 1857 1383 1891 uel
1407 1868 1615 1901 arrogans.

239 1905 378 1939 XXVII
399 1905 493 1940 Non.
519 1906 603 1947 206,
630 1906 671 1937 12
697 1905 870 1938 ‘frenos
971 1907 1100 1937 neutro
1125 1929 1134 1938 .
1170 1904 1338 1936 .Αο01115
1361 1906 1436 1937 ...’

326 2037 406 2075 679
435 2036 529 2073 binis
550 2036 713 2074 Bothius
742 2035 834 2085 bigis
863 2036 954 2073 libri
1040 2035 1119 2072 679
1141 2046 1197 2083 sq.
1228 2035 1409 2072 continuis
1439 2046 1501 2071 sex
1522 2034 1611 2070 Picti
1641 2034 1766 2082 spoliis

241 2096 385 2141 scripsi
403 2094 564 2130 continui
585 2105 624 2130 se
645 2094 740 2141 cepit
760 2093 886 2141 spoliis
907 2093 1016 2129 Flor.
1032 2093 1165 2129 Haun.
1187 2092 1324 2127 contini
1343 2102 1384 2127 se
1404 2092 1499 2139 cepit
1519 2090 1643 2139 spoliis
1662 2091 1768 2130 Goth.

242 2151 404 2187 continui
433 2162 472 2186 se
502 2151 623 2199 coepit
654 2149 778 2198 spoliis
800 2150 895 2187 Par.
919 2161 942 2185 a
974 2149 1156 2198 continuis
1186 2147 1311 2196 spoliis
1340 2159 1380 2183 se
1401 2148 1496 2195 cepit
1516 2148 1610 2184 Par.
1633 2148 1654 2184 b
1684 2158 1770 2183 con-

241 2209 349 2244 tinuis
381 2218 443 2244 sex
473 2208 546 2255 apti
576 2207 690 2255 signis
722 2205 898 2254 Scaliyer
928 2205 1109 2242 continuis
1139 2216 1203 2241 sex
1233 2205 1307 2252 apti
1335 2203 1461 2253 spoliis
1492 2205 1654 2241 Boikius
1683 2214 1768 2240 con-

241 2265 350 2300 tinuis
382 2275 444 2300 sex
465 2263 594 2300 Addita
614 2264 727 2311 signis
753 2262 794 2299 0.
818 2262 1032 2300 Muellerus
1061 2266 1159 2298 cont.
1182 2273 1212 2297 5.
1235 2262 1349 2310 saepti
1370 2272 1424 2309 sp.
1450 2262 1536 2298 olim
1557 2261 1765 2297 edideram.

242 2320 300 2367 Cf.
335 2322 522 2358 Varronis
552 2324 625 2357 sat.
652 2331 693 2366 p.
720 2319 798 2357 118
822 2319 869 2356 R.
900 2321 939 2355 in
968 2319 1088 2355 Probi
1115 2319 1168 2355 ad
1197 2318 1305 2366 Very.
1334 2319 1402 2354 ecl.
1437 2316 1494 2354 VI
1509 2317 1559 2354 31
1577 2329 1619 2364 p.
1645 2317 1718 2364 18,
1741 2316 1765 2354 5

241 2377 290 2413 Is.
315 2379 605 2414 commentario:
635 2375 765 2412 limbus
796 2377 914 2424 pictus
944 2374 999 2411 bis
1021 2386 1083 2411 sex
1104 2375 1217 2423 signis
1238 2373 1584 2419 stellumicantibu83
1616 2373 1766 2411 Seneca

240 2436 280 2470 in
305 2434 466 2482 Thyeste
496 2446 533 2470 u.
556 2433 658 2470 836:
689 2437 725 2469 et
754 2443 846 2481 uaga
876 2433 962 2481 picti
994 2430 1111 2468 sidera
1140 2430 1275 2467 mundi.
1365 2430 1443 2467 681
1475 2430 1640 2467 Praeire
1661 2440 1766 2478 quam

241 2492 303 2526 uel
334 2502 414 2527 nam
444 2492 506 2527 uel
535 2490 623 2526 mihi
649 2494 805 2536 poterat
937 2490 1082 2525 inuenta
1113 2487 1224 2524 muita
1254 2488 1416 2524 Bothius
1547 2487 1766 2535 inuentaque

242 2547 415 2584 Karolir.
503 2546 583 2584 683
609 2546 747 2582 nullum
768 2546 872 2582 Leid.
894 2545 1029 2585 Bamb.
1061 2556 1134 2581 non
1155 2543 1293 2580 nullum
1316 2545 1438 2580 ceteri
1453 2544 1542 2580 libri
1559 2554 1632 2579 non
1653 2542 1765 2578 ullum

243 2604 300 2640 ed.
317 2615 399 2652 pr,⁷
430 2603 594 2641 Rothius
680 2607 751 2639 tam
781 2614 925 2651 asprum
945 2603 990 2639 L.
1011 2602 1176 2638 Mueller
1196 2612 1287 2637 ann.
1306 2601 1455 2648 pbiloll.
1481 2599 1587 2636 1867
1603 2611 1646 2646 p.
1669 2598 1765 2635 494.

243 2659 381 2697 Melius
411 2661 483 2697 erit
512 2665 583 2696 tam
614 2659 746 2705 altum,
778 2661 813 2695 si
840 2660 933 2707 quid
959 2660 1104 2696 mutari
1132 2659 1249 2695 uoles.
1368 2655 1448 2694 684
1478 2655 1632 2692 labascat
1663 2655 1765 2692 Seri-

243 2719 376 2754 uerius
405 2716 560 2753 labescat
590 2716 727 2752 Bamb.
759 2715 961 2752 labascatur
991 2717 1112 2752 ceteri
1138 2715 1229 2751 libri
1339 2712 1419 2759 686
1449 2723 1532 2760 pars
1563 2712 1765 2748 Mercerus

242 2774 318 2822 pari
346 2773 436 2810 libri
456 2775 637 2822 plerique
666 2784 754 2821 pary
784 2772 830 2808 W
953 2777 1075 2809 tensae
1104 2776 1213 2819 atque
1243 2770 1297 2806 ori
1326 2771 1469 2816 scripsi
1502 2769 1636 2805 tesauri
1663 2769 1762 2816 libri,

243 2831 313 2867 sed
340 2830 362 2866 h
393 2840 596 2877 suprascr.
626 2830 730 2866 Leid.
763 2834 857 2866 tersa
888 2829 942 2865 ori
971 2828 1176 2866 Mereerus
1205 2832 1303 2864 texta
1332 2837 1420 2863 auro
1459 2825 1513 2862 ori
1544 2826 1706 2863 Bothius

244 2885 502 2924 acconmodant
531 2887 620 2924 libri
