1942 3204
282 207 366 249 268
599 209 665 241 EX
689 209 916 243 INCER'I'IS
941 208 1262 243 INCERTORVM
1286 207 1492 242 FABVLIS

887 312 1073 356 CXVIII
1105 310 1201 370 (40)

282 390 368 432 215
400 389 482 432 Sed
514 390 599 433 iam
631 405 674 432 se
707 391 823 433 caelo
857 391 1010 433 cedens
1042 389 1212 433 Aurora
1243 390 1431 433 obstinet

401 466 534 509 Suum
565 470 743 523 patrem.
875 500 881 506 .
1194 518 1197 520 ‚

910 544 1050 587 CXIX
1084 542 1180 602 (53)

400 621 545 676 Liber,
577 621 649 676 qui
681 623 865 677 angust-a
896 622 1001 664 haec
1032 623 1127 664 loca
1159 620 1431 677 Cithaeronis
1464 622 1568 665 colis
1633 616 1639 620 ’

985 709 1103 753 CXX

460 786 615 842 Rapite
647 787 763 843 agite
793 787 903 830 ruite
936 789 1207 844 celeripedes!

972 864 1113 907 CXXI

399 939 517 983 Iouis
551 943 765 983 sacratum
796 942 861 984 itis
893 943 1122 985 iurandum
1154 943 1346 999 segmine

960 1019 1123 1062 CXXII

279 1096 365 1137 220
862 1097 1060 1139 frondem
1092 1113 1140 1139 ac
1172 1098 1298 1140 flores
1331 1097 1511 1153 addidit,

395 1162 669 1228 Noirliinas,
701 1173 773 1215 sed
806 1175 969 1216 uel-titas
1001 1173 1226 1217 frondenti
1255 1189 1398 1217 comas

880 1250 1066 1293 CXXIII
1099 1251 1195 1309 (23)

399 1325 539 1383 [Atos]
573 1327 619 1369 in
650 1329 903 1370 cornuzitam
933 1330 1103 1371 tauram
1134 1324 1332 1371 umbram
1363 1330 1476 1372 iacit.

367 1457 521 1490 CXVIII
547 1459 683 1490 Festus
708 1469 742 1500 p.
770 1460 833 1494 197
859 1459 917 1492 Μ..
938 1460 1165 1492 ‘obstin-et
1195 1458 1367 1492 dicebant
1390 1459 1554 1502 antiqui,
1586 1460 1681 1503 quod
1705 1471 1801 1494 nunc

276 1505 333 1535 est
357 1502 539 1543 ostendit,
564 1503 672 1535 utin
697 1504 934 1536 ueteribus
959 1504 1256 1537 carminibus:
1284 1504 1360 1537 sed
1385 1505 1488 1536 iam‘
1515 1516 1545 1538 e.
1573 1515 1606 1548 q.
1633 1517 1663 1541 s.

275 1547 391 1580 CXIX
409 1548 585 1590 Apuleius
603 1547 737 1580 Florid.
758 1549 881 1581 XVIII
907 1552 969 1581 ‘ut
994 1549 1056 1582 ille
1082 1550 1264 1592 tragicus,
1291 1549 1406 1592 quiin
1424 1549 1570 1583 theatro
1589 1550 1662 1594 dici
1686 1552 1799 1584 facit:

275 1593 435 1626 Liber’
463 1604 494 1625 e.
514 1604 547 1635 q,
565 1604 593 1627 S.
627 1594 682 1626 De
707 1594 863 1628 Bacchis
890 1595 927 1626 in
952 1592 1106 1627 Pacuuii
1131 1595 1292 1637 Antiopa
1316 1595 1492 1637 cogitaui.
1586 1596 1683 1628 CXX
1708 1596 1801 1630 Cen-

274 1639 416 1670 sorinus
441 1638 571 1680 fragm.
597 1649 626 1671 0.
654 1639 694 1671 15
719 1650 753 1680 p.
778 1640 822 1672 98
847 1640 950 1673 Iahn.
975 1638 1078 1681 (2727
1105 1638 1159 1681 Ρ.)
1185 1639 1428 1682 ‘pyrrichium
1454 1641 1623 1683 rapite’
1650 1652 1682 1674 e.
1707 1652 1744 1684 q.
1769 1648 1799 1675 s.'

274 1682 331 1715 Cf.
357 1683 500 1723 Pacuui
523 1684 595 1716 inc.
622 1683 697 1718 fab,
721 1684 784 1719 IV.
885 1684 1000 1718 CXXI
1025 1686 1163 1718 Festus
1187 1697 1221 1727 p.
1249 1686 1313 1718 321
1339 1685 1387 1718 Μ.
1414 1687 1638 1729 ‘sagmina
1662 1697 1812 1731 uocan—¹

273 1732 334 1760 tur
357 1729 561 1770 uerbenae,
593 1728 631 1760 id
657 1732 714 1761 est
738 1729 874 1762 herbae
900 1740 1029 1772 purae,
1060 1731 1146 1772 quia
1177 1741 1221 1763 ex
1249 1730 1328 1763 loco
1354 1734 1483 1764 sancto
1509 1732 1731 1765 arcebantur
1755 1750 1799 1756 ·-

274 1791 317 1795 -
348 1773 409 1805 uel
442 1784 463 1805 a
495 1774 711 1815 sanciendo,
750 1774 788 1806 id
821 1778 878 1808 est
908 1775 1164 1810 confirmando.
1219 1776 1432 1809 Naeuius:
1465 1777 1534 1809 ius
1571 1780 1799 1811 sacratum

272 1819 396 1851 Iouis
427 1818 663 1852 iurandum
695 1820 926 1862 sagmine.’
973 1820 1112 1854 Paulus
1144 1832 1177 1863 p.
1203 1823 1269 1854 320
1293 1820 1342 1855 Μ.
1374 1822 1599 1863 ‘sagmina
1624 1823 1800 1856 dicebant

272 1863 407 1896 herbas
434 1864 636 1905 uerbenas,
669 1866 754 1906 quia
787 1876 831 1898 ex
862 1865 943 1899 loco
968 1869 1098 1899 sancto
1124 1867 1348 1899 arcebantur
1446 1866 1506 1899 uel
1539 1878 1561 1899 a
1585 1867 1806 1910 sanciendo,¹

271 1909 309 1940 id
337 1912 391 1941 est
417 1909 676 1946 confirmando.
723 1910 903 1944 Naeuius:
935 1921 1065 1954 scopas
1097 1914 1207 1953 atque
1237 1911 1419 1944 uerbenas
1444 1912 1612 1954 sagmina
1636 1923 1797 1955 sumpse-

272 1957 382 1986 runt.’
424 1954 527 1986 Vnde
553 1956 670 1987 nostri
690 1955 821 1988 'uersus
846 1959 1035 1990 auctorem
1058 1956 1238 1989 incertum
1263 1956 1342 1988 fieri
1365 1956 1550 1990 intellexit
1573 1957 1617 1990 O.
1641 1958 1795 1990 Muelle-

273 2009 350 2037 rus,
376 1999 471 2031 idem
497 2001 634 2032 senarii
659 2010 827 2033 numeros
852 2001 1025 2034 restituit.
1072 2001 1240 2043 Nugatur
1265 2004 1385 2034 autem
1410 2002 1676 2035 Klussmannus
1701 2013 1735 2045 p.
1753 2004 1796 2036 75

340 2043 475 2077 CXXII
494 2045 648 2078 CXXIII
665 2046 781 2078 Varro
798 2046 842 2078 de
860 2046 882 2078 1.
900 2047 943 2082 L,
961 2047 1030 2080 VII
1047 2048 1091 2079 24
1108 2046 1248 2080 ‘dictas
1266 2050 1421 2090 apparet
1442 2047 1624 2080 infulatas
1641 2047 1795 2089 hostias,

273 2089 367 2131 quod
391 2089 619 2133 uelamenta,
650 2090 707 2123 his
733 2101 751 2122 e
777 2090 863 2123 lana
889 2102 983 2134 quae
1009 2091 1204 2132 adduntur,
1230 2091 1383 2127 infulae,
1422 2092 1551 2134 itaque
1576 2095 1652 2124 tum
1678 2093 1795 2136 quod

271 2134 324 2166 ad
351 2135 604 2177 sepulcrum
653 2136 820 2170 ferunt:
848 2136 1068 2180 frondem’
1095 2147 1126 2172 e.
1153 2147 1184 2179 q.
1213 2146 1240 2169 s.
1289 2134 1498 2180 ‘[CXXIII]
1533 2136 1655 2170 dicere
1682 2148 1794 2181 appa-

213 2180 216 2183 ’
271 2182 328 2211 ret
358 2184 620 2213 cornuatam
653 2191 675 2213 a
707 2181 888 2214 cornibus.
935 2192 1075 2214 cornua·
1098 2193 1120 2214 a
1157 2191 1310 2214 curuore
1341 2181 1458 2223 d-icta,
1490 2182 1585 2224 quod
1617 2182 1793 2226 pleraque

271 2227 411 2257 curua)
444 2224 547 2266 (non
571 2226 719 2258 lanas.
744 2226 844 2259 ideo
862 2227 1058 2259 Naeuius
1084 2227 1164 2259 ait:
1190 2226 1265 2259 sed
1290 2226 1472 2259 uelatas
1500 2227 1525 2259 f.
1543 2237 1573 2260 0.
1593 2228 1671 2261 eod.
1691 2227 1793 2270 Lips.

271 2272 308 2302 et
341 2269 400 2302 ed.
425 2270 553 2312 princ.)
595 2270 653 2305 Cf.
684 2271 918 2304 Hei-mannus
947 2272 985 2303 in
1013 2272 1138 2314 Eurip.
1163 2266 1299 2306 Alcest.
1325 2283 1360 2314 p.
1385 2272 1481 2307 XIX.
1521 2272 1564 2305 In
1590 2272 1633 2305 fr.
1658 2272 1794 2306 CXXII

271 2315 437 2348 Orestem
461 2315 639 2358 intellego
664 2317 726 2359 qui
750 2317 865 2358 patris
883 2316 1112 2358 sepulchrum
1130 2317 1204 2350 suis
1223 2317 1405 2349 cincinnis
1426 2318 1590 2350 ornauit:
1618 2317 1662 2352 cf.
1683 2318 1791 2361 Soph.
1840 2352 1846 2355 ,

270 2360 406 2393 Ele-etr.
423 2361 490 2393 894
507 2371 581 2403 sqq.
601 2362 718 2395 Versu
737 2361 891 2394 CXXIII
908 2361 950 2395 Ο.
968 2362 1147 2395 Muellero
1164 2362 1356 2395 uidebatur
1374 2362 1535 2402 Graecus
1553 2363 1612 2395 hic
1631 2364 1792 2396 redditus

383 2490 464 2528 215
496 2491 814 2539 Septenariorum
839 2494 974 2540 frusta
1013 2495 1098 2530 olim
1131 2494 1407 2541 iudicuueram.
1497 2493 1605 2531 -217
1636 2499 1790 2543 angusta

267 2548 388 2584 Laur.
495 2549 668 2585 ciceronis
700 2549 807 2586 scolis
838 2551 934 2587 idem
1069 2549 1148 2587 219
1179 2549 1274 2586 louis
1305 2554 1480 2586 sacratum
1514 2552 1571 2587 ius
1601 2550 1789 2587 iurandum

272 2604 313 2641 Ο.
335 2604 548 2642 Muellerus
576 2606 631 2641 ius
663 2611 839 2642 sacratum
870 2606 965 2642 louis
997 2606 1185 2643 iurandum
1217 2607 1323 2655 cod..
1415 2606 1497 2645 220
1526 2607 1625 2643 addit
1654 2607 1787 2651 Haun.

353 2660 432 2697 221
464 2661 647 2698 frondenti
678 2661 911 2709 (scilqeoma)
941 2665 1083 2710 scripsi
1101 2662 1303 2699 frondentis
1323 2663 1413 2699 libri
1498 2662 1577 2700 222
1609 2663 1697 2702 Atos
1719 2676 1788 2701 om.

265 2718 356 2753 libri
439 2718 474 2753 in
504 2723 712 2754 cornuatam
743 2724 878 2755 tauram
913 2718 953 2755 Ο.
977 2718 1189 2756 Muellerus
1218 2730 1352 2755 cornua
1389 2724 1528 2756 taurum
1556 2720 1647 2756 libri
1667 2721 1788 2767 pleri-

267 2784 340 2820 que
361 2785 494 2810 cornua
514 2779 700 2811 taurorum
725 2776 816 2812 Par.
839 2788 862 2812 α
892 2781 1042 2812 cornuat
1062 2787 1186 2812 aurum
1209 2776 1385 2824 Scaliyer
1404 2781 1611 2812 cornuatam
1631 2778 1715 2814 cod.
1739 2778 1788 2824 B,

268 2831 369 2876 quod
397 2832 482 2867 olim
506 2833 680 2878 praetuli
752 2833 835 2869 ‘iaci
864 2833 953 2869 libri
981 2832 1082 2880 iacit,
1112 2833 1207 2869 icere
1236 2837 1337 2880 paret
1368 2835 1572 2880 assumptis
1604 2833 1789 2871 Varronis

267 2885 383 2922 dicere
412 2893 559 2936 apparet
590 2888 764 2937 Scccliyer
