1942 3204
823 204 864 237 L.
890 202 1066 239 A'r‘rlvs
1628 202 1708 244 195

823 309 932 353 x111
964 308 1062 367 (15)

289 386 405 431 Cane
437 387 648 431 lsissitudo
680 388 895 444 poplitum
929 384 1085 445 [tuum]
1119 389 1291 429 cursum
1323 386 1449 429 leuet.

819 482 926 526 X1v
959 480 1057 539 (13)

291 559 503 604 Lab6rem
534 563 611 604 aut
640 561 810 604 minuat
840 559 972 603 itiner
1002 561 1246 617 ingressum
1278 560 1385 602 uiae,

846 655 929 699 XV
964 654 1033 714 (9)

290 734 371 785 Qui
403 732 504 791 orit,
536 735 609 791 qui
640 749 730 777 non
762 749 830 777 me
862 735 1088 791 apomens,
1119 733 1303 776 incilfins
1335 733 1523 789 probris,

290 810 498 855 Sermone
528 812 785 855 indecorans
817 812 935 868 turpi
964 812 1084 855 fama
1115 810 1313 854 differet?

830 906 938 951 XVI
969 905 1038 965 (5)

170 985 258 1028 460
288 983 411 1028 'Erat
441 985 552 1028 istuc
585 984 729 1041 uirile,
759 987 872 1028 ferre
903 985 1135 1028 adu6rsam
1165 985 1388 1028 fortunium
1419 983 1546 1031 facul.
1575 1027 1577 1029 ,

170 1129 254 1171 461
826 1081 956 1125 XVII
989 1079 1057 1139 (6)

169 1189 258 1231 462
289 1156 432 1215 Frigit
461 1160 690 1202 fricantem
717 1160 872 1216 corpus
904 1160 1029 1202 acula
1049 1159 1214 1202 occulte
1234 1159 1436 1202 abstrusa
1455 1159 1501 1200 in
1521 1158 1708 1201 flumine.

503 1342 508 1348 ¹
577 1284 761 1329 MINOS
794 1286 884 1328 siue
916 1283 1308 1340 MINOTAVRVS

287 1367 369 1411 'Ex
399 1370 628 1427 taurigeno
661 1370 823 1412 somine
855 1371 996 1412 ortam
1026 1367 1161 1411 fuisse
1193 1383 1250 1411 an
1280 1368 1473 1411 human6
1506 1369 1644 1411 feram

172 1510 302 1542 rysace
333 1525 341 1532 .
364 1526 371 1533 .
392 1525 400 1533 .
430 1501 524 1534 idem
550 1500 740 1544 Meleagro
771 1526 778 1534 .
800 1526 807 1534 .
828 1502 857 1533 .’
973 1500 1064 1534 XIII
1089 1500 1182 1536 Non.
1208 1501 1293 1541 336,
1318 1501 1362 1533 28
1386 1499 1569 1533 ‘leuare
1596 1502 1709 1533 etiam

173 1546 365 1582 minuere.’
482 1547 566 1580 XIV
591 1547 683 1582 Non.
708 1548 794 1589 482,
819 1548 862 1580 27
896 1547 1064 1580 ‘itiner
1092 1546 1228 1579 dictum
1260 1556 1325 1588 pro
1351 1546 1423 1579 iter
1453 1571 1460 1578 .
1482 1571 1489 1578 .
1509 1571 1518 1579 .
1539 1571 1548 1578 .
1575 1546 1711 1579 Accius

171 1590 360 1624 Oenomao
384 1617 391 1624 .
411 1616 420 1625 .
442 1616 450 1623 .
474 1591 567 1624 idem
592 1592 782 1635 Meleagro
804 1617 813 1625 .
833 1617 842 1625 .
865 1595 894 1626 .’
1012 1591 1077 1624 XV
1101 1591 1194 1624 Non.
1222 1592 1303 1632 124,
1328 1592 1372 1624 32
1404 1591 1627 1625 ‘incilare
1655 1596 1712 1624 est

172 1636 367 1679 increpare
392 1636 455 1670 uel
480 1638 704 1680 inprobare)
798 1638 884 1671 XVI
901 1638 995 1671 Non.
1016 1638 1095 1675 111,
1114 1638 1158 1670 23
1183 1636 1329 1670 ‘facul
1354 1647 1419 1680 pro
1447 1637 1613 1670 faciliter
1635 1662 1644 1671 .
1659 1663 1667 1670 .
1682 1639 1712 1670 .’

263 1682 370 1715 xvn
394 1682 487 1715 Non.
512 1684 598 1726 308,
624 1684 645 1716 9
671 1682 769 1725 (uide
791 1681 858 1725 IV)
974 1682 1198 1716 Coniectura
1228 1681 1286 1715 his
1310 1682 1399 1716 addi
1423 1682 1513 1716 licet
1538 1683 1611 1716 inc.
1637 1683 1709 1716 inc.

173 1727 250 1761 fab.
276 1727 359 1760 CXI
385 1730 423 1761 et
448 1727 582 1761 cxm.

263 1772 511 1807 Mmonvuvs
537 1773 749 1807 Priscianus
775 1774 825 1807 v1
851 1785 885 1817 p.
910 1775 975 1807 677
1001 1773 1042 1808 Ρ.
1071 1773 1333 1817 ‘caprigenus‚
1359 1773 1586 1816 terrigenas,
1612 1777 1712 1806 tau-

174 1818 360 1860 rigenus
388 1844 398 1852 .
418 1843 455 1853 ..
486 1820 620 1853 Accius
645 1821 683 1853 in
708 1820 805 1853 Ioe:
829 1822 896 1853 ex’
923 1830 954 1852 e.
979 1830 1012 1863 q.
1040 1831 1069 1854 s.
1109 1818 1288 1862 (Actius
1320 1818 1430 1854 Halb.
1525 1819 1568 1851 in
1596 1820 1710 1852 .1.oe

174 1864 282 1897 Bern.
309 1863 458 1898 Minoe
487 1864 636 1907 Dresd.)
671 1865 881 1898 Macrobius
906 1865 985 1899 Sat.
1013 1865 1064 1899 VI
1088 1866 1128 1908 5,
1157 1866 1198 1897 14
1229 1865 1566 1908 ‘caprigenumque
1597 1875 1710 1907 pecus

256 1909 391 1944 Accius
415 1910 453 1943 in
478 1909 690 1944 Philocteta
791 1910 887 1944 idem
912 1911 951 1943 in
975 1910 1235 1943 Minotauro
1257 1912 1333 1944 ...’

173 2067 309 2116 uulyo,
340 2063 616 2104 Lachmannus
645 2068 683 2103 in
712 2066 831 2103 Lucr.
874 2066 926 2105 VI
956 2062 1068 2114 743,'
1089 2068 1157 2116 qui
1183 2066 1329 2104 hiatum
1359 2066 1530 2114 defendit
1561 2065 1620 2103 ubi
1652 2066 1710 2103 ubi

173 2129 297 2161 tori-us
317 2123 358 2161 L.
382 2123 546 2162 Mueller
574 2124 622 2161 de
641 2134 687 2160 re
707 2136 754 2161 m.
777 2123 832 2162 30
947 2123 1030 2162 455
1061 2129 1124 2160 aut
1151 2119 1265 2174 unde]
1297 2123 1428 2160 animi?
1459 2123 1554 2160 unde
1582 2125 1710 2161 malim

174 2185 334 2217 actutum
357 2183 458 2218 coni.
477 2181 733 2230 Kiesslinyius
819 2180 902 2219 456
923 2180 1104 2230 poplitum
1125 2182 1209 2218 edd.
1230 2180 1348 2230 poplit
1367 2181 1461 2217 libri
1517 2185 1618 2217 tuum
1641 2193 1710 2218 om.

172 2237 262 2274 libri
365 2236 446 2275 457
476 2236 636 2274 lahorem
669 2238 824 2275 Vossius
853 2236 976 2275 labore
1005 2238 1094 2275 libri
1190 2237 1358 2286 ingresso
1390 2237 1546 2274 Vossius
1634 2238 1711 2274 uine

185 2294 341 2331 Vossius
369 2295 427 2331 uia
445 2295 537 2332 libri
649 2292 744 2341 458,
764 2294 825 2344 qui
857 2295 904 2331 rit
925 2295 1029 2332 Leid.
1062 2297 1144 2344 quis
1174 2295 1243 2331 erit
1273 2295 1396 2331 ceteri
1423 2294 1513 2331 libri
1626 2293 1708 2332 459

174 2349 315 2388 differet
335 2348 474 2388 Iunius
504 2350 667 2388 differret
683 2351 774 2389 libri
867 2350 951 2391 460
971 2352 1066 2390 istuc
1097 2351 1199 2389 uirile
1233 2351 1405 2397 Vossius,
1437 2351 1711 2388 Lachmannus

174 2409 213 2444 in
244 2407 361 2445 Lucr.
393 2407 462 2445 111
487 2406 573 2446 400
602 2407 708 2445 uirile
739 2409 835 2445 istuc
862 2409 954 2446 libri
1050 2409 1318 2446 Buecheler-us
1353 2409 1452 2445 haec
1492 2408 1569 2444 erint
1607 2407 1710 2444 uirile

174 2463 287 2508 istoc,
318 2464 507 2502 mluorsam
538 2463 633 2502 serre
663 2464 687 2502 s.
720 2465 744 2502 s.
771 2465 956 2514 praefert
1061 2465 1143 2503 461
1174 2477 1230 2514 sq.
1264 2465 1366 2514 frigit
1394 2465 1499 2511 libri,
1542 2466 1646 2513 quod
1673 2467 1709 2501 in

174 2522 283 2570 erigit
313 2526 464 2559 mutare
485 2518 555 2571 (cf.
576 2519 678 2572 443)
699 2533 775 2560 non
806 2524 929 2560 ausim
1016 2522 1100 2560 462
1121 2521 1299 2571 fricatque
1329 2532 1462 2571 corpus
1496 2522 1648 2559 Vossius

175 2577 274 2614 acula
294 2580 439 2626 scripsi
456 2589 582 2616 acuum
611 2579 703 2616 libri
730 2584 890 2616 actutum
913 2580 1051 2617 Iunius
1071 2582 1110 2616 in
1131 2591 1203 2628 my.
1235 2584 1351 2616 atrum
1386 2579 1539 2616 Vossius
1567 2583 1710 2614 acutum

176 2636 264 2671 olim
285 2636 433 2673 conieci
510 2635 658 2679 ,occulte
678 2635 847 2673 abstruso
866 2637 959 2674 libri
986 2635 1170 2683 abstruso,
1201 2637 1324 2673 deleto
1346 2634 1499 2681 occulte,
1534 2635 1710 2672 Bothius.

261 2692 353 2729 Fuit
382 2704 468 2730 cum
488 2693 588 2730 haec
617 2691 727 2742 erigit
748 2693 933 2730 fricfiutcm
955 2703 1088 2742 corpus
1109 2693 1233 2730 sbxum
1259 2691 1465 2728 abstrusum
1498 2692 1532 2727 iu
1565 2690 1711 2727 mimine

175 2749 348 2786 luderem
435 2748 517 2787 463
549 2760 591 2786 ex
622 2760 694 2787 om.
714 2750 940 2788 Macrobius
1026 2755 1146 2787 ortum
1177 2749 1402 2786 Macrobius
1440 2753 1555 2783 ortam
1573 2759 1711 2784 *tuat*

178 2816 199 2842 *
219 2804 331 2842 ruisse
351 2806 468 2843 Halb.
490 2806 688 2843 Prisciani
772 2806 885 2844 fuisse
916 2819 986 2844 om.
1018 2807 1113 2844 Par.
1136 2807 1247 2854 Anyl.
1278 2804 1416 2840 Salisb.
1441 2804 1540 2840 Med.
1572 2816 1596 2840 a
1625 2803 1709 2840 Ma-

179 2862 300 2898 crobii
378 2873 422 2900 an
453 2862 609 2900 humano
632 2863 742 2900 sci-nm
773 2866 932 2901 conieci.
964 2874 1008 2900 an
1041 2863 1218 2908 humano,
1250 2873 1320 2898 om.
1353 2860 1484 2907 seram,
1517 2861 1714 2897 Prisciani

182 2918 275 2967 qu.
296 2930 343 2955 m.
370 2918 403 2965 1,
427 2918 651 2958 Macrobius
680 2931 756 2956 eam
787 2932 831 2957 nn
857 2920 1012 2957 humano
1035 2920 1144 2957 Grul.
1168 2918 1366 2954 Prisciani
1393 2929 1435 2953 an
1458 2917 1614 2953 humano
1634 2928 1710 2954 eam

1358 2994 1424 3028 13*
