1942 3204
269 193 348 235 186
910 193 1153 227 L.·A'1¹T1VS

741 297 983 341 HECVBA
1034 297 1331 352 vau1t198

876 373 1189 417 HELLENES

972 446 993 488 Ι
1026 444 1092 503 (1)

387 518 486 574 Qui,
517 516 602 560 nisi
634 518 857 574 probrum,
891 518 1034 560 omnia
1066 517 1150 560 alia
1181 516 1383 559 indelicta
1416 517 1656 559 aestimant.

268 667 354 710 385
387 665 522 724 Signa
559 667 771 723 extemplo
811 668 962 709 canere
1007 680 1055 709 ac
1092 667 1179 708 tela
1217 666 1270 708 ob
1315 665 1485 708 moenia
1522 665 1672 708 offerre
1715 663 1792 707 1'm-
1849 659 1856 667 ’

1335 745 1467 799 perat.

389 952 620 1008 Custodem
653 953 877 995 adsiduum
908 953 1004 994 Ioni
1037 952 1237 1008 adposuit
1267 950 1439 1009 uirgini.

963 1029 1007 1071 11
1041 1028 1107 1087 (3)

389 1101 577 1158 Topper,
608 1103 657 1144 ut
687 1102 753 1158 fit,
784 1102 919 1158 patris
951 1104 994 1143 te
1026 1101 1150 1143 eiecit
1180 1099 1245 1142 fra
1278 1135 1455 1142 .....

271 1222 315 1238 „ff
948 1178 1015 1221 111
1048 1176 1114 1235 (1)

269 1222 353 1263 088
629 1252 636 1258 -
965 1249 977 1261 Ι
1248 1250 1259 1261 Ι
1412 1249 1419 1256 .

269 1281 353 1323 339
388 1284 395 1292 .
447 1284 454 1291 .
507 1285 513 1292 .
567 1251 824 1307 qmbusnam
858 1253 900 1293 te
934 1251 1085 1293 albant
1117 1252 1309 1292 exortam
1339 1249 1473 1291 loels‘?

360 1366 566 1402 Humanas
590 1367 608 1402 1
638 1370 773 1403 Festus
798 1380 832 1412 p.
858 1371 924 1403 229
948 1369 996 1402 Μ.
1030 1368 1275 1411 ‘probrum‚
1308 1370 1490 1410 stuprum,
1522 1367 1721 1409 flagitium,
1753 1369 1795 1399 ut

267 1414 400 1448 Accius
423 1415 462 1448 in
487 1414 723 1449 Hellenibus:
751 1415 833 1458 qui’
860 1426 890 1450 e.
916 1426 948 1458 q.
974 1425 1002 1450 s.
1118 1414 1155 1447 II
1184 1413 1319 1446 Festus
1342 1424 1377 1455 p.
1405 1413 1469 1445 145
1493 1412 1541 1446 M.
1575 1412 1789 1454 ‘moenia‚

267 1461 379 1502 muri,
407 1463 444 1492 et
471 1463 597 1493 cetera
621 1460 840 1493 muniendae
865 1461 967 1493 urbis
992 1459 1114 1502 gratia
1139 1459 1261 1501 facta,
1288 1461 1330 1490 ut
1346 1458 1475 1490 Accius
1499 1457 1538 1489 in
1554 1457 1791 1491 Hellenibus:

270 1506 399 1548 signa’
427 1515 458 1539 e.
487 1515 520 1548 q.
548 1515 576 1541 s.
670 1505 726 1538 Cf.
753 1506 822 1538 inc.
848 1505 923 1541 fab,
950 1505 1051 1538 XIII.

357 1552 398 1584 Io
445 1550 464 1583 I
480 1551 693 1584 Priscianus
711 1552 760 1584 VI
780 1562 811 1593 p.
830 1552 896 1584 685
915 1551 954 1583 P.
983 1551 1036 1582 ‘in
1054 1561 1073 1583 o
1091 1550 1305 1593 productam
1323 1548 1533 1582 desinentia
1550 1547 1692 1581 Graeca
1709 1550 1795 1580 sunt

270 1597 449 1628 feminina
474 1600 510 1629 et
534 1596 594 1629 uel
618 1595 756 1629 Graece
775 1596 1006 1629 declinantur
1029 1598 1070 1628 ut
1087 1597 1214 1628 Manto
1239 1595 1387 1626 Mantus
1411 1618 1418 1626 .
1434 1617 1441 1626 .
1456 1619 1464 1626 .
1487 1593 1546 1626 uel
1571 1593 1700 1626 addita
1725 1593 1794 1625 nis

270 1642 414 1674 faciunt
439 1643 670 1684 genetiuum,
695 1645 734 1673 ut
758 1641 851 1674 Dido
876 1641 1044 1675 Didonis,
1092 1641 1245 1674 Accius:
1276 1638 1485 1672 custodem’
1511 1649 1544 1671 e.
1569 1649 1603 1681 q.
1628 1649 1655 1671 s.
1687 1638 1793 1678 (Ac—

270 1687 365 1719 cius
391 1687 435 1718 in
459 1687 500 1719 io
512 1697 559 1719 ae
584 1685 710 1728 Bern.)
758 1687 858 1719 Idem
882 1686 990 1729 paulo
1016 1688 1116 1729 post:
1151 1685 1261 1728 ‘quod
1286 1687 1408 1717 autem
1432 1683 1532 1717 Ionis
1557 1687 1596 1717 et
1619 1683 1794 1726 Calypso-

268 1733 324 1764 nis
351 1735 388 1765 et
413 1731 567 1764 Didonis
592 1732 739 1772 dicitur,
765 1732 926 1765 ostendit
950 1732 1018 1764 hoc
1044 1732 1157 1764 etiam
1181 1730 1386 1764 Caesellius
1411 1729 1555 1762 Vindex
1579 1754 1586 1761 .
1602 1754 1609 1761 .
1625 1754 1632 1761 .
1662 1729 1793 1761 Accius

269 1779 305 1809 iu
330 1778 438 1810 Ione:
466 1777 673 1810 custodem’
692 1788 721 1811 e.
742 1789 773 1820 q.
794 1788 823 1812 Β.
858 1776 1034 1818 (Alcius
1052 1776 1162 1819 Sang.
1180 1776 1338 1810 Karolir.
1363 1775 1519 1807 Attius
1542 1774 1580 1807 in
1602 1773 1658 1807 lit.
1684 1773 1794 1807 Halb.
1810 1799 1818 1805 .

358 1823 463 1855 lone
490 1823 633 1855 Veneta
661 1825 677 1855 1
703 1823 775 1855 ioe
801 1822 898 1864 libri)
948 1822 1138 1855 Charisius
1162 1822 1180 1854 1
1205 1833 1238 1864 p.
1263 1823 1306 1854 47
1331 1820 1371 1853 Ρ.
1402 1819 1529 1852 ‘huius
1553 1819 1672 1852 Didus
1703 1819 1793 1862 Sap-

268 1868 359 1910 phus
383 1869 483 1902 Inus.
533 1868 604 1901 Sed
634 1865 764 1901 melius
796 1871 896 1900 esset
929 1868 1124 1900 secundum
1151 1863 1321 1899 Latinam
1353 1865 1654 1898 consuetudinem
1685 1864 1793 1896 huius

269 1913 488 1956 Sapphonis,
514 1913 670 1946 Didonis
695 1913 827 1947 dicere.
860 1913 951 1945 Nam
979 1916 1014 1945 et
1039 1913 1224 1945 Pacuuius
1248 1912 1300 1944 sic
1317 1910 1480 1943 declinat
1503 1935 1511 1941 .
1526 1934 1533 1941 .
1549 1934 1557 1943 .
1588 1913 1624 1942 et
1639 1909 1791 1942 Accius:

269 1958 476 1991 custodem’
506 1970 538 1992 e.
564 1969 597 2001 q.
624 1969 651 1991 s.
758 1958 796 1991 11
820 1959 956 1991 Festus
982 1969 1015 2000 p.
1042 1959 1107 1990 352
1133 1959 1180 1990 M.
1207 1960 1391 1999 ‘topper
1415 1973 1458 1978 ——
1483 1973 1526 1977 —
1550 1973 1592 1978 —
1618 1955 1790 1996 fortasse,

269 2005 322 2036 sio
346 2004 478 2035 Accius
503 2005 540 2035 in
564 2005 621 2037 Io:
648 2006 796 2046 topper’
824 2014 854 2036 e.
882 2013 915 2045 q.
943 2013 969 2035 s.
1063 2002 1118 2035 ΙΙΙ
1145 2002 1355 2034 Priscianus
1381 2001 1412 2032 X
1437 2011 1471 2042 p.
1490 2001 1555 2033 906
1574 2000 1614 2032 Ρ.
1641 1999 1792 2032 ‘Accius

267 2050 305 2080 iu
328 2050 435 2082 Ione:
468 2049 686 2091 quibusnam
716 2073 724 2081 .
747 2073 755 2082 .
775 2073 783 2082 .
811 2048 920 2089 locis,
951 2059 1015 2091 pro
1040 2048 1210 2088 aiebant,
1244 2046 1340 2089 quod
1370 2047 1407 2078 in
1438 2045 1505 2077 hac
1529 2045 1792 2087 coniugatione

268 2091 345 2127 lieri
377 2093 495 2126 solet.'
536 2092 657 2135 (ione
682 2094 772 2135 Reg.
798 2104 842 2125 m.
870 2095 887 2125 1
914 2093 1050 2128 Halb.?
1082 2093 1149 2125 ioe
1174 2093 1302 2125 Bamb.
1328 2093 1435 2126 Bern.
1462 2091 1564 2126 Grut.
1589 2090 1675 2132 Reg.
1702 2100 1746 2122 m.
1773 2092 1792 2122 2

266 2139 378 2172 Halb.
405 2149 497 2172 corr.
523 2138 679 2171 Karolir.
703 2149 751 2171 oe
777 2137 903 2181 Sang.)

355 2246 435 2283 385
468 2245 587 2283 offerri
617 2246 860 2283 scribendum
883 2249 965 2282 erit.
1056 2245 1136 2283 386
1158 2244 1308 2281 adsidui-1
1328 2245 1437 2280 minoi
1459 2243 1625 2280 Charisii
1644 2245 1727 2280 cod.

267 2303 452 2352 adpossuit
474 2305 556 2340 cod.
581 2302 748 2340 Charisii
777 2303 948 2351 opposuit
978 2304 1100 2339 altero
1119 2302 1244 2339 Prisc.
1274 2303 1358 2338 loco
1381 2300 1497 2349 Sanq.
1527 2300 1685 2336 instituit
1703 2300 1794 2337 libri

266 2362 443 2408 plerique
467 2364 631 2407 praeter
652 2360 768 2408 Sany.
793 2365 828 2396 et
850 2359 958 2397 Grut.
983 2361 1105 2396 allero
1126 2359 1321 2395 Prisciani
1338 2359 1434 2403 loco,
1458 2359 1525 2405 qui
1543 2367 1595 2393 ea:
1617 2356 1795 2394 Caesellii

280 2417 444 2453 Vindicis
474 2421 678 2454 stromateo
699 2421 873 2463 sumptus
901 2420 969 2452 est.
1005 2416 1135 2453 Vtrum
1155 2414 1321 2463 adposuit
1343 2427 1393 2451 an
1413 2414 1571 2450 instituit
1592 2415 1792 2460 scripserit

264 2477 381 2521 poeta
402 2475 515 2509 etiam
537 2476 753 2510 recentiore
770 2473 945 2520 perfecti
966 2472 1097 2520 forma
1119 2472 1241 2520 posuit
1261 2470 1412 2507 dubium
1433 2471 1543 2507 reddi
1561 2471 1690 2506 docuit
1709 2470 1792 2506 Rit-

268 2531 438 2567 schelius
457 2531 503 2566 de
523 2532 687 2567 miliario
709 2530 922 2577 Popilliano
938 2541 979 2576 p.
1004 2529 1025 2566 7
1123 2528 1202 2566 387
1227 2533 1261 2563 te
1282 2527 1385 2564 eiecit
1417 2527 1592 2564 Vaticani
1612 2525 1678 2562 RS
1698 2530 1790 2562 teste

268 2587 519 2633 Mommseno,
550 2587 733 2623 Faernus
764 2590 800 2622 te
829 2586 911 2622 eicit
943 2586 1064 2633 Neap.
1095 2585 1164 2632 (cf.
1187 2585 1238 2621 H.
1259 2584 1409 2620 Keilius
1437 2585 1462 2620 l.
1489 2584 1514 2619 l.
1545 2593 1583 2628 p.
1605 2580 1700 2628 626)
1732 2586 1791 2618 ten

269 2643 350 2680 eicit
375 2644 534 2680 Vrsinus
553 2642 613 2680 ted
635 2643 716 2679 eicit
737 2645 813 2689 (uel
834 2641 951 2688 eiecit)
977 2642 1018 2679 0.
1040 2642 1252 2678 Muellerus
1343 2640 1394 2675 ira
1423 2639 1582 2676 Vrsinus
1601 2640 1640 2674 in
1661 2639 1789 2675 adnot.

267 2701 337 2736 iras
360 2701 443 2749 cod.
475 2699 572 2735 foras
593 2700 775 2736 Faernus
863 2698 1033 2736 Creticos
1063 2700 1150 2735 olim
1172 2698 1279 2743 edidi,
1304 2707 1388 2733 cum
1409 2696 1493 2733 eicit
1513 2705 1726 2731 seruarem.

271 2779 350 2816 389
374 2762 465 2815 aibal
479 2779 653 2815 Karolir.
737 2783 897 2814 exortam
919 2779 1060 2825 scripsi
1079 2781 1198 2813 ortum
1219 2777 1309 2813 libri
1327 2774 1512 2812 oriundam
1543 2774 1735 2810 Vsenerus

271 2835 482 2883 quibusnam
505 2841 538 2871 te
560 2839 679 2871 ortum
703 2834 818 2871 aibant
846 2834 934 2871 locis
959 2835 1134 2871 Bothius‘.
1165 2833 1333 2869 Creticos
1353 2830 1564 2881 quibusnam
1594 2829 1642 2866 Te
1673 2829 1791 2866 aibant

272 2904 305 2930 o.
338 2891 361 2928 Ι.
394 2893 585 2929 dimensus
613 2902 740 2939 eram,
771 2902 842 2928 nec
867 2893 998 2939 placet
1028 2890 1086 2927 ted
1116 2889 1234 2927 aibant
1263 2893 1377 2926 ortam
1406 2890 1444 2925 in
1472 2888 1638 2924 senario.
