1942 3204
263 194 343 235 190
894 195 938 229 L.
963 194 1140 228 ATTIVS

917 298 1026 340 XIII
1059 297 1125 356 (9)

378 375 463 426 Qus
479 377 593 432 potis
614 379 678 418 esis
697 377 834 418 refelli
854 376 1097 431 quisquam,
1128 377 1206 418 ubi
1227 378 1392 419 nullust
1411 377 1619 421 causandi
1635 379 1785 422 locus?

917 452 1023 495 XIV
1057 451 1123 510 (4)

379 529 597 586 Principio
620 532 887 587 extispicium
919 531 970 572 ex
988 529 1195 585 prodigiis
1216 532 1456 587 congruens
1477 548 1546 575 ars
1570 535 1613 575 te
1633 534 1787 590 arguit.

883 612 886 616 ⁴
917 606 1000 649 XV
1035 604 1130 663 (13)

262 686 349 728 420
382 720 390 727 .
424 720 431 727 .
465 719 473 727 .
505 687 648 728 lauere
681 686 803 728 salsis
835 687 1005 728 uultum
1035 687 1236 729 lacrumis
1270 721 1444 729 .....

905 763 1011 806 XVI
1044 762 1140 822 (10)

377 839 546 882 Pernsci
579 840 776 882 orbificor
807 838 1042 883 lsberorum
1071 842 1158 884 leto
1191 844 1234 884 et
1263 841 1525 884 tabificabili.

911 917 1041 961 XVII
1073 917 1140 976 (3)

438 994 544 1037 Fors
577 993 840 1050 d6minatur,
871 1010 1009 1050 neque
1043 994 1273 1052 quicquam
1305 996 1381 1037 ulli

440 1071 667 1126 Proprium
698 1071 746 1113 1'11
777 1072 868 1114 uita
900 1074 976 1114 est.

836 1184 1212 1229 MELANIPPVS

964 1263 985 1304 Ι
1019 1261 1085 1319 (9)

376 1339 514 1382 'Vnde
547 1339 640 1394 quis
672 1355 761 1381 non
793 1340 986 1382 mortalis
1019 1340 1167 1382 florem
1204 1339 1389 1382 liberum
1427 1340 1585 1383 inuidst
1615 1342 1787 1384 meum?

263 1459 398 1492 Accius
422 1459 533 1491 Meda
556 1461 631 1491 ...²
724 1459 813 1491 XIII
830 1458 923 1491 Non.
940 1459 995 1500 89,
1022 1461 1042 1491 6
1068 1459 1291 1501 ‘causari‚
1319 1469 1467 1492 causam
1492 1459 1612 1492 dicere
1636 1461 1698 1493 uel
1725 1461 1788 1494 de-

265 1504 443 1537 fendere.'
536 1503 622 1536 XIV
638 1503 731 1539 Non.
750 1505 802 1544 16,
829 1505 870 1536 10
895 1504 1175 1546 <extispices
1202 1505 1346 1547 proprie
1366 1505 1552 1548 aruspices
1577 1505 1666 1539 dieti
1690 1509 1788 1544 sunt,

263 1549 359 1592 quod
385 1552 469 1582 exta
497 1549 686 1591 spiciant.’
770 1549 834 1580 XV
852 1549 944 1582 Non.
963 1550 1040 1589 504,
1067 1551 1087 1582 9
1114 1549 1291 1582 ‘lauere
1316 1549 1402 1583 inde
1426 1553 1584 1583 tractum
1609 1554 1668 1584 est
1690 1576 1698 1585 .
1713 1575 1743 1584 ..
1758 1555 1786 1585 .’

350 1595 436 1628 XVI
462 1595 551 1627 Non.
571 1595 647 1636 179,
665 1595 708 1626 26
735 1594 1060 1627 ‘tabificabile
1085 1594 1146 1627 uel
1161 1594 1376 1627 tabificum.’
1469 1595 1575 1628 XVII
1598 1597 1690 1631 Non.
1709 1597 1787 1638 362,

259 1642 282 1672 4
308 1640 560 1682 ‘proprium
585 1650 724 1672 rursum
750 1639 937 1681 significat
961 1640 1177 1682 perpetuum
1201 1665 1208 1673 .
1223 1665 1231 1672 .
1246 1665 1254 1672 .
1277 1641 1412 1673 Accius
1437 1640 1627 1674 Armorum
1651 1641 1788 1674 iudicio

267 1711 274 1719 .
290 1710 321 1718 ..
345 1685 442 1718 idem
459 1684 589 1717 Medea
613 1710 643 1718 ..
659 1688 688 1718 .'
731 1684 788 1717 Cf.
815 1685 984 1717 Lucilius
1009 1684 1106 1728 apud
1130 1685 1287 1718 Nonium
1311 1697 1345 1728 p.
1372 1687 1454 1727 362,
1482 1687 1542 1719 15:
1570 1685 1651 1719 clim
1676 1687 1788 1720 sciam

260 1730 353 1763 nihil
381 1729 460 1763 e's'se
486 1732 524 1762 in
548 1730 629 1762 uita
653 1729 837 1773 proprium
863 1729 1012 1763 mortali
1038 1730 1191 1763 datum.³
1291 1730 1569 1774 Adiungendum
1593 1734 1788 1775 praeterea

261 1777 333 1811 inc.
357 1776 429 1809 inc.
456 1775 530 1808 fab.
557 1774 679 1808 XCIII
703 1775 861 1808 uidetur.

349 1821 593 1853 Msmmppvs
617 1821 635 1853 1
659 1821 751 1853 Non.
777 1821 860 1860 500,
888 1822 929 1854 13
955 1821 1030 1853 ‘sic
1056 1824 1093 1854 et
1117 1821 1289 1853 inuidit
1319 1821 1419 1854 illam
1451 1832 1525 1854 rem
1550 1833 1614 1864 pro
1640 1822 1695 1855 illi
1719 1823 1786 1856 rei.

262 1866 395 1900 Accius
421 1866 630 1909 Melanippo
660 1891 668 1898 .
690 1891 697 1898 .
720 1869 748 1899 .’
787 1865 1069 1909 (Menalippo
1096 1865 1157 1908 W)
1189 1866 1321 1899 Cicero
1345 1867 1455 1900 Tusc.
1481 1866 1574 1910 disp.
1598 1868 1654 1900 ΙΙΙ
1679 1869 1718 1909 9,
1744 1869 1787 1900 20

259 1986 390 2022 Mede's
421 1988 582 2033 scripsi:
612 1985 665 2033 cf2
697 1986 816 2022 Ennii
844 1997 882 2021 u.
906 1985 984 2021 241
1020 1992 1105 2022 tunc
1134 1985 1317 2022 diomedes
1339 1992 1374 2022 et
1394 1987 1485 2023 libri
1505 1991 1567 2022 lun
1589 1986 1643 2022 (lia
1665 1986 1785 2023 Medea

259 2055 297 2079 es
318 2044 578 2088 Passeratius,
602 2043 853 2079 Hermannus
876 2043 995 2079 Elem.
1017 2043 1053 2078 cl.
1074 2054 1122 2078 m.
1137 2054 1180 2088 p.
1205 2041 1283 2079 159
1315 2042 1500 2078 Diomede:
1533 2049 1572 2078 tu
1593 2043 1784 2080 Duentze-

259 2111 329 2135 rus
349 2102 387 2136 in
409 2100 567 2146 Ephem.
591 2099 720 2136 Marb.
745 2098 850 2135 1848
867 2110 910 2145 p.
933 2097 1014 2135 487
1038 2104 1124 2134 tune
1145 2098 1202 2134 dic
1223 2099 1336 2135 media
1357 2110 1394 2135 es
1417 2100 1605 2135 Bartlzius
1621 2100 1782 2136 Aduers.

256 2168 297 2202 p.
322 2156 428 2193 1837
463 2162 525 2191 [un
556 2155 613 2191 dic
641 2155 760 2192 Medea
791 2166 829 2191 es
851 2156 1124 2192 Laclemannus
1154 2157 1192 2192 in
1214 2155 1330 2192 Luer.
1361 2167 1399 2202 p.
1426 2155 1504 2193 162
1593 2161 1785 2204 expectans

259 2213 508 2249 Passeratius
537 2217 745 2260 exspectant
773 2213 863 2249 libri
997 2211 1079 2248 418
1109 2212 1225 2248 refelli
1257 2212 1462 2255 Gulielmus
1502 2213 1620 2249 Veris.
1658 2213 1685 2249 I
1717 2212 1784 2259 21,

261 2269 415 2306 Grotius
436 2269 536 2305 Bibl.
561 2271 647 2305 erit.
677 2281 765 2306 nou.
788 2268 852 2306 IV
879 2268 1006 2316 repelli
1034 2268 1123 2305 libri
1226 2268 1364 2305 nullust
1396 2269 1551 2306 Vossius
1580 2269 1700 2305 nullus
1731 2275 1786 2305 cst

257 2327 348 2362 libri
438 2324 519 2362 419
552 2326 774 2373 extispitium
806 2325 911 2361 Leid.
946 2324 1005 2372 Cf.
1030 2325 1256 2362 Gebhardus
1275 2326 1362 2362 Ant.
1386 2326 1489 2362 Leet.
1511 2326 1535 2362 Ι
1557 2325 1628 2372 13,
1659 2326 1784 2362 Laeli-

259 2393 423 2419 munnus
443 2384 480 2419 in
502 2383 618 2418 Luer.
634 2382 660 2418 Ι
672 2381 752 2418 744
774 2381 985 2430 extispicum
1004 2382 1095 2429 fere
1110 2384 1308 2429 persuasit
1325 2383 1612 2419 Buechelerus:
1633 2382 1683 2429 ef.
1703 2382 1781 2418 501

345 2445 379 2475 te
401 2450 457 2475 ars
479 2438 656 2486 BotleiuS,
679 2439 954 2475 Lachmannus
1044 2437 1128 2475 420
1147 2438 1299 2475 lacrimis
1320 2438 1454 2475 Bamb.
1544 2438 1624 2474 421
1648 2439 1785 2487 pernici

263 2496 470 2533 Gulielmus
502 2495 620 2532 Veris.
644 2496 667 2531 I
688 2495 738 2532 21
772 2506 835 2543 par
865 2495 943 2531 neci
973 2496 1063 2532 libri
1147 2495 1240 2531 lecto
1272 2495 1323 2531 W
1409 2494 1492 2530 422
1515 2506 1569 2542 sq.
1601 2494 1784 2542 Anapae-

260 2558 338 2589 scos
369 2555 524 2601 uynouit
553 2552 714 2588 Botlzius
735 2551 777 2598 2,
811 2552 1042 2599 quemquam
1064 2556 1226 2599 possunt
1258 2554 1369 2588 etium
1398 2552 1574 2588 trochaei
1600 2562 1683 2588 esse

258 2608 340 2645 422
373 2610 563 2657 quicquam
584 2610 742 2655 scripsi.-
773 2609 826 2655 ef.
848 2609 1022 2645 Lucilius
1049 2619 1080 2644 s,
1109 2610 1136 2645 l.
1168 2608 1239 2644 uita·
1264 2608 1374 2655 libri,
1401 2610 1534 2644 merito
1563 2612 1783 2654 suspectum

260 2666 503 2703 Buechelero
590 2665 641 2701 illi
673 2665 720 2701 W
803 2664 898 2707 423>
916 2665 1060 2712 propria
1080 2666 1171 2701 libri
1198 2665 1310 2700 inuita
1343 2662 1408 2713 (se.
1430 2662 1554 2710 Forte)
1575 2655 1738 2700 Botliius
1759 2663 1783 2699 2

344 2721 426 2758 424
460 2721 552 2758 unde
584 2722 663 2769 quis
694 2732 768 2758 non
792 2715 972 2771 mortalis]
1007 2721 1102 2757 unde
1123 2725 1184 2756 aut
1205 2721 1286 2768 quis
1309 2720 1471 2757 mortalis
1490 2721 1649 2766 Nonius,
1682 2720 1785 2768 qtcocl

260 2779 354 2815 unde
387 2779 467 2826 quis
498 2779 584 2814 haut
622 2780 904 2824 interpretatur
933 2778 1199 2826 Kiesslinyius.
1233 2778 1393 2825 quisnam
1424 2776 1608 2824 (quasnam
1642 2777 1782 2813 Gembl.

258 2848 303 2870 m.
331 2831 366 2883 1)
401 2835 553 2881 Cicero,
575 2834 760 2871 Isidorus.
793 2834 852 2871 An
873 2835 984 2871 matis
1005 2845 1089 2870 num
1119 2833 1207 2870 deus
1238 2839 1299 2870 aut
1327 2833 1407 2881 quis
1429 2832 1504 2880 (uel
1524 2832 1587 2869 (lea
1609 2834 1687 2881 quis
1709 2832 1783 2881 aut)

261 2892 447 2928 mortailis‘?
574 2890 724 2927 liberum
757 2903 824 2927 om.
855 2891 1031 2927 Isidorus
1118 2901 1230 2926 meam
1263 2891 1408 2927 Nonius
