1942 3204
299 190 378 231 196
723 224 725 226 ,
931 192 974 223 L.
999 189 1170 224 ATT1vs

685 292 1078 337 MYRMIDONES
1127 293 1237 336 Vide
1268 309 1309 348 p,
1344 294 1425 335 137

844 386 1276 431 NEOPTOLEMVS

999 464 1020 507 I
1053 462 1120 521 (8)

1077 542 1178 597 quid
1210 541 1246 583 si
1278 556 1329 583 ex
1359 541 1537 584 Graecia
1584 546 1586 548 ’

294 621 381 663 465
414 620 541 663 Omni
573 620 690 663 filius
722 635 800 676 par
830 621 957 662 nemo
989 617 1171 674 reperiri
1198 619 1372 674 potest?

989 713 1033 756 II
1085 715 1112 756 2

412 793 533 835 Haut
564 791 791 848 quisquam
822 792 938 847 potis
971 793 1036 833 est
1065 712 1249 833 {gerare
1281 773 1574 834 acritlidinem.

963 885 1030 928 ΠΙ
1062 884 1159 942 (12)

556 998 566 1007 .
595 1002 601 1006 .
626 964 820 1006 ueritatis
852 964 918 1006 uis
951 965 1078 1019 atque
1111 963 1266 1005 {toritas

977 1058 1041 1101 IV
1074 1056 1141 1115 (3)

413 1135 517 1179 Vim
547 1136 770 1191 ferociam,
802 1136 934 1178 animi
966 1135 1254 1191 atrocitatem,
1284 1135 1393 1177 iram
1425 1136 1702 1179 acrimoniam

988 1219 1029 1261 V
1062 1216 1129 1275 (9)

415 1296 527 1339 Satis
558 1297 644 1338 iam
676 1296 837 1338 dietum
868 1298 950 1352 est,
987 1297 1124 1355 neque
1163 1310 1242 1352 ego
1281 1297 1492 1338 errantiae
1526 1297 1659 1338 {inimi
1689 1311 1822 1352 praue

1362 1374 1666 1429 morigerabor.

976 1450 1039 1492 VI
1072 1448 1140 1507 (7)

295 1530 384 1572 470
415 1528 558 1584 Atque
591 1528 696 1570 adeo
728 1528 879 1570 ualuas
911 1528 1062 1569 sonere
1095 1527 1208 1569 sensi
1239 1527 1392 1583 regias.

966 1621 1052 1664 VII
1086 1619 1153 1678 (4)

412 1701 545 1754 *Dolet
574 1700 790 1756 pudetque
821 1699 998 1741 Graium
1028 1714 1095 1740 me
1127 1701 1171 1741 et
1201 1699 1304 1740 uero
1336 1699 1467 1754 piget.

387 1831 661 1864 Nnoprromzuvs
715 1831 770 1862 De
803 1830 920 1863 forma
943 1830 1224 1863 Nnopwonouvs
1255 1827 1313 1870 (οἳ.
1341 1829 1383 1860 fr.
1409 1828 1477 1861 111.
1504 1829 1548 1871 V)
1582 1832 1619 1862 et
1643 1830 1822 1863 similibus

300 1880 383 1919 post
406 1877 692 1909 Fleckeisenum
721 1875 859 1909 annall.
890 1874 1030 1918 philon.
1060 1875 1147 1907 1866
1178 1886 1210 1916 p.
1243 1876 1262 1907 7
1289 1878 1325 1906 et
1356 1874 1448 1906 alios
1478 1874 1572 1906 dixit
1602 1876 1645 1907 L.
1671 1876 1824 1908 Mueller

297 1922 434 1954 ibidem
459 1923 545 1954 1867
572 1933 605 1963 p.
633 1922 709 1953 751.
804 1921 823 1952 I
852 1920 946 1954 Non.
977 1921 1061 1960 501,
1092 1922 1112 1952 2
1145 1919 1411 1962 ‘genetiuus
1441 1929 1507 1961 pro
1538 1919 1694 1953 datiuo.’
1786 1922 1823 1953 ΙΙ

297 1968 433 1999 Festus
462 1978 497 2009 p.
529 1968 594 1999 356
624 1966 671 1998 M.
706 1966 950 2005 ‘tolerarffi
983 1966 1171 2008 patienter
1202 1965 1324 1999 ferre)
1453 1964 1511 1996 111
1540 1964 1632 1997 Non.
1664 1967 1749 2007 493,
1783 1968 1824 1998 15

300 2016 311 2031 ‘
326 2012 533 2044 acritas.'
561 2010 905 2054 (Neoptolemeo
923 2009 983 2052 W)
1011 2009 1154 2043 Gellius
1170 2009 1262 2043 XIII
1278 2011 1298 2042 3
1325 2009 1442 2042 ‘sicut
1467 2012 1590 2042 autem
1615 2010 1707 2042 nihil
1724 2012 1822 2054 quic-

299 2068 405 2100 quam
435 2057 608 2098 interest,
641 2056 837 2089 suauitudo
870 2056 972 2088 dicas
1003 2066 1050 2087 an
1083 2056 1266 2094 suauitas,
1306 2054 1516 2087 sanctitudo
1554 2066 1600 2087 an
1631 2057 1822 2098 sanctitas,

301 2102 517 2135 acerbitudo
542 2112 589 2133 an
616 2102 808 2140 acerbitas,
834 2101 1000 2133 acritudo
1024 2111 1083 2138 an,
1110 2100 1206 2142 quod
1231 2100 1363 2132 Accius
1387 2100 1425 2131 in
1449 2100 1688 2142 Neoptolemo
1713 2102 1822 2144 scrip-

298 2148 365 2189 sit,
390 2147 581 2179 acritas:
607 2148 662 2179 ita
686 2146 780 2179 nihil
804 2147 959 2179 rationis
983 2145 1059 2178 dici
1081 2148 1222 2188 potest,
1253 2146 1340 2188 quin
1364 2146 1602 2178 necessitudo
1633 2150 1670 2179 et
1694 2157 1821 2179 neces-

298 2194 391 2226 sitas
417 2194 664 2235 separentur.’
770 2192 823 2225 IV
845 2192 938 2230 Non,
963 2193 1023 2233 73,
1048 2192 1092 2224 20
1123 2191 1394 2223 ‘acrimonia
1424 2193 1482 2224 est
1505 2191 1618 2223 animi
1642 2191 1823 2225 uiuacitas

304 2263 311 2270 .
327 2263 335 2270 .
351 2264 359 2271 .
475 2239 507 2271 V
530 2237 621 2271 Non.
647 2239 731 2279 204,
759 2239 799 2270 12
833 2241 978 2270 ‘error
1002 2236 1196 2268 masculini
1227 2239 1284 2268 est
1308 2236 1453 2278 generis
1482 2261 1490 2269 .
1505 2260 1513 2269 .
1528 2261 1536 2269 .
1565 2236 1731 2269 feminini
1754 2237 1819 2269 Ae—

300 2285 378 2316 cius
402 2283 643 2325 Neoptolemo
666 2307 674 2314 .
695 2307 703 2315 .
724 2286 752 2315 .’
780 2281 1112 2325 (neoptholomo
1144 2281 1269 2315 Vrbin.
1296 2280 1376 2324 308)
1469 2281 1519 2314 VI
1544 2281 1636 2316 Non.
1661 2283 1746 2323 505,
1781 2283 1821 2314 13

301 2333 482 2361 ‘sonere
507 2327 592 2360 inde
618 2330 772 2360 tractum
798 2331 856 2360 est
880 2353 887 2360 .
908 2352 918 2359 .
937 2330 966 2359 ‚²
1073 2326 1144 2361 VII
1167 2326 1261 2359 Non.
1286 2328 1369 2363 424,
1397 2329 1414 2358 1
1447 2325 1605 2368 ‘pudet
1636 2330 1672 2359 et
1697 2326 1822 2370 piget

299 2375 369 2406 hoc
394 2374 526 2406 distat:
552 2373 668 2416 pudet
693 2374 787 2405 enim
812 2372 1062 2406 uerecundiae
1088 2375 1160 2413 est,
1187 2372 1312 2414 pigere
1338 2372 1592 2414 paenitentiae
1615 2374 1689 2405 ...²

300 2484 420 2518 ceteri
447 2492 491 2517 an
513 2481 669 2516 humano
706 2480 819 2516 cluam
852 2481 1013 2517 Botlaeius
1139 2478 1221 2516 464
1253 2478 1395 2515 Graecia
1433 2481 1546 2526 uulyo
1577 2479 1698 2516 Grecia
1736 2481 1826 2517 libri

297 2540 474 2586 plerique
503 2537 644 2585 agi-ecia
674 2537 724 2573 W
832 2536 913 2574 465
947 2537 1043 2573 omni
1071 2537 1289 2573 Palmerius
1318 2535 1497 2582 spicileg).
1527 2548 1591 2582 ap.
1623 2536 1731 2572 Grut.
1761 2537 1786 2572 I
1797 2537 1825 2574 V

301 2595 383 2632 818
415 2605 520 2630 omne
549 2594 639 2630 libri
724 2593 819 2629 illius
841 2591 1047 2630 Mercerus
1074 2593 1175 2629 ilium
1195 2593 1286 2629 libri
1312 2591 1411 2627 infun
1445 2593 1598 2628 Vossius
1674 2594 1823 2640 reperiri

303 2651 439 2687 Bamb.
470 2651 644 2698 repperiri
675 2653 796 2687 ceteri
822 2650 913 2686 libri
1024 2649 1105 2686 466
1138 2649 1224 2685 haut
1252 2650 1298 2686 A.
1328 2649 1562 2695 Any-ustinus
1589 2650 1627 2685 in
1658 2660 1729 2696 my.
1762 2655 1818 2684 aut

303 2709 384 2744 cod.
501 2706 582 2743 467
615 2707 776 2743 ueritatis
807 2706 863 2742 uis
896 2706 1047 2743 Vossius
1075 2707 1131 2742 uis
1162 2707 1321 2742 ueritatis
1349 2706 1440 2742 libri
1541 2704 1622 2741 468
1654 2705 1821 2741 ferociam

302 2765 456 2800 animum
486 2764 709 2799 atrocitatem
738 2763 829 2800 libri
856 2764 1023 2799 ferociam
1053 2763 1183 2808 animi,
1213 2762 1436 2798 atrocitatem
1466 2761 1628 2798 Bolbius
1739 2761 1818 2798 471

302 2820 401 2855 dolet
421 2820 628 2856 Frulerius
658 2819 779 2856 Veris.
803 2820 848 2856 ΙΙ
868 2820 891 2854 5
923 2819 1009 2855 doct
1035 2820 1126 2856 libri
1217 2830 1286 2867 que
1317 2819 1522 2854 Frater-ius
1551 2828 1641 2865 quae
1670 2819 1761 2855 libri

303 2876 445 2913 Graium
477 2877 684 2912 Fruterius
713 2877 875 2925 grauium
906 2877 1006 2912 libri.
1047 2875 1201 2912 Graiium
1233 2877 1418 2922 scriptum
1445 2874 1524 2922 fuit
