1942 3204
790 220 834 262 Q.
862 218 1040 253 ENNWS
1632 217 1687 259 33

654 324 945 369 HECTORIS
984 323 1185 368 LVTRA

843 402 863 445 I
897 401 994 460 (17)

149 453 233 555 {gg
276 467 372 525 Nos'
402 482 620 538 quiescere
654 462 835 537 aet‘luom
867 480 962 523 est?
999 481 1154 523 n6mus
1187 462 1314 522 a‘mbo
1347 475 1564 544 Vh'xfigm.

847 558 891 600 II
922 556 990 615 (5)

265 637 428 680 Hectdr
461 638 505 680 ui
537 636 706 680 suinma
737 637 926 679 armatos
958 634 1103 678 eduest
1133 635 1269 691 foras,

150 715 234 758 140
266 713 515 771 Castrssque
548 717 690 758 castra
721 714 807 756 iam
837 714 952 756 ultro
984 713 1180 756 conferre
1213 715 1406 769 occupat.

830 791 897 834 ΠΙ
950 792 978 834 2

718 870 765 912 {it
795 883 896 926 ego,
928 789 1203 926 {nimpotens
1226 866 1473 927 [IuppiterL

145 985 230 1027 306,
256 984 300 1018 28
324 984 583 1017 ‘facessere
610 982 798 1026 significat
823 983 1028 1018 recedere)
1066 983 1149 1016 Huc
1178 983 1352 1016 uidentur
1377 982 1574 1015 referenda
1599 992 1680 1015 esse

145 1039 238 1073 quae
262 1029 361 1073 apud
378 1030 577 1063 Varronem
604 1028 649 1062 de
675 1029 700 1061 l.
723 1028 746 1064 l.
771 1029 823 1063 VI
847 1030 889 1061 61
916 1030 964 1062 Μ.
989 1029 1177 1072 leguntur:
1213 1029 1332 1062 ‘dico
1363 1029 1542 1071 originem
1568 1027 1683 1060 habet

146 1075 326 1108 Graecam
345 1074 442 1118 quod
460 1073 595 1107 Graeci
612 1069 768 1115 δικάζω.
786 1073 875 1107 hinc
892 1075 1082 1108 Ennius:
1108 1073 1207 1107 dico
1225 1074 1310 1117 qui.
1334 1073 1420 1106 hinc
1437 1073 1577 1115 dicare,
1594 1073 1685 1106 hinc

146 1120 341 1154 iudicare)
367 1119 519 1154 Conicio
543 1120 719 1162 scriptum
745 1119 861 1153 fuisse
887 1119 987 1152 dieo
1012 1120 1196 1153 uicisse.
1228 1119 1387 1162 Reliqua
1412 1118 1455 1153 O.
1482 1118 1686 1151 Muellerus

144 1166 314 1200 correxit.
354 1166 453 1199 Huic
475 1166 600 1199 uersui
624 1165 862 1220 praemisisse
887 1165 1037 1198 uidetur
1060 1165 1202 1198 Ennius
1233 1165 1302 1198 inc.
1330 1175 1424 1197 nom.
1448 1163 1584 1200 XVIII.
1634 1163 1684 1199 cf.

144 1210 320 1254 Aeschyli
350 1211 454 1244 Eum.
487 1212 572 1245 ⁷52:
613 1205 713 1254 ανὴρ
745 1203 808 1244 ὅδ’
840 1205 1079 1255 ἐκπέφευγεν
1112 1209 1275 1254 αἵματος
1307 1209 1438 1254 δίκην.
1478 1203 1581 1243 ’Ίσον
1611 1204 1686 1252 γάρ

143 1252 224 1299 ἐστι
248 1250 477 1300 τάρίθμημα
507 1255 583 1290 τῶν
607 1253 752 1290 πάλων.
812 1257 1015 1291 Praeterea
1045 1256 1117 1289 huc
1141 1255 1341 1290 referenda
1374 1259 1461 1288 sunt
1493 1255 1565 1288 inc.
1589 1265 1685 1288 nom.

144 1302 245 1344 XIX,
269 1302 343 1335 inc.
368 1303 439 1337 inc.
465 1302 541 1335 fab.
567 1301 688 1336 LXXI
714 1305 751 1334 et
776 1301 926 1337 LXXII.

233 1348 427 1381 Heca-oms
459 1348 600 1384 Lv'rnA.
654 1347 893 1380 Reddendum
924 1357 1005 1381 esse
1036 1347 1156 1380 Ennio
1187 1346 1283 1379 hunc
1315 1346 1464 1379 titulum
1499 1346 1686 1389 persuasit

144 1392 326 1436 Bergkius
352 1403 437 1426 ann.
463 1392 604 1436 philoll.
630 1393 715 1426 1861
742 1403 776 1436 p.
801 1393 868 1426 625
891 1403 946 1436 sq.
971 1393 988 1426 1
1013 1392 1211 1426 Diomedes
1234 1392 1252 1424 I
1277 1403 1313 1438 p.
1338 1392 1404 1425 382
1430 1393 1472 1425 Ρ.
1506 1391 1684 1433 (neteresi

145 1442 317 1472 ‘nomus
342 1438 470 1472 dieunt
494 1449 560 1482 pro
579 1449 623 1471 eo
641 1438 736 1481 quod
761 1441 818 1471 est
840 1438 1022 1479 nouimus,
1045 1438 1099 1471 ita
1122 1441 1163 1470 ut
1179 1437 1320 1470 Ennius
1346 1437 1385 1470 in
1409 1437 1594 1470 Lustris
1611 1462 1619 1470 .
1635 1462 1641 1468 .
1657 1435 1685 1469 .'

235 1484 273 1518 11
295 1483 389 1519 Non.
415 1486 497 1522 355.
524 1485 567 1517 15
597 1488 816 1526 occupare
844 1487 903 1517 est
933 1484 1079 1526 proprie
1116 1483 1336 1526 praeuenire
1360 1508 1369 1516 .
1394 1507 1401 1515 .
1422 1507 1432 1516 .
1454 1483 1591 1516 Accius
1614 1483 1687 1515 Eu—

143 1539 274 1572 rysace
296 1554 306 1564 .
320 1554 329 1563 .
343 1554 352 1564 .
365 1554 374 1564 .
399 1530 524 1563 facere
541 1529 660 1563 ultro
682 1531 721 1562 in
738 1530 888 1572 regem?
912 1529 1009 1562 idem
1026 1529 1145 1562 Tereo
1165 1554 1174 1563 .
1188 1553 1196 1560 .
1210 1553 1219 1562 .
1242 1528 1435 1570 Turpilius
1457 1554 1466 1562 .
1480 1553 1489 1562 .
1504 1554 1512 1561 .
1543 1528 1687 1561 Ennius

144 1575 398 1609 Haectoris
424 1575 578 1608 listris
601 1599 610 1608 .
630 1599 638 1608 .
660 1577 688 1609 .'
771 1574 825 1608 111
850 1575 942 1607 Non.
967 1575 1050 1616 111,
1078 1576 1120 1608 15
1144 1574 1301 1616 ‘fuam‚
1327 1573 1397 1606 sim
1419 1573 1480 1607 uel
1505 1573 1589 1607 fiam
1612 1598 1622 1608 .
1641 1598 1650 1607 .
1671 1599 1680 1607 .

145 1621 287 1654 Ennius
310 1620 558 1654 Haeetoris
583 1621 716 1663 lytris
738 1623 814 1654 ...'
840 1619 1120 1661 (Haeetoris
1147 1619 1298 1653 listris
1323 1619 1383 1660 W)

145 1742 234 1779 uide
264 1741 518 1778 Ritscbelium
548 1750 681 1788 opusc.
714 1738 862 1777 11487
894 1739 987 1776 adn.
1020 1738 1174 1775 Oresten
1205 1739 1405 1787 (horestem
1436 1738 1566 1776 Vrbin.
1590 1738 1687 1786 308)

145 1809 214 1835 uos
244 1796 288 1835 ab
318 1798 388 1835 hoc
419 1796 564 1834 facessit
594 1796 776 1844 (facessite
819 1795 964 1843 Vrbin.)
993 1797 1085 1833 libri
1111 1794 1283 1833 Oresten:
1314 1796 1398 1832 hinc
1427 1795 1593 1832 facessite
1623 1797 1687 1833 uel

146 1854 333 1892 Orestem:
363 1854 448 1891 hinc
479 1864 546 1891 uos
576 1852 745 1890 facessite
777 1853 944 1891 Vossius.
994 1853 1080 1890 Non
1109 1853 1455 1890 commendauerim
1483 1846 1573 1901 'Ego
1604 1851 1684 1889 dico

145 1911 278 1949 uicisse
298 1910 481 1948 Orestem:
513 1909 580 1947 uos
609 1909 652 1947 ab
683 1910 752 1947 hoc
773 1908 940 1947 facessite
1031 1908 1111 1946 138
1134 1909 1319 1958 quiescere
1340 1919 1483 1947 sonare
1511 1919 1687 1961 quescere

141 1969 325 2016 probauit
354 1967 634 2005 Fleckeisenus
663 1978 755 2004 ann.
782 1967 932 2014 pbiloll.
967 1965 1078 2004 1870
1104 1977 1145 2013 p.
1177 1966 1242 2014 77,
1275 1967 1371 2003 idem
1402 1967 1599 2003 senarium
1628 1967 1684 2003 di-

145 2035 314 2062 mensus.
340 2024 552 2062 Titulorum
573 2025 752 2071 exempla
774 2024 924 2072 colleyic
946 2023 1216 2060 Buechelerus
1237 2024 1385 2060 annali.
1404 2023 1551 2070 philoll.
1575 2022 1684 2060 1858

143 2093 182 2130 p.
214 2082 291 2130 69,
323 2082 468 2119 anthol.
500 2080 585 2118 Lat.
619 2091 725 2128 spec.
757 2081 782 2117 I
802 2091 845 2128 p.
880 2080 951 2118 19:
993 2081 1110 2117 multo
1141 2082 1262 2127 plura
1295 2079 1609 2117 Schuchardtius
1638 2080 1685 2116 de

146 2140 355 2176 uocalismo
385 2138 435 2175 ΙΙ
459 2136 541 2175 448
572 2148 629 2186 sq.
654 2136 735 2174 514
766 2148 822 2185 sq.
926 2147 1080 2186 aequum
1111 2135 1258 2185 (equum
1290 2135 1461 2183 Monac.)
1491 2137 1606 2184 uulyo

146 2195 423 2244 Interroyamli
451 2196 599 2243 siynum
629 2196 743 2243 uulqo
764 2195 871 2231 deest
948 2189 1098 2243 nomus]
1131 2193 1184 2241 cf.
1207 2194 1483 2231 Lachmannus
1503 2195 1541 2229 in
1564 2193 1682 2229 Lucr.

89 2277 93 2282 ·
157 2251 192 2290 V
216 2251 298 2290 396
406 2251 565 2288 Vlixeum
597 2249 636 2288 in
666 2252 883 2298 septenarii
918 2252 1098 2287 clausula
1133 2252 1229 2298 poni
1263 2252 1384 2288 uoluit
1415 2250 1685 2286 Buechelerus

146 2319 241 2346 mus.
273 2308 396 2346 Rhen.
428 2308 511 2344 XV
538 2307 643 2355 439,
674 2309 822 2354 recepit
851 2307 1134 2344 Fleckeisenus
1162 2309 1188 2345 l.
1219 2308 1243 2344 l.
1283 2306 1414 2344 ulixem
1443 2306 1535 2343 libri

151 2364 229 2403 139
255 2364 391 2402 Hector
420 2365 456 2402 ui
476 2364 684 2401 Mercerus
703 2363 859 2401 Hectore
882 2363 978 2401 Bas.
1011 2363 1166 2401 Haector
1187 2365 1220 2400 ei
1243 2366 1364 2401 ceteri
1381 2364 1473 2400 libri
1548 2362 1686 2399 inducit

145 2422 240 2461 Bas.
329 2420 425 2458 foras
447 2421 653 2459 Mercerus
673 2422 710 2458 in
730 2420 826 2457 foras
845 2421 938 2458 libri
1017 2419 1097 2458 140
1117 2420 1184 2457 iam
1214 2420 1311 2457 ultro
1333 2419 1501 2456 conferre
1522 2421 1675 2466 scripsi.

147 2478 244 2516 ultro
274 2478 342 2514 iam
373 2477 450 2515 fere
469 2478 578 2524 libri,
610 2478 687 2515 nisi
714 2478 818 2526 quod
844 2476 941 2514 ferre
964 2477 1061 2514 Bas.
1083 2478 1187 2515 Leid.
1212 2477 1356 2514 Geneu.
1388 2475 1554 2513 conferre
1585 2475 1683 2511 ultro

145 2536 213 2571 iam
245 2534 440 2583 Berylcius
469 2535 617 2572 annau.
646 2535 794 2582 philon.
820 2533 926 2571 1861
957 2546 998 2581 p.
1022 2533 1115 2580 627,
1149 2537 1214 2571 cui
1233 2533 1401 2570 conferre
1431 2535 1564 2569 merito
1594 2543 1683 2578 per-

145 2597 328 2628 suaserat
359 2590 526 2629 Vossius.
556 2590 654 2627 ultro
674 2590 809 2627 inierre
829 2589 1049 2627 Mercerus.
1077 2590 1239 2627 adultera
1260 2590 1393 2627 inferre
1415 2590 1500 2626 olim
1523 2590 1683 2625 conieci.

146 2648 279 2685 inferre
309 2647 484 2684 iamim-0
511 2650 552 2684 in
583 2648 746 2685 editione
779 2647 994 2694 Vahlenus,
1025 2648 1094 2685 sed
1121 2648 1219 2684 idem
1247 2650 1287 2684 in
1318 2656 1413 2684 mus.
1438 2645 1559 2683 Rhea.
1582 2644 1644 2680 XI
1657 2645 1687 2681 V

147 2704 229 2742 556
250 2715 307 2752 sq.
340 2706 470 2742 adnot.
492 2709 609 2742 lotum
629 2714 786 2742 uersum
807 2705 939 2741 talem:
970 2704 1098 2741 castris
1128 2709 1243 2740 castra
1277 2703 1372 2739 ultro
1394 2703 1460 2737 iam
1493 2701 1567 2736 fere
1588 2701 1683 2736 ferre

149 2766 301 2810 occupat
331 2761 576 2810 reformauit.
615 2760 767 2798 Troiana
798 2759 933 2797 inferre
964 2760 1250 2806 Buechetmus,
1283 2759 1386 2806 quod
1410 2768 1511 2804 prae
1542 2759 1684 2798 ceteris

148 2818 358 2865 adridet-et,
389 2820 464 2855 nisi
491 2817 644 2854 Troiana
671 2819 855 2866 flayitare
875 2817 950 2854 sibi
978 2818 1122 2854 Achiuis
1144 2818 1324 2853 sentirem
1415 2813 1489 2849 141
1524 2809 1681 2863 stege]

149 2886 167 2909 a
198 2884 268 2922 ego
298 2862 403 2912 Leia.
442 2880 498 2911 ast
527 2885 597 2923 ego
630 2874 843 2922 BeryMus,
883 2874 952 2922 qui
983 2878 1265 2920 pentametrum
1304 2870 1542 2907 trochaicum
1582 2880 1681 2907 com·

147 2931 301 2967 mendac
386 2931 546 2980 iuppiter
574 2932 755 2978 suppleui
786 2932 855 2978 qui
882 2931 967 2967 olim
1000 2934 1101 2978 pater
1130 2937 1412 2975 proposueram

217 2999 374 3032 Rumzcx,
392 2999 501 3027 Senon.
521 2999 629 3033 fragm.
1374 3007 1395 3036 3
