1942 3204
220 144 271 186 18
859 147 902 187 Q.
927 145 1106 180 ENNIVS

336 250 475 292 Mater
505 251 738 292 terribilem
770 252 958 292 minatur
988 249 1105 292 ustae
1139 250 1373 292 cruciatum
1405 251 1448 292 et
1479 265 1644 306 necem,

338 327 456 376 Quae
487 342 614 370 nemo
647 331 711 369 est
747 331 838 369 tam
870 327 998 369 firmo
1036 327 1210 382 ingenio
1249 329 1291 368 et
1326 328 1450 368 tanta
1486 327 1745 372 confidentia

339 403 453 454 Quin
484 405 672 461 refugiat
702 404 863 447 timedo
896 418 1090 461 sanguen
1122 405 1249 459 aitque
1281 404 1522 446 exalbescat
1552 407 1679 446 metu.

807 481 874 524 ΠΙ
907 480 966 538 (o.
987 482 1026 524 2.
1048 482 1085 523 7.
1105 479 1153 538 4)

248 558 305 599 25
338 592 345 599 .
379 593 387 600 .
421 592 429 600 .
461 559 574 601 unde
605 559 711 600 haec
742 559 915 601 flamma
947 558 1112 601 oritur?

856 636 878 661 ἦέ
1084 635 1107 659 &lt

970 665 993 690 ἡ(

338 712 578 767 'Incedunt,
610 712 830 754 incedunt:
863 712 1020 753 adsunt
1051 711 1225 766 adsunt,
1256 726 1323 752 me
1355 711 1451 753 med
1482 712 1698 766 expetunt.

855 789 878 814 δίε
1083 789 1105 813 ss

969 818 992 843 ἡ(

339 866 420 907 Fer
452 867 509 907 mi
543 866 765 921 auxilium,
797 867 960 921 pestem
986 866 1111 922 abige
1143 881 1168 907 a
1195 881 1280 921 me,
1311 865 1608 908 flammiferam
1633 866 1745 907 hanc

1058 943 1165 999 uim,
1196 944 1304 998 quae
1335 958 1401 984 me
1434 943 1658 985 excruciat.

222 1074 388 1115 audiret,
416 1074 585 1116 copiosus
613 1077 734 1114 esset,
761 1072 1015 1115 optabiliorem
1042 1072 1120 1106 fore
1145 1073 1260 1106 uitam
1286 1073 1544 1115 melioremque
1570 1076 1608 1107 et
1631 1073 1748 1116 magis

221 1119 482 1161 expetendam,
510 1129 618 1161 quam
641 1118 760 1158 illius,
787 1119 849 1160 qui
875 1128 991 1161 aeque
1015 1118 1073 1151 uir
1088 1119 1205 1151 bonus
1229 1118 1383 1151 multis
1407 1118 1548 1152 modis
1573 1122 1683 1159 esset,
1707 1122 1749 1150 ut

220 1164 333 1196 Enni
361 1164 563 1196 Alcmeo'
597 1163 790 1204 (alemeo
820 1163 940 1198 Palat
968 1164 996 1195 B
1029 1163 1169 1196 alemo
1200 1163 1588 1206 E1·lang.alcmaeo
1619 1161 1746 1206 uulg.)‚

220 1210 584 1242 ‘circumuentus
616 1233 624 1242 .
645 1234 653 1242 .
674 1234 681 1240 .
712 1209 892 1252 inopia?
948 1208 1048 1240 Idem
1078 1208 1123 1241 de
1155 1211 1245 1241 orat.
1274 1208 1329 1241 111
1361 1210 1514 1250 38,154
1547 1211 1749 1241 ‘nouantur

220 1258 340 1287 autem
360 1255 487 1297 uerba,
507 1264 600 1297 quae
619 1254 664 1286 ab
682 1264 738 1297 eo,
759 1254 820 1296 qui
838 1253 939 1291 dicit
959 1254 1038 1297 ipso
1055 1254 1255 1296 gignuntur
1271 1264 1314 1286 ac
1330 1253 1433 1294 fiunt,
1451 1254 1509 1286 uel
1525 1254 1749 1296 coniungen-

218 1301 273 1334 dis
290 1300 413 1333 uerbis
437 1304 477 1332 ut
501 1300 593 1333 haec
613 1296 721 1343 [213³]
754 1298 884 1342 (Deest
907 1299 968 1331 hic
993 1299 1096 1331 locus
1121 1300 1158 1331 in
1182 1298 1257 1334 Erl.
1275 1298 1311 1340 a)
1338 1298 1437 1332 Idem
1455 1299 1565 1334 Tusc.
1583 1299 1676 1341 disp.
1694 1299 1747 1332 IV

218 1347 324 1387 8,19
350 1349 562 1388 ‘pauorcrm
588 1347 722 1377 metum
748 1349 906 1377 mentem
932 1343 1013 1377 loco
1039 1347 1264 1385 mouentem,
1290 1354 1335 1376 ex
1359 1354 1430 1387 quo
1453 1343 1544 1376 illud
1572 1344 1748 1377 Ennius

222 1389 311 1434 1211.
319 1393 330 1410 ’
357 1389 826 1432 (EnniiOrellius)Non.
846 1391 900 1431 16,
919 1391 938 1422 7
965 1393 1291 1432 ‘expectorare
1315 1389 1521 1422 ...Cicero
1547 1390 1590 1422 de
1609 1399 1661 1422 or.
1680 1389 1745 1422 lib.

219 1436 294 1469 111.
324 1434 428 1479 [21].’
462 1435 715 1476 Quintilianus
741 1435 829 1468 VIII
852 1437 884 1474 3,
912 1436 953 1468 31
981 1438 1042 1467 ‘at
1066 1438 1211 1467 ueteres
1237 1445 1282 1467 ne
1309 1437 1578 1477 expectorat
1603 1434 1748 1477 quidem

220 1482 429 1514 timuerunt.
435 1483 445 1499 ³
494 1479 623 1512 Cicero
649 1480 693 1512 de
719 1479 778 1514 fin.
806 1481 838 1513 V
865 1480 923 1521 11,
947 1481 989 1513 31
1025 1479 1129 1522 ‘quis
1154 1483 1210 1512 est
1235 1480 1329 1512 enim
1360 1483 1424 1512 aut
1450 1480 1747 1522 quotusquisque,

220 1526 279 1559 eui
304 1536 400 1558 mors
425 1536 504 1558 cum
530 1525 815 1568 adpropinquet,
846 1535 919 1558 non
944 1525 1169 1567 refugiat’
1201 1535 1231 1557 e.
1257 1535 1290 1567 q.
1313 1535 1342 1560 s,
1368 1521 1444 1569 [24]
1477 1525 1570 1559 Non.
1596 1526 1679 1564 224,
1707 1525 1748 1556 16

221 1571 431 1614 ‘sanguis
457 1574 586 1603 neutro
609 1595 617 1603 .
639 1595 648 1603 .
670 1569 831 1603 .Cicer0
857 1570 901 1603 de
927 1569 985 1603 fin'.
1003 1571 1038 1603 b.
1066 1573 1104 1602 et
1128 1581 1173 1602 m.
1191 1569 1255 1602 lib.
1274 1571 1322 1603 V:
1350 1571 1640 1613 quotusquisque
1667 1572 1746 1602 est’

219 1628 251 1649 e.
272 1627 305 1659 q.
325 1628 352 1650 s.
377 1616 589 1649 Priscianus
606 1616 658 1648 VI
675 1627 709 1658 p.
729 1617 794 1649 708
811 1617 850 1648 Ρ.
877 1619 1047 1648 ‘ueteres
1070 1615 1152 1647 hoc¹
1178 1625 1380 1656 sanguen
1407 1614 1586 1649 dixerunt.
1619 1614 1748 1648 Cicero

219 1663 256 1694 in
282 1662 495 1694 Hortensio·
522 1664 562 1694 ut
589 1661 642 1692 ait
666 1661 824 1702 Ennius,
850 1661 1077 1702 refugiat’
1103 1670 1134 1693 e.
1153 1671 1186 1704 q,
1203 1671 1232 1695 s.
1253 1657 1332 1704 [24]
1403 1661 1460 1693 111
1486 1659 1615 1693 Cicero
1632 1659 1748 1692 Acad.

220 1718 271 1749 pr.
297 1707 331 1740 11
349 1708 412 1747 28,
437 1708 481 1739 89
507 1706 640 1749 ‘quid‘P
664 1707 743 1748 ipse
769 1706 970 1739 Alcmeo’
997 1705 1186 1747 (alcmeo
1213 1705 1313 1737 Leid.
1341 1705 1383 1746 A,
1410 1705 1608 1738 alcmaeo
1632 1705 1721 1747 uulg
1724 1705 1747 1747 .)

221 1756 333 1794 τ1511111»,
361 1752 434 1794 qui
460 1755 600 1794 negat
624 1761 699 1784 coi·
725 1751 816 1784 sibi
842 1761 933 1783 cum
960 1751 1103 1783 oeulis
1129 1751 1407 1783 consentire’
1430 1749 1585 1793 (cf.1V)‚
1611 1753 1747 1782 ‘nonne

221 1798 383 1830 ibidem
414 1797 612 1830 incitato
643 1797 814 1830 furore·
845 1796 980 1829 unde’
1013 1806 1045 1831 e.
1072 1806 1104 1838 q.
1131 1806 1159 1831 s.
1188 1793 1265 1839 [25]
1299 1798 1364 1828 ‘et
1394 1795 1477 1827 illa
1508 1795 1746 1837 deinceps.

221 1843 459 1875 incedunt’
498 1853 528 1874 e.
569 1852 602 1884 q.
635 1852 664 1874 s.
701 1840 778 1885 [26]
812 1841 946 1885 ‘quid?
1002 1852 1083 1874 cum
1115 1841 1311 1884 uirginis
1347 1840 1481 1872 fidem
1516 1840 1677 1884 imp101
1686 1842 1746 1872 at

223 1999 305 2034 Erl.
323 2009 353 2033 'a
374 1998 420 2034 de
441 2009 499 2034 or.
520 2008 560 2033 ex
585 1997 698 2032 anima
725 1996 836 2033 Tasc.
857 1997 965 2034 codd.
1015 2001 1224 2044 expectoret
1248 1995 1362 2032 Tusc.
1385 1995 1516 2032 Brax.
1538 2000 1742 2044 expectaret

222 2055 316 2091 Gnd.
337 2054 432 2102 Req.
493 2052 545 2090 22
567 2059 681 2089 mater
701 2055 853 2100 scripsi.
877 2053 967 2102 alter
985 2053 1078 2089 libri
1089 2054 1280 2100 plerique,
1302 2065 1371 2089 om.
1394 2053 1548 2089 Abrinc.
1570 2052 1654 2088 Erl.
1677 2063 1701 2088 a

222 2112 376 2147 minatur
406 2111 562 2147 Abrinc.
596 2110 678 2146 Erl.
702 2122 725 2146 a
756 2110 941 2146 minitatur
972 2111 1092 2146 ceteri
1177 2108 1230 2145 24
1261 2109 1376 2158 fugiat
1406 2109 1554 2145 Nonius
1611 2108 1744 2144 timedo

220 2168 415 2204 Prisciani
434 2167 606 2215 Sanyall.
629 2179 675 2202 m.
700 2167 720 2202 1
746 2166 868 2202 timido
891 2168 1012 2203 ceteri
1029 2166 1121 2203 libri
1195 2176 1358 2214 sanguen
1379 2165 1533 2204 Abrinc.
1556 2165 1640 2201 Erl.
1663 2176 1686 2200 a
1710 2169 1747 2200 et

221 2226 243 2260 b
263 2225 310 2261 de
331 2235 402 2271 or.,
427 2224 584 2270 Nonius,
607 2223 847 2260 Priscianus.
869 2223 1043 2271 sanguine
1065 2224 1188 2259 celeri
1205 2223 1296 2258 libri
1311 2222 1505 2259 Ciceronis
1524 2222 1571 2257 de
1589 2233 1646 2258 or.
1667 2231 1746 2256 san-

222 2281 302 2329 guis
326 2281 521 2317 Ciceronis
540 2282 587 2317 de
605 2282 673 2327 fin.
692 2281 799 2317 codd.
861 2279 912 2316 26
934 2280 969 2315 in
991 2279 1098 2315 caede
1118 2280 1153 2315 in
1176 2278 1283 2314 caede
1310 2278 1465 2315 Vindob.
1486 2277 1611 2314 incede
1633 2279 1748 2314 semel

223 2338 318 2381 Erl.,
350 2338 407 2373 bis
436 2339 557 2373 celeri
580 2338 682 2373 libri.
730 2334 1020 2372 ‘Necessarium
1049 2336 1346 2372 emendationem
1374 2333 1560 2381 incedunt,
1588 2345 1644 2371 sc.
1668 2334 1746 2370 Fa-

222 2393 335 2436 riae',
362 2406 476 2441 qaam
496 2396 534 2430 in
561 2394 769 2440 proecdosi
787 2393 981 2438 dederam,
1015 2391 1114 2429 ‘iam
1135 2392 1358 2428 Lambinum
1378 2391 1523 2427 habere
1548 2393 1587 2428 in
1608 2391 1746 2438 τηαν-93

221 2455 363 2486 narrat
392 2450 586 2487 Halmius.
673 2449 802 2485 adsunt
833 2450 888 2485 bis
912 2448 1094 2495 Orellius,
1129 2450 1242 2485 semel
1275 2448 1428 2485 Vindob.
1454 2447 1554 2484 Leid.
1576 2446 1656 2492 AB,
1689 2451 1748 2482 ter

221 2509 302 2554 ipse
331 2509 370 2543 in
399 2509 604 2554 procedosi
690 2517 745 2542 me
773 2516 827 2541 me
854 2505 1018 2542 Orellius
1047 2516 1103 2541 me
1124 2506 1238 2542 semel
1256 2505 1349 2541 libri
1367 2515 1423 2540 me
1444 2514 1572 2552 meque
1592 2502 1748 2549 Maelzly

224 2563 301 2599 med
324 2564 551 2611 Kayserus,
582 2568 623 2600 ut
653 2564 833 2599 senarias
863 2561 1035 2598 incedunt
1064 2563 1134 2600 inc.
1156 2561 1285 2598 adsunt
1314 2560 1395 2597 med
1426 2571 1455 2597 e.
1477 2562 1562 2608 fiat.
1619 2558 1748 2595 adsunt

223 2620 364 2656 adsunt.
397 2621 434 2656 in
465 2619 607 2657 caedem
625 2630 716 2665 me,
748 2619 783 2654 in
814 2617 956 2654 caedem
989 2623 1162 2666 expetunt
1182 2618 1224 2657 L.
1247 2617 1414 2654 Mueller
1442 2617 1489 2653 de
1518 2627 1562 2652 re
1581 2627 1630 2652 m.
1651 2614 1747 2661 424,

223 2687 321 2723 quae
352 2690 375 2712 a
406 2679 574 2713 numeris
602 2677 717 2712 huius
753 2675 897 2711 cantici
931 2686 1007 2711 non
1045 2676 1171 2711 minus
1207 2686 1320 2722 quam
1358 2686 1382 2710 a
1413 2684 1508 2709 sano
1537 2682 1653 2709 sensu
1684 2672 1748 2708 ab·

222 2734 393 2769 horrent.
435 2733 517 2769 Nec
545 2735 740 2780 persuasit
770 2743 879 2768 suum
900 2731 1165 2778 Buecheler-as
1185 2732 1398 2767 senarium:
1428 2728 1597 2765 incedunt
1627 2728 1746 2774 aedes,

223 2789 375 2834 adsunt,
407 2794 539 2826 memet
560 2794 745 2837 expetunt.
836 2787 887 2824 27
910 2799 965 2835 sq.
987 2788 1152 2825 Possunt
1180 2790 1292 2824 eliam
1313 2787 1519 2832 anapaesti
1545 2786 1682 2831 uideri,
1712 2789 1748 2821 el

219 2847 456 2892 placuerunt
486 2847 637 2882 dimetri
656 2846 698 2881 L.
721 2844 908 2881 Muellero
937 2846 963 2881 l.
983 2847 1008 2881 l.
1070 2844 1153 2880 mihi
1175 2844 1336 2890 Erlany.
1370 2842 1475 2877 modo
1498 2841 1591 2878 Gud.
1614 2851 1690 2877 sec.
