1942 3204
731 214 1084 253 OOROLLARIVM
1565 212 1680 251 LXIII

144 327 550 372 commentationem
584 339 623 382 p.
660 327 713 369 10
745 342 806 383 sq.
838 326 1024 382 legisset.
1082 324 1282 367 Ceterum
1315 324 1428 380 quod
1457 325 1606 378 faciem
1637 327 1681 366 et

146 401 356 443 staturam
388 397 575 441 Lucilius
607 398 719 440 idem
753 398 944 455 intellegi
976 396 1128 453 voluit,
1168 396 1294 452 plane
1337 396 1553 438 consentit
1583 411 1679 438 cum

144 469 323 514 Claudio
368 470 670 527 Quadrigari0‚
720 484 846 526 quem
898 468 1072 512 ‘faciem
1123 483 1202 524 pro
1247 470 1413 510 statura
1463 468 1680 524 totiusque

142 543 332 599 corporis
363 542 502 599 figura
538 541 716 584 dixisse’
757 540 920 584 Gellius
951 540 1060 583 XIII
1093 540 1151 583 30
1182 539 1296 596 (29),
1335 540 1359 581 7
1394 543 1553 582 narrat.
1616 539 1679 581 Cf.

145 612 299 657 Pacuv.
330 614 429 658 254.

260 685 388 742 Apud
420 684 596 728 Festum
627 699 666 742 p.
698 685 785 728 313
816 683 873 727 M.
907 698 938 727 s.
970 698 1007 727 v.
1038 686 1194 728 struere
1225 697 1333 739 quae
1366 683 1567 739 leguntur
1600 682 1680 724 ‘ali

143 757 324 814 gradum
350 771 525 815 augere,
556 757 613 800 ali
638 757 843 800 minuere.
874 771 924 800 ac
947 758 1024 799 uix
1040 757 1185 811 pedem
1204 756 1304 810 pedi
1322 754 1526 810 Jwaefert,
1558 755 1680 796 otiose

140 830 191 881 it,
234 830 484 872 remoratur’
525 829 664 886 recepi
702 829 874 885 quidem
913 828 1015 870 olim
1057 828 1170 870 inter
1201 826 1403 882 palliatae
1435 826 1679 881 fragmenta

142 900 307 943 ineerta
352 900 476 957 (XVI
520 916 556 943 v.
594 900 652 944 20
690 900 788 956 sq.),
834 900 907 943 sed
951 902 1000 942 ut
1043 899 1198 941 litteris
1243 913 1292 941 ac
1335 898 1402 940 vel
1445 897 1570 939 Attae
1613 897 1678 945 vel

142 972 261 1015 Accii
284 987 443 1015 nomen
475 973 654 1015 indicari
685 987 811 1028 posse
839 971 1134 1028 significarem.
1173 970 1238 1013 Ac
1263 972 1407 1025 potest
1432 982 1534 1010 sane
1567 968 1678 1023 quod

143 1043 335 1100 sequitur
378 1044 632 1087 vocabulum
676 1045 752 1086 αυξτ
794 1043 988 1087 hausisse
1034 1043 1243 1099 reliquam
1287 1042 1440 1084 Accius
1489 1039 1677 1082 nominis

142 1118 320 1170 partem.
383 1115 506 1166 Quod
542 1117 588 1159 in
620 1131 743 1159 versu
776 1116 864 1158 sive
903 1114 1189 1158 omittendum
1222 1114 1309 1156 sive
1350 1111 1676 1167 relinquendum

141 1190 223 1242 est,
255 1187 415 1230 lentam
448 1191 492 1230 et
530 1188 875 1231 cunctabundam
912 1187 1031 1230 ducis
1063 1201 1114 1229 ex
1151 1199 1298 1242 pugna
1337 1184 1485 1239 fugam
1524 1182 1677 1225 descri-

142 1259 252 1301 bunt
281 1259 347 1301 vel
379 1259 553 1302 bacchei

963 1329 1086 1387 (uix)
1123 1330 1298 1386 pedem

383 1402 506 1459 pedi
533 1402 841 1459 praestruit,
873 1402 1039 1445 oti6se
1071 1402 1129 1458 it,
1161 1399 1450 1458 remoratur

387 1475 634 1531 [gradum]

141 1545 207 1588 vel
239 1547 507 1602 septenarius
538 1546 799 1588 trochaicus:

320 1618 551 1673 praestruit
581 1618 732 1673 pedem
764 1617 880 1672 pedi,
912 1617 1047 1660 oti6se
1073 1618 1125 1673 it,
1157 1618 1397 1658 remoratur
1427 1613 1618 1671 gradum.

142 1689 259 1732 Talis
291 1690 405 1732 enim
444 1689 558 1744 apud
589 1688 827 1731 Homerum
859 1687 908 1730 Il.
942 1688 982 1727 A
1012 1688 1099 1730 546
1132 1703 1222 1743 sqq.
1262 1687 1375 1729 Aiax
1396 1702 1406 1728 ε
1425 1685 1588 1739 τρέσσε
1628 1682 1676 1725 δὲ

141 1758 374 1815 παπτήνας
412 1757 480 1814 ἐφ’
511 1757 694 1814 ὁμίλου,
732 1756 843 1812 θηρὶ
879 1755 1060 1810 ἐοικώς,
1099 1755 1677 1811 Ἑντροπαλιζόμενος,

142 1826 335 1882 ὀλίγον
380 1827 514 1882 γόνυ
557 1824 760 1882 γουνὸς
806 1823 1049 1880 ἀμείβων
1090 1830 1134 1869 et
1175 1830 1276 1882 post
1324 1826 1511 1881 lepidam
1560 1825 1677 1866 illam

142 1900 253 1943 asini
283 1901 499 1956 pascentis
530 1900 764 1956 imaginem
783 1913 821 1940 v.
841 1897 928 1940 565
957 1898 1070 1945 Αἴας
1100 1894 1146 1938 δ’
1168 1895 1332 1938 ἄλλοτε
1361 1894 1445 1951 μὲν
1474 1893 1676 1949 μνησάσ-

142 1984 246 2012 κετο
265 1969 486 2023 θούριδος
514 1967 653 2026 ἀλκῆς
674 1962 815 2017 Arius
842 1965 1176 2021 ὑποστρεφθείς
1198 2000 1206 2009 .
1229 1998 1238 2007 .
1262 1999 1270 2007 .
1304 1962 1376 2008 ὁτὲ
1397 1965 1447 2007 δὲ
1467 1965 1679 2020 τρωπάσ-

143 2053 245 2081 κετο
284 2038 485 2094 φεύγειν.
552 2040 671 2097 Ergo
709 2040 891 2083 fortasse
935 2038 979 2080 in
1017 2035 1371 2092 Efflnausimachc
1415 2036 1489 2078 illa
1532 2050 1677 2078 narra-

143 2112 311 2155 bantur.
374 2111 645 2169 Quamquam
682 2111 894 2155 translato
933 2123 1129 2152 sermone
1168 2124 1193 2150 a
1238 2108 1350 2150 bello
1392 2107 1446 2149 ad
1486 2107 1596 2150 servi
1634 2107 1678 2148 in

142 2183 364 2226 comoedia
394 2183 616 2226 machinas
648 2186 692 2225 et
727 2182 918 2238 pericula
949 2181 1079 2224 etiam
1112 2180 1222 2235 eius,
1260 2179 1333 2235 qui
1365 2178 1678 2222 circumventus

141 2255 271 2298 minis
308 2255 579 2298 inimicorum
617 2254 924 2311 pedetemptim
944 2253 1000 2298 ‚in
1031 2253 1179 2308 fugam
1213 2266 1256 2293 se
1288 2250 1511 2306 reciperet,
1549 2250 1677 2305 tergi-

142 2327 327 2369 versatio
358 2327 435 2369 tali
467 2327 595 2370 modo
626 2326 768 2383 potuit
799 2324 1055 2367 adumbrari.

260 2398 381 2441 Accii
411 2413 557 2441 versus
592 2399 687 2441 181.
719 2397 818 2440 528.
850 2396 948 2439 584.
980 2396 1064 2438 651
1099 2410 1138 2450 p.
1170 2393 1292 2449 XXI,
1333 2394 1419 2436 238
1452 2408 1492 2448 p.
1524 2391 1677 2445 XLVI,

144 2470 229 2512 349
261 2484 301 2525 p.
332 2467 468 2524 XLV,
500 2469 587 2511 374
617 2472 662 2511 et
690 2469 776 2511 461
810 2483 850 2523 p.
881 2466 1103 2522 LXXVII,
1135 2467 1217 2508 601
1253 2481 1292 2520 p.
1324 2464 1421 2506 LXI
1454 2464 1588 2518 tetigi.

261 2540 308 2583 P.
340 2540 425 2583 228
457 2539 503 2582 in
533 2539 660 2582 Marii
691 2538 905 2583 Victorini
944 2538 995 2581 de
1029 2538 1237 2581 Temvwssa
1269 2537 1361 2578 loco
1395 2535 1678 2588 trayoedme

144 2613 258 2655 volui
290 2611 539 2669 genetivum
569 2610 718 2653 haberi
749 2610 912 2653 leniore
944 2613 1159 2652 structura
1191 2622 1319 2663 quam
1346 2607 1381 2648 si
1413 2606 1598 2649 dicebant
1629 2638 1637 2646 .
1669 2639 1675 2646 .

146 2683 375 2739 trayoediae
405 2682 701 2739 coniungatur.

263 2754 310 2797 P.
342 2755 427 2797 229
481 2753 658 2811 „VARII
689 2754 770 2796 ine.
802 2753 886 2796 fab.
919 2751 939 2795 I
979 2751 1091 2809 quod
1124 2754 1222 2807 post
1253 2764 1288 2792 v.
1322 2749 1349 2790 ὃ
1387 2750 1528 2789 motus
1560 2746 1676 2788 chori

146 2827 502 2868 commemoratos
540 2824 672 2867 fuisse
710 2825 842 2867 statui
879 2825 1075 2867 firmatur
1111 2822 1251 2864 verbis
1292 2819 1418 2861 Marii
1452 2817 1676 2872 Victorini,

146 2897 217 2951 qui
255 2895 455 2951 strophae
493 2898 536 2937 et
574 2896 834 2951 antistrophi
873 2896 917 2938 in
949 2894 1128 2938 choricis
1167 2890 1426 2934 carminibus
1464 2888 1671 2944 originem
