1942 3204
297 216 380 258 270
610 216 674 249 EX
700 215 927 250 INCERTIS
952 214 1273 248 INCERTORVM
1298 214 1504 248 FABVLIS

730 319 912 363 CXXIX
946 317 1056 376 (Aa.
1087 319 1169 361 ine.
1200 318 1286 361 fab.
1318 317 1394 376 28)

1076 395 1234 452 gradus
1266 394 1473 439 eliminat.

982 490 1142 534 CXXX

299 570 385 613 230
415 570 499 613 Pro
531 570 741 626 Iuppiter!

900 644 1084 688 CXXXI
1116 644 1214 704 (36)

416 725 539 768 mehe

959 799 1165 843 CXXXII

417 878 707 928 Quintilianus
739 877 802 919 XI
834 878 879 934 3,
912 878 966 919 73
1006 878 1073 919 ‘in
1104 878 1164 919 eis
1197 892 1304 933 quae
1337 878 1389 919 ad
1422 892 1621 920 scaenam
1653 892 1822 934 compo-

297 958 461 998 nuntur
498 955 655 997 fabulis
694 955 877 997 artifices
915 954 1225 1010 pronuntiandi
1263 970 1289 996 a
1324 955 1519 1011 personis
1551 970 1719 1011 quoque
1752 955 1822 997 ad-

299 1034 437 1074 fectus
481 1034 752 1088 mutuantur,
794 1034 843 1074 ut
886 1032 943 1074 sit
985 1030 1185 1087 Aerope
1228 1032 1279 1074 in
1322 1031 1593 1089 tragoedia
1635 1032 1825 1088 tristis,

301 1102 450 1152 atrox'
478 1109 671 1166 Medea,
709 1109 966 1152 attonitus
997 1108 1144 1165 Aiax,
1179 1110 1506 1152 truculentus
1544 1108 1822 1152 Hercules.’

952 1201 1181 1246 CXXXIII
1249 1239 1252 1243 ,

1044 1294 1123 1338 age
1154 1282 1357 1337 propera,
1388 1282 1544 1337 macte,
1576 1279 1724 1324 nitier!

301 1400 529 1434 Menaechm.
553 1402 637 1433 330:
693 1425 701 1433 .
730 1424 738 1432 .
768 1425 775 1431 .
805 1424 814 1432 .
844 1424 851 1431 .
904 1398 1098 1433 volcani
1127 1399 1179 1432 ad
1203 1397 1476 1433 uiole'ntiam

414 1471 435 1487 ,‚
553 1447 635 1478 350:
691 1469 924 1478 .......
978 1443 1169 1478 nauales
1192 1444 1330 1487 pedes

299 1491 392 1525 Rud.
554 1492 636 1523 942:
691 1514 925 1524 .......
980 1489 1215 1532 squamoso
1241 1500 1352 1533 pecu

299 1537 382 1569 Ter.
408 1536 551 1568 Phorm.
576 1537 590 1568 1
616 1537 656 1577 2,
675 1536 735 1568 85:
768 1559 927 1568 .....
982 1534 1195 1568 factumst
1226 1538 1458 1568 uentumst
1483 1533 1718 1568 uincimur.

299 1582 422 1614 Plauti
446 1582 558 1614 Persa
582 1581 635 1613 111
663 1582 698 1612 1.

373 1637 485 1668 quae
511 1625 581 1658 res
605 1626 717 1658 bene
741 1628 894 1659 uortat
917 1625 965 1657 mi
990 1628 1027 1658 et
1052 1626 1121 1659 tibi
1146 1629 1185 1658 et
1208 1626 1332 1658 uentri
1355 1636 1453 1666 meo,

369 1670 802 1714 perennitassitque
827 1670 938 1703 adeo
964 1670 1065 1703 huic
1091 1670 1357 1726 perpetuom
1382 1671 1517 1715 cibum,

367 1721 414 1749 ut
437 1715 527 1749 mihi
552 1717 754 1759 supersit
779 1715 996 1760 suppetat
1022 1714 1309 1759 superstitet.

368 1771 562 1815 sequere
588 1761 687 1803 hac,
713 1772 807 1794 mea
832 1765 989 1816 gnata,
1012 1760 1075 1793 me
1099 1772 1188 1794 cum
1214 1762 1283 1794 dis
1307 1760 1589 1794 uolentibus:

371 1807 474 1850 quoi
499 1807 564 1839 rei
590 1805 728 1850 (Spera
755 1807 886 1840 detur
911 1805 1001 1839 scis
1026 1810 1155 1840 tenes
1179 1805 1430 1849 intellegis.

301 1852 468 1894 (Versum
493 1854 513 1884 2
539 1852 737 1884 secundum
762 1852 832 1885 Bu
843 1851 979 1885 cheleri
1004 1852 1251 1885 coniecturam
1276 1851 1388 1892 dedi).

393 1896 543 1930 CXXIX
569 1897 820 1938 Quintilianus
844 1897 933 1930 VIII
957 1899 994 1938 3,
1020 1898 1062 1929 31
1090 1897 1230 1930 ‘nostri
1254 1901 1319 1929 aut
1343 1898 1381 1929 in
1406 1897 1589 1939 iungendo
1615 1900 1679 1941 aut
1704 1897 1742 1929 iu
1767 1896 1826 1929 de-

302 1942 453 1975 riuando
479 1942 627 1985 paulum
653 1942 792 1985 aliquid
818 1943 899 1975 ausi
923 1942 986 1974 uix
1011 1942 1049 1974 in
1074 1942 1142 1975 hoc
1167 1943 1261 1976 satis
1285 1942 1525 1985 recipiuntur.
1567 1952 1652 1974 nam
1680 1942 1828 1974 memini

302 1989 448 2020 iuuenis
474 1987 669 2020 admodum
694 1989 819 2020 inter
842 1987 1131 2030 Pomponium
1164 1998 1212 2020 ac
1237 1987 1447 2020 Senecam
1481 1988 1614 2019 etiam
1646 1987 1827 2030 praefa-

301 2034 509 2065 tionibus
541 2043 642 2066 esse
675 2036 940 2075 tractatum,
974 2042 1027 2064 an
1057 2032 1221 2075 gradus
1253 2032 1465 2064 eliminat
1495 2032 1540 2064 in
1582 2031 1827 2075 tragoedia
1880 2038 1883 2042 ’

303 2078 376 2110 dici
410 2079 661 2120 oportuisset.’
710 2078 1005 2119 (eliminatim
1035 2078 1277 2120 tragoedia
1306 2077 1471 2110 Ambros.
1504 2077 1632 2110 Bamb.
1675 2077 1826 2109 elumi-

302 2128 453 2155 natum
479 2123 718 2166 tragoedia
743 2123 883 2155 Monac.
919 2122 1159 2155 cliniatum
1184 2121 1426 2164 tragoedia
1448 2122 1644 2164 Argentor.
1681 2122 1827 2154 elimi-

302 2171 454 2200 natum
479 2168 725 2210 tragoedia
749 2168 834 2202 Tur.
859 2168 959 2202 Flor.
977 2167 1099 2200 Guelf.
1125 2167 1334 2200 eliminat
1359 2166 1473 2210 apud
1499 2167 1682 2199 Accium
1706 2167 1751 2199 in
1775 2170 1827 2199 tr.

302 2213 387 2245 inde
414 2224 436 2245 a
462 2213 624 2256 Gryplnio
649 2214 684 2245 in
712 2213 811 2254 edd,
846 2213 1017 2246 omittunt
1043 2212 1158 2255 apud
1182 2213 1360 2245 Accium
1384 2211 1506 2254 codd)
1599 2211 1732 2245 CXXX
1756 2213 1829 2245 Do·
1898 2209 1911 2215 ’

268 2280 273 2287 1
302 2262 414 2299 natus
438 2259 476 2289 in
499 2258 581 2292 Ter.
606 2258 759 2301 Adelph.
781 2259 800 2291 I
822 2259 862 2300 2,
887 2260 928 2291 31
956 2260 1055 2300 ‘pro
1079 2257 1292 2300 Iuppiter'
1316 2257 1458 2298 tragica
1485 2256 1733 2290 exclamatio!
1772 2256 1826 2293 Cf,

302 2302 415 2335 Ennii
431 2313 467 2343 ιι.
483 2305 559 2338 335.
637 2303 787 2336 CXXXI
812 2303 1063 2344 Quintilianus
1088 2304 1106 2336 I
1130 2305 1168 2345 5,
1195 2304 1236 2335 21
1263 2302 1501 2346 ‘parcissime
1527 2305 1593 2335 ea’
1619 2302 1670 2343 (Η
1686 2302 1827 2343 littera)

305 2351 476 2389 ‘ueteres
501 2349 558 2380 usi
587 2374 596 2381 .
617 2374 624 2381 .
645 2373 653 2382 .
685 2350 805 2391 erupit
835 2349 942 2381 breui
966 2352 1130 2391 tempore
1161 2347 1296 2380 nimius
1320 2357 1406 2379 usus
1430 2372 1438 2379 .
1458 2372 1466 2380 .
1487 2371 1495 2381 .
1525 2357 1599 2389 qua
1624 2347 1668 2380 de
1693 2358 1732 2380 re
1758 2347 1828 2379 Ca-

303 2393 387 2425 tulli
417 2393 538 2425 nobile
577 2395 801 2437 epigramma
830 2397 895 2429 est.
940 2393 1026 2426 inde
1058 2394 1166 2426 durat
1197 2393 1241 2425 ad
1274 2403 1341 2425 nos
1375 2402 1489 2435 usque
1520 2393 1760 2425 uehementer
1790 2395 1828 2424 et

305 2438 611 2481 comprehendere
639 2443 676 2471 et
705 2439 809 2471 mihi:
842 2449 926 2471 nam
958 2438 1078 2471 mehe
1105 2448 1246 2482 quoque
1273 2448 1336 2480 pro
1362 2448 1418 2470 me
1451 2437 1564 2480 apud
1597 2437 1827 2479 antiqu08‚

303 2483 646 2526 tragoediarum
676 2484 916 2527 praecipue
954 2484 1219 2527 scriptores,
1257 2484 1300 2515 in
1331 2483 1566 2515 ueteribus
1597 2482 1727 2514 libris
1760 2483 1827 2514 in-

304 2530 534 2562 uenimus.’
649 2528 818 2562 CXXXII
844 2538 1006 2571 aerope
1031 2529 1140 2564 Bern.
1167 2529 1293 2561 Bamb.
1320 2538 1482 2570 europe
1506 2527 1653 2560 Monac.
1689 2527 1827 2560 Niobe
1873 2553 1883 2563 .

306 2574 391 2606 cdd.
415 2577 505 2607 uett.
544 2574 721 2616 Merope
748 2575 914 2616 Lanqus
938 2574 1036 2606 uind.
1067 2577 1162 2616 trag.
1193 2574 1295 2609 Rom
1378 2574 1434 2606 47.
1478 2572 1535 2607 Cf.
1560 2575 1704 2615 quaest.
1729 2582 1827 2604 scen.

303 2630 341 2662 p.
367 2621 444 2652 267.
553 2617 742 2651 CXXXIII
769 2619 956 2652 Charisius
984 2619 1170 2661 11p.17·2
1195 2616 1235 2650 Ρ.
1262 2584 1574 2651 ‘demonstrafidi’
1606 2616 1670 2659 (sc.
1699 2616 1825 2648 aduer

304 2665 456 2706 bium)‘
468 2674 512 2697 en
539 2664 634 2706 abit,
667 2674 752 2696 ecce
777 2665 881 2697 uenit
906 2665 1020 2696 currit
1045 2663 1204 2698 adsistit.
1251 2662 1493 2696 Hortandi:
1525 2672 1606 2705 age
1637 2672 1828 2704 propera

420 2795 499 2832 231
533 2795 635 2832 mehe
664 2795 836 2832 Ambros.
860 2807 909 2832 m.
931 2794 955 2831 2
987 2795 1081 2831 mehi
1110 2807 1158 2832 m.
1191 2795 1212 2830 1
1245 2805 1323 2831 mee
1354 2793 1473 2831 Bern.
1506 2793 1640 2830 Bamb.
1673 2791 1826 2830 Monac.

307 2852 466 2900 Aryem.
500 2852 623 2889 nichae
654 2850 735 2900 (pro
766 2850 878 2899 meae)
910 2851 1123 2889 Salmasius
1153 2852 1206 2888 ad
1233 2851 1340 2888 Flor.
1362 2851 1388 2887 I
1407 2851 1443 2894 1,
1467 2849 1531 2887 18.
1569 2849 1628 2898 Cf.
1653 2849 1826 2886 Bueche-

305 2910 412 2944 lerns
433 2910 478 2945 de
498 2911 565 2945 lat:
587 2909 682 2945 decl.
703 2920 742 2955 p.
768 2907 819 2944 25
900 2907 978 2944 232
1001 2908 1107 2944 nitier
1126 2909 1206 2944 cod.
1229 2908 1365 2943 uirtute
1386 2907 1475 2944 edd..
1542 2906 1627 2943 Duo
1649 2908 1827 2953 exempla
