1942 3204
177 141 256 182 118
775 145 825 176 Μ.
850 142 1089 192 Ponvlvs

856 245 896 287 x
924 244 1021 302 (24)

173 317 260 359 325
291 317 419 385 Hffld
452 317 853 385 sinamstqudi'dfluam
878 317 1041 372 profari
1071 316 1192 373 prius
1218 333 1347 374 quam
1372 333 1549 374 accepso
1582 317 1696 374 qu6d

1140 397 1253 450 peto.

835 453 899 496 XI
932 451 1028 510 (16)

290 523 504 566 Facessite
537 539 685 566 omnes
716 522 837 566 hinc:
868 540 1098 580 parumper
1128 526 1176 567 ui
1207 525 1349 567 mane!

805 601 891 644 XII
924 599 983 659 (4.
1015 600 1063 659 5)

846 678 1021 721 Telamo

291 754 526 810 Segregare
559 755 635 796 abs
666 757 709 796 te
742 755 882 797 aiisu’s
915 757 989 797 aut
1015 755 1106 797 sine
1132 754 1208 798 sslo
1229 755 1492 798 Salaminam
1518 754 1700 812 ingredi,

291 831 441 887 Neque
462 834 689 887 paternum
710 833 929 887 aspectum
961 847 1005 874 es
1023 833 1204 888 ueritus,
1237 848 1366 888 quom
1391 834 1530 876 aetate
1551 834 1700 875 exacta

1145 908 1337 966 indigem

291 984 494 1028 Liberum
525 986 722 1028 lacerasti
755 986 916 1028 orbasti
948 985 1147 1042 extinxti,
1178 1002 1315 1042 neque
1346 986 1493 1029 fratris
1524 988 1640 1030 necis

174 1064 260 1106 330
291 1062 441 1118 Neque
486 1063 575 1105 eius
621 1063 742 1118 gnati
785 1063 926 1119 parui,
970 1063 1043 1118 qui
1085 1064 1164 1105 tibi
1207 1062 1254 1105 1'n
1298 1065 1477 1107 tutelam
1515 1066 1580 1107 est
1615 1066 1700 1107 'nra-

1148 1141 1261 1183 ditus
1293 1141 1379 1183 --?

178 1245 242 1267 eas
266 1251 310 1256 —
334 1251 378 1256 —
403 1234 498 1267 idem
523 1245 603 1266 cum
629 1236 682 1267 ait
707 1245 883 1277 sapsam
909 1245 972 1277 pro
997 1235 1078 1277 ipsa
1103 1245 1171 1267 nec
1196 1235 1272 1267 alia
1297 1253 1338 1258 -—
1363 1253 1406 1258 —
1432 1239 1470 1269 et
1485 1236 1526 1269 P.
1553 1237 1591 1268 in
1608 1237 1701 1269 Teu-

175 1290 235 1312 cro
259 1305 268 1313 .
290 1305 297 1312 .
320 1282 348 1311 .’
465 1280 498 1312 X
522 1279 614 1313 Non.
643 1281 701 1317 74,
727 1283 767 1313 31
803 1283 1035 1323 ‘accepso‚
1069 1280 1237 1322 accipio.’
1353 1281 1406 1313 XI
1431 1282 1522 1315 Non.
1548 1283 1632 1322 306,
1657 1284 1701 1315 33

175 1329 186 1344 ‘
199 1325 436 1357 facessere
464 1324 649 1367 significat
666 1325 839 1358 recedere
865 1350 872 1357 .
887 1351 894 1358 .
910 1349 940 1358 ..
964 1326 1149 1358 Pacuuius
1167 1327 1307 1358 Teucro
1334 1324 1451 1368 [XIX]
1475 1327 1562 1358 item
1582 1325 1700 1370 [326].’

176 1370 286 1402 Pauli
311 1370 443 1402 Festus
470 1381 503 1412 p.
528 1371 572 1403 86
597 1370 644 1402 Μ.
671 1370 926 1403 ‘facessere
958 1396 966 1403 .
987 1395 994 1403 .
1016 1396 1023 1403 .
1052 1370 1233 1404 interdum
1258 1381 1348 1404 uero
1374 1382 1438 1413 pro
1463 1372 1576 1404 abeat
1601 1372 1702 1414 poni-

175 1419 246 1449 tur.
289 1415 531 1447 Pacuuius:
559 1416 780 1448 facessite
805 1426 952 1448 omnes
977 1416 1160 1457 hinc‚,id
1186 1419 1243 1448 est
1268 1417 1397 1451 abite.’
1475 1417 1545 1448 XII
1571 1416 1700 1450 Cicero

175 1461 219 1493 de
253 1463 343 1492 orat.
371 1461 406 1492 lI
430 1462 492 1502 46,
522 1462 584 1493 193
617 1460 720 1503 ‘quid
751 1464 872 1503 potest
903 1471 983 1493 esse
1015 1464 1090 1494 tam
1122 1460 1243 1493 fictum
1276 1471 1384 1503 quam
1416 1472 1562 1503 uersus,
1593 1472 1701 1505 quam

175 1516 330 1545 scaena,
364 1515 470 1548 quam
501 1505 674 1538 fabulae?
715 1506 855 1538 Tamen
885 1506 923 1538 in
953 1506 1023 1539 hoc
1047 1516 1182 1549 genere
1213 1516 1326 1548 saepe
1350 1507 1430 1549 ipse
1462 1507 1555 1548 uidi,
1587 1511 1628 1539 ut
1658 1518 1700 1540 ex

175 1561 331 1594 persona
368 1550 457 1582 mihi
494 1550 622 1584 ardere
660 1551 757 1584 oculi
790 1551 945 1584 hominis
982 1552 1172 1585 histrionis
1214 1551 1429 1585 uiderentur
1465 1552 1702 1594 splendida

174 1596 261 1628 illa
287 1595 485 1628 dieentis:’
511 1594 791 1639 (sponda¹lia
816 1596 916 1637 illa,
942 1596 953 1628 1
979 1597 1107 1629 eadem
1123 1607 1231 1630 manu
1249 1607 1446 1639 suprascr.‚
1473 1597 1549 1631 Erl.
1575 1607 1701 1640 spon-

177 1641 296 1674 dalli
326 1640 408 1673 illa
433 1641 599 1679 Abrinc.‚
632 1641 859 1684 spondali,
892 1642 1145 1684 spondalli,
1172 1642 1453 1685 spondialia‚
1485 1642 1702 1684 spondal-

175 1687 267 1728 lua,
299 1686 553 1728 spondalis‚
587 1687 856 1729 spondaica‚
889 1687 1199 1730 spondallitia
1224 1687 1340 1720 ceteri
1364 1687 1450 1719 libri
1476 1688 1700 1730 spondan-

175 1732 239 1764 lia
264 1731 468 1764 Salmasius
493 1731 539 1764 ad
565 1731 678 1765 Solin.
707 1733 723 1765 Ι
748 1734 791 1766 88
817 1743 836 1765 e
867 1733 1037 1775 sponda
1068 1732 1151 1764 illa
1176 1733 1409 1765 Hermannus
1433 1732 1570 1775 Opusc.
1595 1734 1612 1766 1
1636 1734 1702 1766 304

176 1788 255 1810 sua
288 1780 447 1819 sponte
485 1776 635 1810 aliena
670 1777 750 1810 illa
781 1777 906 1810 Iustus
936 1778 1083 1820 Ieepius
1116 1777 1245 1810 Philol.
1277 1777 1327 1810 IV
1360 1778 1425 1811 305
1456 1788 1510 1820 sq.
1541 1781 1588 1810 ut
1623 1788 1701 1811 sua

177 1825 334 1865 sponte
361 1821 519 1854 aliena
543 1822 755 1855 Pideritius.
802 1822 1052 1865 Sophoclia
1076 1823 1159 1855 illa
1185 1823 1279 1855 coni.
1304 1822 1500 1863 Klotzius.)
1527 1826 1702 1866 ‘segre-

177 1878 281 1910 gare
313 1892 320 1899 .
341 1892 349 1900 .
371 1891 378 1898 .
408 1867 608 1900 ueritus?
648 1867 852 1910 Numquam
876 1867 979 1900 illum
1004 1871 1195 1910 aspectum
1221 1868 1385 1909 dicebat,
1411 1869 1496 1910 quin
1522 1868 1609 1901 mihi
1633 1869 1701 1900 're-

176 1913 271 1944 lamo
297 1913 413 1944 iratus
441 1912 561 1944 furere
586 1912 690 1945 luctu
713 1912 780 1944 filii
805 1913 1007 1946 uideretur.
1041 1914 1088 1946 At
1112 1913 1209 1946 idem
1233 1913 1365 1946 inflexa
1389 1913 1437 1946 ad
1460 1913 1703 1947 miserabilem

177 1967 305 1990 sonum
329 1967 436 1989 uoce:
464 1967 587 1999 quom
615 1961 769 1990 aetate
801 1982 809 1990 .
831 1983 839 1990 .
859 1983 867 1991 .
891 1958 1092 1990 traditus
1116 1958 1207 1991 flens
1233 1968 1276 1990 ac
1299 1958 1429 2000 lugens
1454 1959 1576 1992 dicere
1601 1958 1702 1991 uide-

179 2003 298 2037 batur.
347 2002 449 2042 Quae
477 2003 507 2034 si
532 2002 595 2035 ille
621 2003 770 2044 histrio,
796 2003 930 2036 cotidie
958 2013 1038 2035 cum
1063 2007 1206 2046 ageret,
1234 2006 1357 2036 tamen
1382 2006 1504 2036 recte’
1531 2002 1616 2046 (del.
1636 2003 1702 2035 Er-

176 2109 330 2147 regnum
362 2099 516 2135 Grotius
537 2098 637 2134 Bibl.
662 2109 716 2134 cr.
740 2111 776 2135 n.
798 2098 863 2134 IV
890 2098 1066 2135 Teucrum
1097 2109 1212 2146 regno
1247 2097 1288 2135 0.
1311 2098 1526 2136 Muellerus
1620 2099 1701 2137 326

179 2166 302 2191 omnes
334 2155 416 2190 hinc
445 2155 563 2191 Pauli
590 2155 750 2201 Festus,
792 2154 946 2192 Vossius
976 2155 1058 2191 hinc
1088 2166 1211 2191 omnes
1244 2155 1406 2202 Nonius,
1439 2156 1700 2203 Hermannus,

178 2214 245 2260 qui
274 2223 359 2248 cum
391 2213 532 2248 ceteris
562 2213 737 2248 distinxit
777 2216 868 2248 ante
897 2223 1108 2259 parumper:
1146 2212 1316 2259 defendit
1345 2213 1448 2248 hanc
1477 2215 1701 2258 interpunc-

177 2270 314 2305 tionem
344 2279 470 2314 nuper
490 2268 670 2304 Klotzius
700 2269 753 2304 ad
775 2269 861 2304 Ter.
883 2269 1001 2304 Andr.
1024 2268 1048 2304 I
1069 2270 1103 2314 1,
1128 2270 1169 2309 1;
1199 2269 1344 2305 habere
1373 2270 1475 2316 quod
1502 2270 1702 2315 displiceat

178 2335 323 2361 mecum
354 2327 467 2362 sentit
497 2324 765 2361 Buechelerus
874 2324 953 2362 327
986 2335 1094 2360 ausus
1126 2325 1238 2373 uutyo
1335 2324 1409 2361 ullo
1440 2325 1522 2362 Erl.
1545 2326 1701 2362 Abrinc.

181 2382 275 2417 Gud.
300 2393 321 2417 c
444 2380 655 2417 Salaminam
683 2381 837 2430 Lccqom.
869 2380 893 2417 4
926 2381 1100 2417 Salamina
1138 2385 1259 2418 ceteri
1408 2381 1488 2419 328
1520 2387 1702 2430 aspectum

179 2439 263 2475 Erl.
295 2449 379 2474 cum
403 2439 604 2485 plerisque
633 2438 786 2486 Layom.
825 2438 1032 2486 adspectum
1062 2439 1176 2486 uulyo
1291 2449 1400 2486 quom
1430 2438 1514 2475 Ert.
1546 2450 1594 2474 m.
1618 2450 1700 2485 pr„

179 2495 336 2532 Abrinc.
366 2505 447 2530 cum
477 2494 630 2542 Layom.
663 2493 688 2530 4
724 2494 772 2532 13
805 2493 858 2531 32
891 2494 943 2532 36
976 2494 1071 2530 Gud.
1095 2506 1116 2530 c
1147 2505 1250 2542 quem
1281 2497 1421 2538 ceteri,
1460 2499 1496 2530 et
1519 2495 1704 2541 probauit

180 2552 433 2588 Hermannus
540 2549 620 2587 329
653 2549 804 2587 extimui
834 2551 1034 2588 Manutius
1064 2551 1286 2587 exstincxisti
1316 2551 1400 2588 Erl.
1432 2550 1610 2586 extinxisti
1641 2562 1701 2587 ce-

181 2610 254 2645 teri
345 2607 428 2644 330
458 2617 574 2654 neque
604 2607 679 2642 eius
711 2608 824 2656 grati,
855 2610 1008 2644 litterae
1037 2618 1055 2642 r
1086 2609 1333 2655 corruptelae
1360 2609 1466 2655 siyno
1495 2617 1617 2654 supra
1646 2610 1702 2644 in-

175 2666 301 2712 posito
340 2664 496 2700 Abrinc.
535 2673 652 2711 neque
693 2664 769 2700 eius
809 2665 895 2700 crati
927 2665 1030 2709 Erl.,
1069 2665 1209 2701 lineola
1245 2666 1333 2701 uoci
1377 2663 1453 2699 eius
1502 2664 1701 2700 subducta.

181 2731 298 2768 neque
329 2721 428 2768 gnati
449 2719 527 2755 eius
548 2719 819 2767 Hermannus,
851 2725 887 2757 el
911 2721 1055 2767 probat
1077 2720 1143 2756 CF
1150 2721 1200 2757 W
1215 2721 1380 2758 Mueller
1393 2721 1551 2766 prosod.
1571 2721 1701 2757 Plaut.

182 2777 283 2823 388,
315 2779 442 2813 nescio
474 2789 525 2813 an
555 2779 701 2813 merito.
799 2776 908 2813 tutela
938 2781 993 2813 est
1023 2777 1107 2813 Erl.
1141 2776 1288 2814 tutelast
1318 2776 1474 2813 Abrinc.
1569 2776 1703 2813 Miseri-

180 2838 255 2869 tum
288 2838 343 2869 est
373 2838 544 2870 secutum
574 2843 656 2870 esse
685 2834 839 2870 uidetur
867 2833 1093 2870 Hermanno
