1942 3204
788 246 838 283 M.
864 246 1106 282 PAchIvs
1657 245 1711 289 97

842 350 908 394 IV
939 347 1038 409 (12)

293 426 401 470 Cum
433 428 573 484 neque
605 442 672 470 me
703 428 894 484 aspicere
925 429 1126 485 aequziles
1157 428 1390 485 dignarent
1421 444 1541 471 meae

852 505 893 549 V
926 504 1024 565 (10)

290 581 417 626 Prius
449 583 552 626 data
582 585 648 626 est
678 598 808 640 quam
839 583 922 627 tibi
953 584 1047 627 dari
1079 584 1222 641 dictas
1249 588 1325 627 alit
1365 600 1493 641 quam
1525 585 1710 627 reditum

711 654 714 658 ⁵
1030 664 1096 705 est
1125 661 1351 719 Pergamo.

856 739 921 783 VI
953 737 1021 798 (7)

292 815 417 867 Qudd
449 830 531 873 ego
563 817 610 859 in
641 817 733 859 acie
765 817 934 860 celebra
960 817 1183 860 obiectans
1203 816 1341 861 uitam
1361 818 1563 861 bellando
1584 819 1710 874 ziptus

1030 910 1126 938 sum

835 972 923 1016 VH
955 970 1052 1030 (26)

289 1048 402 1100 Qm'd
439 1049 666 1092 benefacta
695 1047 792 1107 [mei
825 1051 980 1107 patris,
1023 1050 1143 1093 cuius
1181 1052 1313 1106 opera
1355 1053 1398 1093 te
1437 1066 1529 1094 esse
1567 1053 1707 1095 ultum

1030 1130 1261 1171 antumant
1274 1128 1296 1170 P

834 1205 944 1250 VHI
978 1204 1046 1263 (1)

174 1282 260 1325 170
293 1316 591 1326 .....
651 1283 776 1340 regni
808 1283 939 1326 alieni
970 1283 1183 1339 clipiditas

289 1359 484 1403 Pellexit.

836 1433 900 1476 IX
934 1432 1031 1492 (19)

290 1507 416 1567 [Tuo]
451 1510 530 1553 siib
561 1510 718 1553 iudicio
751 1525 861 1566 quae
893 1513 1043 1554 omnes
1074 1509 1295 1553 tetinerim
1326 1511 1486 1566 grados

847 1588 889 1631 X
921 1587 1018 1646 (22)

286 1662 401 1706 Nam
428 1666 545 1708 s6lus
569 1665 735 1709 Danais
766 1664 839 1708 hic
871 1665 1047 1709 domum
1077 1665 1258 1708 itionem
1290 1665 1418 1708 dedit.

842 1743 907 1786 XI
939 1741 1037 1800 (23)

287 1819 374 1862 Par
403 1820 634 1878 f6rtitud0,
665 1821 839 1878 gemina
870 1821 1144 1864 confidentia.

257 1950 306 1983 1v
331 1951 412 1984 Non
436 1952 515 1993 470,
535 1953 578 1985 19
610 1951 825 1995 ‘dignaui
850 1963 916 1996 pro
940 1951 1117 1995 dignatus
1142 1962 1220 1985 sum
1244 1951 1306 1985 uel
1331 1952 1478 1995 dignum
1506 1951 1593 1986 duxi
1616 1978 1625 1987 .
1645 1977 1651 1986 .
1675 1957 1705 1988 .’

167 1994 318 2029 Seruius
341 1996 380 2029 in
403 1997 495 2033 Aen.
520 1997 573 2031 XI
600 1998 663 2031 169
688 1997 775 2030 ‘alii
801 1997 978 2042 dignem
1010 1997 1139 2039 legunt
1164 1998 1269 2031 iuxta
1293 2001 1441 2031 ueteres
1466 1998 1513 2031 ab
1540 2009 1583 2031 eo
1609 1999 1705 2042 quod

167 2043 226 2074 est
256 2041 392 2085 digno
420 2067 428 2076 .
449 2067 458 2075 .
478 2044 508 2077 .’
549 2042 748 2076 Diomedes
778 2043 858 2122 12).
883 2045 950 2077 395
975 2044 1014 2076 Ρ.
1047 2042 1209 2086 ‘digno
1239 2045 1294 2077 ait
1323 2043 1511 2077 Pacuuius
1541 2044 1579 2077 in
1610 2045 1707 2078 Her·

166 2086 290 2120 mione
313 2111 320 2119 .
341 2111 350 2121 .
370 2086 399 2120 .'
498 2089 530 2122 V
555 2088 648 2122 Non.
675 2089 758 2130 280,
783 2090 803 2121 2
853 2089 1031 2122 ‘dicere
1058 2089 1170 2121 etiam
1195 2088 1409 2132 promittere
1438 2113 1447 2122 .
1468 2113 1477 2122 .
1497 2114 1504 2122 .
1530 2092 1560 2122 .’
1654 2091 1706 2124 VI

165 2130 259 2165 Non.
283 2133 367 2175 234,
392 2134 438 2167 25
461 2136 620 2177 ‘aptus
646 2132 835 2176 significat
860 2134 1016 2177 adeptus
1039 2158 1047 2167 .
1063 2136 1115 2168 ..’
1239 2135 1309 2168 VH
1332 2134 1424 2167 Non.
1449 2135 1527 2175 237,
1553 2137 1574 2168 3
1600 2138 1703 2168 ‘au—

166 2179 336 2211 tumare
361 2183 420 2212 eet
443 2178 578 2214 dicere.
621 2179 805 2213 Pacuuius
828 2180 1011 2213 Periboea
1033 2204 1064 2213 ..
1080 2179 1208 2213 ,idem
1232 2180 1434 2213 Hermiona
1459 2205 1466 2212 .
1482 2204 1490 2213 .
1505 2183 1534 2212 .’
1613 2181 1701 2215 VIII

166 2222 280 2256 Varro
304 2223 350 2256 de
374 2223 399 2257 1.
423 2224 468 2257 L.
491 2224 543 2258 VI
566 2225 612 2258 94
633 2224 683 2258 M.
709 2224 844 2268 ‘pelle
856 2226 939 2267 xit,
966 2225 1062 2268 quod
1087 2225 1125 2258 in
1150 2225 1365 2264 Hermiona,
1392 2236 1472 2258 cum
1498 2225 1554 2258 ait
1579 2225 1705 2259 Pacu·

164 2267 221 2301 ius
244 2267 319 2301 ...'
345 2268 564 2310 (ermiona
589 2273 628 2303 et
652 2270 841 2313 paculus
865 2270 980 2310 Flor.)
1085 2271 1137 2304 IX
1161 2269 1254 2303 Non.
1279 2271 1356 2313 178,
1383 2272 1424 2303 14
1450 2271 1703 2304 ‘tetinerit

164 2322 229 2356 pro
253 2315 418 2348 tenuerit
440 2317 538 2350 ....’
645 2315 679 2348 X
703 2315 796 2351 Non.
821 2317 879 2355 96,
909 2318 924 2349 1
953 2315 1309 2349 ‘domationem’
1419 2315 1470 2348 XI
1494 2315 1590 2350 Non.
1615 2318 1697 2359 316,

167 2359 210 2391 18
241 2359 486 2402 ‘geminum
518 2370 659 2394 rursum
692 2361 838 2398 simile)

284 2490 364 2530 166
394 2493 451 2529 cui
482 2491 638 2531 Monac.
670 2492 865 2531 Diomedis
960 2504 1099 2543 nequae
1129 2494 1260 2531 Paris.
1283 2493 1320 2530 B
1350 2491 1542 2531 Diomedis
1648 2506 1702 2530 nie

171 2558 244 2584 om.
266 2547 470 2587 Diomedes
557 2550 734 2599 aspiceret
764 2550 913 2588 Nonius
942 2551 1120 2600 inspicere
1142 2550 1305 2588 Seruius
1390 2560 1488 2587 meae
1519 2561 1589 2588 om.
1612 2550 1701 2586 Dio-

165 2605 293 2642 medes
322 2609 359 2642 el
383 2605 548 2645 Seruius
636 2606 715 2644 168
745 2606 887 2644 celebra
909 2607 1072 2645 Bolbius
1101 2606 1244 2644 celebro
1273 2607 1365 2644 libri
1392 2605 1524 2644 celebri
1544 2607 1593 2643 Il.
1618 2606 1699 2642 Ste-

162 2661 321 2707 phanus
350 2661 478 2700 crebro
512 2664 668 2702 Vossius
798 2663 876 2701 169
915 2662 1103 2701 benefacta
1141 2664 1210 2700 mei
1240 2659 1699 2701 Mercerus'benesaciaui

165 2716 198 2753 ei
227 2717 321 2755 libri
424 2729 532 2769 opera
564 2726 600 2758 te
630 2721 746 2770 uulyo
777 2731 886 2769 opera
917 2731 1027 2769 opera
1063 2726 1098 2757 te
1126 2721 1219 2757 libri
1322 2724 1507 2757 autumant
1538 2718 1702 2754 Bolleius

165 2777 325 2811 autumat
352 2775 444 2812 libri
535 2776 615 2815 172
646 2783 711 2814 tuo
742 2789 813 2815 om.
842 2778 934 2814 libri
1020 2782 1083 2813 tuo
1112 2776 1244 2813 iudicio
1278 2776 1430 2814 Vossius
1517 2773 1697 2810 tetinerim

165 2829 298 2878 gradus
331 2831 486 2870 Vossius
515 2833 650 2883 grados
674 2834 853 2871 tetinerim
874 2834 966 2871 libri
994 2832 1120 2870 Graios
1151 2833 1333 2870 tetinerim
1353 2833 1574 2870 dubitanter
1595 2830 1696 2866 Bue-

164 2885 344 2924 cbelerus
438 2889 516 2927 173
547 2890 671 2927 Danais
692 2890 831 2928 Iunius
850 2892 889 2927 in
910 2902 980 2938 my.
1006 2888 1143 2938 nanaps
1161 2889 1253 2927 libri
1329 2887 1578 2924 domationem
1608 2886 1700 2923 libri

164 2940 422 2981 domuitionem
454 2946 610 2984 Vossius
638 2946 871 2984 domitionem
899 2947 1053 2995 slayilal
1082 2946 1126 2983 L.
1148 2946 1361 2984 Muellerus
1390 2945 1436 2980 cle
1467 2953 1511 2979 re
1531 2955 1577 2979 m.
1599 2941 1684 2980 420

232 3011 374 3039 Bnmtcx
381 3032 389 3046 ,
408 3013 519 3042 Senon.
538 3015 647 3050 stagm.
1391 3023 1409 3054 7
