1942 3204
254 182 308 223 36
886 183 928 224 Q.
956 183 1132 217 ENNIVS

921 287 1027 330 XIV
1049 286 1115 344 (8)
1292 337 1301 355 .

374 397 632 405 .......
663 379 739 419 per
769 366 847 406 uos
880 368 922 406 et
953 368 1197 407 nost-rorum
1231 364 1416 423 [ducum]

372 440 617 496 'Imperium
637 444 680 483 et
698 442 842 496 fide'm,
867 442 1186 497 Myrmidonum
1205 441 1377 499 uigiles,
1402 444 1776 487 commiserescific!

259 595 342 636 160
373 594 528 637 Melius
563 598 628 637 est
659 596 817 638 uirtube
849 596 931 638 ius:
963 611 1065 638 nam
1098 598 1223 652 saepe
1255 597 1458 639 uirtutem]
1489 599 1591 640 mali

371 672 708 715 Nzincisountur:
740 673 805 715 itis
839 676 965 728 atque
986 689 1134 716 aecum
1155 689 1198 716 se
1230 676 1255 716 ai
1286 675 1410 717 malis
1437 674 1602 730 spernit
1619 676 1779 731 procul.
1818 674 1824 682 “

898 784 1141 828 HEoVBA

955 863 976 904 Ι
1009 861 1076 919 (9)

374 971 812 980 .......
874 939 1110 981 undanffim
1142 941 1278 982 salum

561 1000 566 1004 ’
944 1016 988 1058 11
1021 1014 1088 1073 (1)

373 1091 408 1133 O
440 1093 599 1148 maigna
630 1094 791 1148 templa
822 1093 1040 1149 cae‘litum‚
1072 1092 1303 1135 commixta
1335 1095 1468 1136 sbellis
1501 1096 1752 1150 splcndidis!

931 1169 998 1211 III
1031 1167 1098 1227 (3)

371 1245 468 1288 Heu
500 1261 567 1288 me
599 1247 814 1305 miseram!
853 1247 1014 1289 interii:
1051 1250 1239 1302 pergunt
1274 1248 1418 1290 lziuere
1457 1263 1651 1307 sanguen
1682 1250 1777 1291 sein-

1103 1338 1244 1380 gume.

346 1454 432 1487 XIV
455 1454 548 1488 Non.
573 1455 659 1495 472,
684 1455 727 1486 27
752 1454 1203 1487 ‘conmiserescimus
1225 1478 1233 1486 .
1254 1479 1262 1486 .
1281 1477 1291 1487 .
1313 1455 1455 1488 Ennius
1479 1456 1691 1489 Hectoris
1715 1456 1777 1499 ly·

252 1500 365 1532 stris
389 1503 463 1532 ...²
492 1498 950 1540 (commiserescimus
973 1500 1100 1534 Bamb.
1148 1500 1366 1532 Haectori
1390 1500 1541 1533 listris
1564 1500 1708 1543 Bamb.)

251 1544 318 1577 XV
342 1545 435 1579 Non.
461 1546 538 1585 399,
563 1545 585 1576 8
610 1547 848 1587 ‘spernere
873 1554 1013 1577 rursum
1037 1555 1246 1587 segregare.
1275 1545 1415 1577 Ennius
1440 1546 1533 1578 Hae
1545 1546 1684 1578 ctoris
1703 1546 1777 1588 ly-

251 1590 330 1622 tris
354 1614 361 1621 .
376 1614 384 1621 .
399 1592 428 1621 ,⁷
455 1589 632 1631 (listris
656 1588 717 1631 W)
779 1589 956 1622 Eiusdem
972 1589 1123 1622 fabulae
1143 1590 1302 1623 fortasse
1320 1589 1470 1623 fuerunt
1485 1591 1558 1626 inc.
1577 1601 1671 1624 nom.
1688 1591 1778 1626 VIII

253 1639 291 1668 et
316 1635 381 1668 IX.

341 1679 501 1712 anvBA
524 1680 543 1712 I
567 1680 659 1713 Non.
685 1681 767 1718 223,
793 1681 837 1713 23
862 1679 1054 1712 ‘salum.
1092 1703 1100 1713 .
1124 1679 1317 1712 masculini
1341 1681 1482 1713 Ennius
1506 1681 1663 1714 Hecuba
1685 1706 1693 1713 .
1713 1705 1722 1714 .
1745 1684 1776 1713 .’

254 1724 424 1758 Contulit
448 1725 684 1757 Hei-mannus
708 1725 834 1778 Eurip:
859 1725 952 1758 Hec.
978 1726 1022 1757 26
1113 1724 1150 1757 ΙΙ
1174 1725 1292 1758 Varro
1316 1725 1359 1758 de
1387 1725 1410 1758 1.
1435 1726 1477 1758 L.
1502 1726 1574 1759 VII
1597 1727 1618 1758 6
1640 1726 1690 1758 M.
1716 1727 1777 1758 ‘in

252 1770 358 1802 caelo
384 1769 559 1812 templum
585 1770 730 1808 dicitur,
755 1774 797 1802 ut
821 1771 859 1802 in
884 1770 1037 1803 Hecuba
1065 1795 1072 1802 .
1094 1794 1102 1802 .
1143 1768 1346 1820 '(ecuba
1370 1769 1488 1822 Flor.)
1535 1771 1695 1803 Reddita
1719 1771 1778 1804 his

250 1825 331 1848 esse
355 1815 556 1857 Euripiden.
579 1815 670 1849 Hec.
695 1817 739 1849 68
764 1827 792 1848 ω
817 1809 980 1857 στεροπά
1006 1811 1116 1853 Διὸς,
1142 1805 1171 1847 ὦ
1196 1814 1328 1848 σκοτία
1352 1810 1421 1856 νύξ
1445 1816 1586 1848 monuit
1611 1815 1777 1859 Scaliger

339 1859 396 1892 111
420 1861 512 1895 Non.
536 1861 619 1901 224,
645 1862 665 1893 6
692 1861 903 1902 ‘sanguis
1001 1862 1162 1892 neutro)
1207 1859 1308 1893 Idem
1331 1861 1416 1900 466,
1441 1862 1484 1892 26
1509 1860 1686 1894 ‘lauare

249 1906 451 1938 uetustatis
476 1906 680 1938 auctoritas
705 1906 828 1948 posuit
845 1906 954 1938 etiam
970 1904 1133 1946 polluere
1156 1929 1164 1936 .
1179 1929 1186 1936 .
1220 1903 1462 1945 '(Eucuba
1479 1905 1606 1938 Bamb.
1633 1907 1776 1939 ecuba

249 1949 310 1991 W)
334 1950 437 1982 Idem
462 1951 544 1988 504,
563 1951 583 1982 6
608 1950 788 1982 ‘lauere
812 1950 897 1982 inde
922 1952 1081 1982 tractum
1106 1953 1174 1982 est.
1214 1950 1356 1983 Ennius
1381 1950 1579 1984 Telamone
1603 1975 1633 1984 ..
1648 1975 1655 1983 .
1680 1951 1775 1984 idem

249 1995 401 2028 Hecuba
423 1993 497 2028 ...’
524 1994 762 2036 (Haecuba
786 1994 928 2036 Bamb.)

249 2137 456 2173 indomitam
487 2137 590 2173 freno
621 2137 737 2173 ualida
768 2138 899 2185 quoius
920 2137 1054 2173 tenacia
1085 2137 1252 2173 infrenari
1285 2138 1388 2174 nimis
1410 2139 1492 2175 cod.
1528 2138 1654 2175 Vrsini
1684 2138 1774 2175 duce

249 2193 514 2242 quadrupedem
545 2195 633 2242 iugo
663 2194 837 2243 inuitum,
868 2187 972 2229 doma'
1003 2193 1180 2230 infrenum
1212 2199 1249 2230 et
1277 2195 1388 2242 iunge
1418 2194 1556 2231 ualide:
1594 2205 1772 2242 equorum

248 2251 383 2286 tenacia
412 2249 583 2286 infrenari
621 2251 724 2286 minis
762 2251 888 2298 nequit
927 2249 1113 2287 Vaticano
1153 2251 1284 2287 codice
1321 2252 1477 2287 adiutus
1504 2251 1658 2297 Lipsius
1687 2255 1771 2288 ant.

246 2308 333 2343 lect.
365 2306 400 2342 V
418 2306 469 2342 14
550 2306 627 2344 158
651 2317 707 2354 sq.
726 2311 1007 2354 pentametrum
1029 2307 1267 2343 trochaicum
1287 2309 1421 2343 statuit
1441 2307 1634 2354 Berylcius
1709 2318 1775 2355 per

248 2373 314 2398 uos
344 2363 561 2399 Palmerius
582 2363 760 2411 Spiciley.
785 2375 847 2410 ap.
870 2363 978 2400 Grut.
998 2363 1020 2399 1
1034 2363 1064 2399 V
1084 2362 1163 2400 787
1195 2374 1322 2399 seruos
1351 2363 1442 2400 libri
1465 2364 1644 2411 plerique
1673 2373 1774 2399 user-

250 2429 314 2454 uos
337 2419 473 2455 Bamb.
542 2424 578 2455 et
607 2412 717 2455 firorfi
732 2420 868 2456 Bamb:
899 2424 937 2455 et
965 2424 1128 2455 nostrum
1151 2422 1271 2455 ceteri
1298 2420 1388 2456 libri
1470 2418 1601 2455 ducum
1632 2419 1774 2456 addidit

247 2475 291 2511 L.
323 2476 490 2512 Mueller
520 2477 566 2512 de
596 2486 640 2512 re
669 2488 715 2511 m.
746 2474 850 2524 441,
882 2487 953 2512 om.
982 2476 1073 2512 libri
1178 2474 1256 2512 159
1287 2476 1483 2523 Inleyrum
1511 2477 1772 2522 septenarium

247 2534 324 2568 iam
353 2531 517 2569 Bothius
546 2537 760 2580 aynoueral
865 2529 1127 2568 cbmiserescite
1157 2533 1293 2568 Bamb.
1334 2532 1623 2568 conmiserescite
1654 2533 1775 2568 ceteri

246 2589 338 2625 libri
445 2588 526 2626 160
555 2599 611 2635 sq.
655 2589 798 2629 Versus
828 2589 1041 2636 quadratos
1071 2590 1227 2635 aynouil
1257 2593 1293 2625 et
1323 2588 1535 2624 emendauit
1564 2587 1772 2624 Fruterius

249 2645 373 2691 Epist.
397 2645 534 2690 philol.
568 2656 632 2691 ap.
666 2645 774 2681 Grul.
818 2645 849 2681 V
875 2644 955 2681 385
997 2643 1116 2681 Veri-5.
1146 2645 1170 2680 Ι
1197 2643 1223 2680 4
1252 2645 1339 2681 ibid.
1370 2644 1417 2680 ΙΙ
1436 2643 1516 2680 813
1607 2643 1687 2681 160
1714 2645 1771 2679 ius

250 2702 457 2738 Gulielmus
499 2701 617 2737 Veris·
649 2701 718 2737 ΙΙΙ
747 2701 788 2746 3,
821 2701 1047 2746 Frulerius,
1082 2700 1260 2749 Scaligyer
1289 2702 1342 2737 ad
1381 2701 1492 2737 Varr.
1523 2700 1569 2735 de
1598 2710 1642 2735 re
1672 2712 1706 2736 ν.
1728 2700 1775 2736 ΙΙ

245 2769 284 2803 p.
318 2756 370 2793 74
402 2757 479 2793 eius
507 2758 598 2793 libri
713 2757 788 2793 161
821 2761 1018 2792 nascuntur·
1057 2756 1103 2793 W
1187 2767 1289 2793 6611111
1300 2757 1407 2811 libri
1434 2766 1586 2803 aequum
1617 2757 1732 2803 uulyo

363 2813 441 2850 163
473 2813 586 2849 caeli.
606 2818 680 2848 tum
710 2813 817 2850 Flor.
922 2811 1001 2849 164
1032 2812 1125 2848 eheu
1154 2813 1260 2849 Leid.
1289 2824 1328 2859 p.
1359 2810 1449 2848 224
1470 2821 1515 2847 611
1555 2812 1606 2847 W
1626 2824 1666 2859 p
1687 2811 1769 2849 466

248 2869 306 2904 hei
337 2869 379 2905 G.
401 2869 650 2906 Hermannus
706 2870 874 2905 miserum
904 2870 995 2905 libri
1010 2880 1049 2915 p.
1071 2867 1152 2905 504
1187 2869 1317 2904 Bamb.
1343 2879 1381 2914 p
1405 2867 1486 2905 466
1544 2867 1662 2904 labere
1682 2869 1773 2905 libri
1834 2876 1835 2879 ’
