1942 3204
259 203 342 246 242
573 204 637 238 ΕΧ
662 203 889 238 INCERTIS
915 201 1235 236 INGERTORVM
1260 200 1468 235 FABVLIS

586 309 711 351 XXX
744 307 855 366 (Ait.
887 307 1005 350 Arm.
1036 307 1121 348 iud.
1157 304 1230 363 19)

720 380 831 423 Aiax

377 457 538 514 Aperte
568 458 689 500 fatur
721 457 872 513 dictio,
904 457 940 499 si
971 457 1216 512 intellegas:

292 535 349 577 50
382 534 482 578 Tah'
510 536 602 578 dari
634 551 771 592 arma,
803 535 940 591 quallis
973 534 1046 589 qui
1079 531 1214 590 gessii]
1245 532 1346 588 fuit,

377 612 520 669 Iubet,
552 613 682 668 potiri
715 611 755 654 ss
785 612 1031 654 studeamus
1062 610 1333 667 Pergamum.

381 689 517 740 Quem
550 705 630 746 ego
663 692 731 732 me
762 690 969 745 profiteor
1001 690 1111 744 esse,
1141 690 1253 730 mest
1284 689 1433 747 aecum
1463 686 1549 728 frui

378 766 599 809 Fraternis
632 767 761 809 armis
793 765 986 822 mihique
1019 765 1318 821 adiudicarien

383 844 467 886 Vel
500 845 614 900 qu6d
645 845 914 900 propinquus
945 843 1015 886 uel
1047 843 1162 899 quod
1192 842 1343 884 uirtuti
1376 841 1567 884 aemulus

840 920 990 964 XXXI
1022 918 1090 977 (1)

756 998 868 1041 Aiax

293 1070 350 1113 55
382 1069 515 1112 Cuius
547 1069 638 1126 ipse
670 1071 870 1126 princeps
902 1070 1006 1112 iuris
1038 1066 1213 1111 iurandi
1241 1068 1341 1124 fuit,

259 1166 429 1199 fornices.
479 1166 647 1208 quamuis
672 1165 865 1208 sphaeram
894 1165 931 1197 in
955 1175 1144 1206 scaenam,
1177 1167 1217 1196 ut
1246 1163 1396 1204 dicitur,
1430 1162 1600 1196 attulerit
1630 1162 1790 1198 Ennius:

260 1215 381 1243 tamen
407 1212 444 1243 in
470 1211 627 1254 sphaera
654 1211 805 1243 fornicis
831 1210 1033 1244 similitudo
1058 1221 1131 1243 non
1155 1212 1279 1252 potest
1303 1208 1438 1241 inesse.
1479 1209 1612 1241 Viue’
1638 1219 1669 1241 e.
1696 1218 1730 1251 q.
1757 1218 1788 1243 s,

260 1259 353 1288 ‘non
379 1256 470 1288 dixit
496 1266 608 1299 cape,
633 1265 710 1289 non·
730 1259 834 1299 pete:
865 1255 1019 1288 haberet
1044 1255 1140 1288 enim
1166 1264 1304 1287 moram
1333 1254 1519 1297 sperantis
1544 1254 1683 1286 diutius
1708 1263 1787 1286 esse

257 1302 458 1334 uicturum:
490 1303 553 1334 sed
579 1311 697 1344 rape.
747 1301 816 1334 hoc
840 1302 994 1334 uerbum
1021 1303 1077 1333 est
1102 1300 1148 1332 ad
1173 1300 1211 1332 id
1238 1302 1421 1342 aptatum,
1455 1299 1550 1342 quod
1575 1302 1662 1332 ante
1688 1298 1790 1331 dixe-

259 1349 338 1390 rat,
365 1347 462 1379 dum
486 1346 625 1380 licet.’
665 1346 767 1379 Idem
791 1346 904 1379 Acad.
932 1357 986 1389 pr.
1011 1346 1048 1379 11
1073 1347 1129 1387 28,
1154 1346 1198 1378 89
1224 1345 1333 1387 ‘quid
1358 1344 1488 1387 loquar
1513 1343 1557 1377 de
1582 1344 1792 1377 insanis?

374 1389 486 1435 quid?
513 1392 574 1424 ille
602 1392 682 1435 qui:
714 1391 845 1424 uideo
875 1416 883 1423 .
904 1416 912 1424 .
933 1417 941 1425 .
971 1391 1101 1433 licet,
1135 1401 1256 1423 nonne
1282 1391 1395 1422 etiam
1421 1390 1478 1422 bis
1504 1389 1728 1422 exclamauit
1752 1399 1792 1422 se

259 1437 402 1479 uidere,
430 1447 510 1469 cum
529 1439 674 1470 omnino
699 1448 771 1469 non
788 1437 977 1470 11ideret?’
1009 1437 1132 1469 Verba.
1157 1435 1264 1478 ‘quid
1291 1435 1354 1468 ille
1378 1459 1408 1469 ..
1424 1460 1454 1468 ..
1477 1435 1623 1468 uiuum'
1647 1435 1687 1467 in
1710 1434 1792 1467 loeo

262 1493 370 1514 eraso
394 1483 507 1515 habet
524 1482 680 1516 Vindob.
750 1483 901 1515 Aiacem
929 1483 1108 1514 furentem
1126 1481 1226 1524 loqui
1243 1481 1491 1514 manifestum.
1561 1479 1662 1512 XXX
1682 1479 1790 1514 Rhet.

261 1528 307 1559 ad
332 1528 498 1561 Hereun.
519 1527 556 1560 11
581 1529 645 1570 26,
669 1529 713 1560 42
739 1528 849 1560 ‘item
875 1527 1048 1560 uitiosum
1074 1530 1150 1569 est,
1183 1536 1263 1558 cum
1287 1525 1340 1563 id,
1374 1526 1417 1558 de
1451 1535 1520 1568 quo
1546 1535 1685 1558 summa
1709 1535 1791 1557 con-

260 1574 444 1606 trouersia
469 1576 546 1614 est,
575 1583 703 1616 parum
728 1572 922 1615 expeditur
949 1575 985 1605 et
1011 1572 1115 1614 quasi
1140 1574 1365 1604 transactum
1392 1571 1441 1603 sit
1465 1570 1699 1613 relinquitur,
1723 1570 1793 1603 hoe

259 1618 383 1650 modo:
409 1621 591 1661 aperte'
618 1630 648 1652 e.
669 1628 702 1661 q.
721 1629 749 1651 s.
793 1618 888 1650 Attii
913 1627 1093 1650 armorum
1118 1617 1254 1650 iudicio
1280 1619 1318 1649 el:
1341 1616 1410 1649 hoe
1435 1619 1473 1649 et
1497 1615 1568 1648 duo
1594 1616 1791 1658 sequentia,

359 1713 413 1752 49
445 1719 568 1763 aperte
599 1715 675 1750 aiax
705 1713 802 1750 satur
832 1712 965 1750 Bamb.
990 1714 1011 1750 Ι)
1041 1713 1196 1761 Aperlae
1227 1712 1323 1749 satur
1341 1712 1542 1749 Memmius
1637 1711 1692 1749 50
1712 1711 1792 1748 talis

259 1770 329 1807 suit
360 1770 460 1807 iubet
491 1771 551 1808 tali
582 1770 656 1806 dari
698 1781 793 1806 arma
825 1770 939 1819 qualis
979 1771 1040 1818 qui
1081 1770 1196 1818 gessit
1231 1769 1299 1806 suit
1330 1769 1465 1806 Bctml).
1499 1781 1522 1805 a
1553 1779 1657 1805 corr.
1687 1768 1791 1804 Fris.

258 1830 297 1864 in
328 1840 401 1876 my.
431 1828 492 1864 tali
532 1827 606 1863 dari
646 1838 740 1863 arma
785 1827 899 1875 qualis
929 1826 989 1863 ille
1029 1828 1089 1875 qui
1128 1827 1243 1875 gessit
1275 1825 1354 1862 tulis
1385 1825 1453 1862 suit
1487 1825 1579 1862 Tur.
1611 1824 1672 1861 tali
1712 1823 1791 1872 suit,

258 1886 391 1921 mediis
420 1887 579 1931 omissis,
610 1884 708 1920 Par.
728 1896 774 1924 m.
795 1895 858 1931 pr.
882 1883 972 1930 Erf.
1005 1883 1087 1919 tulis
1117 1882 1186 1919 ruit
1206 1882 1344 1919 Bamb.
1365 1894 1388 1918 α
1419 1894 1466 1918 m.
1485 1893 1550 1929 pr.
1573 1882 1674 1918 Fris.
1694 1881 1790 1918 Par.

259 1952 364 1978 corr.
473 1941 521 1978 51
558 1953 628 1978 om.
652 1940 787 1978 Bamb.
819 1952 843 1975 α
873 1953 920 1977 m.
939 1952 1002 1987 pr.
1091 1939 1302 1988 Pergamum
1325 1939 1418 1975 Par.
1449 1950 1496 1975 m.
1513 1950 1580 1985 pr.
1611 1938 1790 1976 Wuerzb.

263 1997 354 2045 Erf.
386 1997 562 2047 Pergamo
594 1999 715 2034 ceteri
741 1997 832 2034 libri
973 1995 1025 2033 52
1059 2006 1165 2044 quem
1196 2007 1265 2044 ego
1297 2006 1353 2031 me
1391 1993 1567 2042 profiteor
1605 2004 1684 2030 esse
1714 2004 1791 2030 mea

259 2065 409 2102 aequam
441 2054 512 2091 frui
534 2054 624 2102 Erf.
648 2065 755 2102 quem
777 2064 847 2102 ego
871 2063 927 2089 me
948 2051 1124 2101 profiteor
1143 2054 1184 2090 ee
1205 2047 1350 2088 meaecfi
1368 2051 1503 2088 frustra
1534 2051 1648 2087 ternis
1678 2050 1791 2097 (kaec

258 2113 390 2147 ultima
417 2123 494 2159 pro
523 2112 584 2148 his
614 2111 684 2147 srui
715 2109 898 2156 fraternis)
929 2109 1107 2146 Wuerzb.
1148 2119 1252 2156 quam
1292 2118 1362 2156 ego
1401 2118 1456 2143 me
1496 2105 1670 2155 profiteor
1710 2117 1790 2144 esse

260 2178 372 2203 meam
405 2172 460 2204 est
490 2179 592 2204 ecum
626 2168 695 2204 l‘rui
717 2167 810 2203 Par.
844 2177 936 2215 quae
967 2177 1037 2214 ego
1069 2163 1245 2213 profiteor
1265 2175 1345 2201 esse
1377 2174 1451 2200 mea
1483 2166 1538 2200 e'st
1558 2174 1691 2212 equum
1721 2162 1791 2199 frui

260 2224 394 2264 Bamb.
419 2237 441 2261 α
464 2236 556 2272 quae
577 2235 648 2273 ego
669 2223 846 2272 profiteor
867 2233 946 2259 esse
967 2233 1055 2258 mea.
1098 2221 1150 2258 Me
1173 2223 1267 2257 enim
1288 2225 1343 2257 est
1365 2231 1496 2269 equum
1520 2219 1587 2256 frui
1612 2220 1747 2256 Bamb.
1769 2220 1791 2256 b

258 2291 349 2328 quae
379 2292 449 2329 ego
481 2279 656 2329 profiteor
677 2291 757 2317 esse
787 2290 899 2316 meam
920 2284 976 2315 est
997 2289 1149 2327 aequum
1173 2277 1242 2313 srui
1263 2278 1366 2314 Fris.
1400 2288 1492 2326 quae
1512 2276 1690 2325 profiteor
1709 2287 1790 2312 esse

260 2347 348 2373 mea.
379 2349 436 2373 me
467 2339 561 2374 enim
592 2342 648 2374 est
669 2347 823 2385 aequum
854 2335 924 2371 srui
949 2336 1077 2372 Tross.
1111 2345 1202 2383 quae
1233 2345 1303 2382 ego
1325 2345 1400 2370 mea
1423 2332 1600 2382 profiteor
1623 2344 1702 2369 esse
1733 2343 1790 2369 me
1823 2381 1826 2384 Δ

259 2398 316 2429 est
345 2404 477 2442 equum
510 2394 579 2430 frui
615 2394 705 2430 Tur.
745 2404 838 2442 quae
875 2403 944 2440 ego
976 2403 1053 2428 mea
1082 2390 1259 2440 profiteor
1287 2401 1385 2426 esse:
1423 2401 1503 2426 nam
1543 2401 1600 2426 me
1637 2399 1788 2438 aequom

258 2454 316 2485 est
346 2449 418 2486 srui
450 2451 634 2498 ΒοίΙιίιιε,
666 2451 918 2487 Hermannus
952 2448 1092 2497 Opusc.
1133 2447 1211 2485 VII
1234 2446 1336 2490 369,
1375 2449 1450 2483 nisi
1485 2448 1589 2495 quod
1620 2447 1682 2482 hic
1719 2455 1788 2493 ego

258 2507 410 2543 deleuit.
444 2518 550 2555 quem
582 2518 653 2555 ego
683 2505 860 2555 profiteor
890 2516 982 2542 esse.
1015 2505 1087 2548 Me,
1119 2515 1175 2540 me
1205 2514 1357 2551 aequum
1389 2509 1444 2539 est
1475 2503 1544 2539 srui
1569 2502 1788 2540 Oudendor—

254 2565 347 2610 pius
403 2564 564 2600 Poterat
585 2566 697 2600 etiam
719 2565 862 2600 conici.-
883 2573 939 2598 me
960 2562 1053 2598 enim
1075 2560 1152 2608 (uel
1173 2559 1267 2607 med)
1288 2559 1448 2596 aecumst
1468 2559 1538 2596 frui
1608 2559 1661 2596 53
1683 2559 1789 2594 armis

259 2632 331 2657 om.
352 2620 447 2656 Par.
474 2621 649 2657 Wuerzb.
673 2620 775 2668 Fris.
804 2619 894 2656 Tum
919 2619 1011 2666 Erfss
1108 2617 1336 2653 adiudicariei
1366 2616 1544 2653 Wuerzb.
1631 2614 1684 2651 54
1705 2615 1787 2663 quia

259 2677 484 2729 propinquus
506 2677 641 2714 Bamb.
661 2678 682 2713 b
742 2677 888 2712 uirtutis
911 2675 1114 2712 Bamb.ab
1134 2674 1238 2710 Fris.
1265 2673 1393 2709 Tross.
1414 2673 1550 2708 uirtute
1570 2672 1666 2708 Par.
1683 2671 1786 2718 Erf„

260 2732 512 2770 Hermanmcs
542 2734 718 2770 uirtutum
755 2733 846 2769 Tur.
936 2731 1095 2768 remulus
1116 2727 1210 2766 Par.
1232 2741 1279 2766 m.
1298 2740 1361 2776 pr.
1386 2728 1476 2776 Erf.
1506 2727 1669 2764 romulus
1691 2727 1785 2764 Par.

259 2800 361 2825 corr.
394 2789 534 2826 emulus
565 2801 644 2826 sum
676 2789 812 2826 Bctmb.
836 2789 857 2824 b
882 2789 1009 2825 Tross.
1039 2787 1093 2836 ef.
1125 2786 1321 2835 Berylrius
1342 2785 1501 2832 Ephem.
1526 2784 1653 2822 Marb.
1679 2783 1784 2821 1851

256 2857 298 2892 p.
321 2845 416 2883 231.
449 2846 576 2883 Potuit
605 2848 780 2894 sequenti
806 2855 925 2881 uersu
957 2846 1019 2881 uel
1047 2855 1127 2880 sum
1157 2845 1223 2880 illo
1252 2844 1315 2879 uel
1345 2843 1422 2879 alio
1451 2841 1570 2878 uerbo
1601 2842 1787 2878 sementia

259 2904 445 2950 compleri
558 2902 611 2939 55
642 2904 698 2939 cui
735 2902 850 2938 Bern.
873 2914 896 2937 α
980 2899 1176 2937 iusiurandi
1210 2898 1313 2936 Oehl.
