<?xml version="1.0" encoding="UTF-8"?>
<!DOCTYPE html PUBLIC "-//W3C//DTD XHTML 1.0 Transitional//EN"
    "http://www.w3.org/TR/xhtml1/DTD/xhtml1-transitional.dtd">
<html xmlns="http://www.w3.org/1999/xhtml" xml:lang="en" lang="en">
 <head>
  <title>
</title>
<meta http-equiv="Content-Type" content="text/html;charset=utf-8" />
  <meta name='ocr-system' content='tesseract 3.04.00' />
  <meta name='ocr-capabilities' content='ocr_page ocr_carea ocr_par ocr_line ocrx_word'/>
</head>
<body>
  <div class='ocr_page' id='page_1' title='image "./romanorumpoes01ribbuoft_0125.png"; bbox 0 0 1942 3204; ppageno 0'>
   <div class='ocr_carea' id='block_1_1' title="bbox 788 192 1685 238">
    <p class='ocr_par' dir='ltr' id='par_1_1' title="bbox 788 192 1685 238">
     <span class='ocr_line' id='line_1_1' title="bbox 788 192 1685 238; baseline 0.002 -7"><span class='ocrx_word' id='word_1_1' title='bbox 788 196 832 238; x_wconf 79' lang='lat' dir='ltr'><strong>Q.</strong></span> <span class='ocrx_word' id='word_1_2' title='bbox 858 195 1038 231; x_wconf 71' lang='lat' dir='ltr'><strong>ENvas</strong></span> <span class='ocrx_word' id='word_1_3' title='bbox 1634 192 1685 235; x_wconf 89' lang='lat'><strong>41</strong></span> 
     </span>
    </p>
   </div>
   <div class='ocr_carea' id='block_1_2' title="bbox 275 300 1691 748">
    <p class='ocr_par' dir='ltr' id='par_1_2' title="bbox 275 300 1691 748">
     <span class='ocr_line' id='line_1_2' title="bbox 719 300 1125 358; baseline 0 -13"><span class='ocrx_word' id='word_1_4' title='bbox 719 302 779 345; x_wconf 90' lang='lat' dir='ltr'>1V</span> <span class='ocrx_word' id='word_1_5' title='bbox 802 300 914 358; x_wconf 87' lang='lat' dir='ltr'><strong>(Att.</strong></span> <span class='ocrx_word' id='word_1_6' title='bbox 934 300 1027 345; x_wconf 76' lang='lat' dir='ltr'><strong>Atr.</strong></span> <span class='ocrx_word' id='word_1_7' title='bbox 1052 300 1125 358; x_wconf 85' lang='lat'>17)</span> 
     </span>
     <span class='ocr_line' id='line_1_3' title="bbox 784 378 1058 436; baseline 0 -14"><span class='ocrx_word' id='word_1_8' title='bbox 784 378 1058 436; x_wconf 80' lang='lat' dir='ltr'><strong>Agamemno</strong></span> 
     </span>
     <span class='ocr_line' id='line_1_4' title="bbox 275 456 1691 515; baseline -0.004 -13"><span class='ocrx_word' id='word_1_9' title='bbox 275 457 381 509; x_wconf 73' lang='lat' dir='ltr'><strong>Quis</strong></span> <span class='ocrx_word' id='word_1_10' title='bbox 411 458 542 503; x_wconf 89' lang='lat' dir='ltr'><strong>homo</strong></span> <span class='ocrx_word' id='word_1_11' title='bbox 581 460 624 500; x_wconf 78' lang='lat' dir='ltr'><strong>te</strong></span> <span class='ocrx_word' id='word_1_12' title='bbox 662 457 915 514; x_wconf 59' lang='lat' dir='ltr'><strong>exuperauit</strong></span> <span class='ocrx_word' id='word_1_13' title='bbox 951 472 1133 513; x_wconf 82' lang='lat' dir='ltr'><strong>usquam</strong></span> <span class='ocrx_word' id='word_1_14' title='bbox 1171 457 1366 515; x_wconf 73' lang='lat' dir='ltr'><strong>gentium</strong></span> <span class='ocrx_word' id='word_1_15' title='bbox 1406 456 1691 513; x_wconf 72' lang='lat' dir='ltr'><strong>inpudentia?</strong></span> 
     </span>
     <span class='ocr_line' id='line_1_5' title="bbox 497 534 1031 579; baseline 0 -1"><span class='ocrx_word' id='word_1_16' title='bbox 497 574 506 578; x_wconf 77' lang='grc'><em>,</em></span> <span class='ocrx_word' id='word_1_17' title='bbox 808 534 1031 579; x_wconf 81' lang='lat' dir='ltr'>Menelaus</span> 
     </span>
     <span class='ocr_line' id='line_1_6' title="bbox 276 612 889 666; baseline -0.003 -9"><span class='ocrx_word' id='word_1_18' title='bbox 276 612 383 666; x_wconf 75' lang='lat' dir='ltr'><strong>Quis</strong></span> <span class='ocrx_word' id='word_1_19' title='bbox 414 614 486 657; x_wconf 86' lang='lat' dir='ltr'><strong>ted</strong></span> <span class='ocrx_word' id='word_1_20' title='bbox 518 616 663 656; x_wconf 85' lang='lat' dir='ltr'><strong>autem</strong></span> <span class='ocrx_word' id='word_1_21' title='bbox 695 613 889 656; x_wconf 69' lang='lat' dir='ltr'><strong>mailitia‘?</strong></span> 
     </span>
     <span class='ocr_line' id='line_1_7' title="bbox 303 685 987 748; baseline -0.004 -12"><span class='ocrx_word' id='word_1_22' title='bbox 303 685 308 690; x_wconf 39' lang='lat'>³</span> <span class='ocrx_word' id='word_1_23' title='bbox 857 690 898 734; x_wconf 95' lang='lat' dir='ltr'>V</span> <span class='ocrx_word' id='word_1_24' title='bbox 919 689 987 748; x_wconf 87' lang='lat'><strong>(5)</strong></span> 
     </span>
    </p>
   </div>
   <div class='ocr_carea' id='block_1_3' title="bbox 786 768 1058 826">
    <p class='ocr_par' dir='ltr' id='par_1_3' title="bbox 786 768 1058 826">
     <span class='ocr_line' id='line_1_8' title="bbox 786 768 1058 826; baseline 0 -15"><span class='ocrx_word' id='word_1_25' title='bbox 786 768 1058 826; x_wconf 80' lang='lat' dir='ltr'><strong>Agamemno</strong></span> 
     </span>
    </p>
   </div>
   <div class='ocr_carea' id='block_1_4' title="bbox 140 511 172 537">
    <p class='ocr_par' dir='ltr' id='par_1_4' title="bbox 140 511 172 537">
     <span class='ocr_line' id='line_1_9' title="bbox 140 511 172 537; baseline 0 0"><span class='ocrx_word' id='word_1_26' title='bbox 140 511 172 537; x_wconf 63' lang='lat' dir='ltr'><em>f</em></span> 
     </span>
    </p>
   </div>
   <div class='ocr_carea' id='block_1_5' title="bbox 164 845 1693 1294">
    <p class='ocr_par' dir='ltr' id='par_1_5' title="bbox 164 845 1693 1294">
     <span class='ocr_line' id='line_1_10' title="bbox 277 845 1693 904; baseline -0.004 -13"><span class='ocrx_word' id='word_1_27' title='bbox 277 847 499 892; x_wconf 74' lang='lat' dir='ltr'><strong>Menelaus</strong></span> <span class='ocrx_word' id='word_1_28' title='bbox 530 862 597 890; x_wconf 91' lang='lat' dir='ltr'><strong>me</strong></span> <span class='ocrx_word' id='word_1_29' title='bbox 629 846 861 904; x_wconf 74' lang='lat' dir='ltr'><strong>obiurgat?</strong></span> <span class='ocrx_word' id='word_1_30' title='bbox 898 847 941 888; x_wconf 87' lang='lat' dir='ltr'><strong>id</strong></span> <span class='ocrx_word' id='word_1_31' title='bbox 974 846 1080 890; x_wconf 90' lang='lat' dir='ltr'><strong>meis</strong></span> <span class='ocrx_word' id='word_1_32' title='bbox 1111 846 1241 889; x_wconf 79' lang='lat' dir='ltr'><strong>rebus</strong></span> <span class='ocrx_word' id='word_1_33' title='bbox 1279 845 1471 903; x_wconf 83' lang='lat' dir='ltr'><strong>regimen</strong></span> <span class='ocrx_word' id='word_1_34' title='bbox 1511 845 1693 887; x_wconf 79' lang='lat' dir='ltr'><strong>restitat.</strong></span> 
     </span>
     <span class='ocr_line' id='line_1_11' title="bbox 842 922 1006 982; baseline -0.006 -14"><span class='ocrx_word' id='word_1_35' title='bbox 842 924 906 968; x_wconf 90' lang='lat' dir='ltr'><strong>VI</strong></span> <span class='ocrx_word' id='word_1_36' title='bbox 939 922 1006 982; x_wconf 85' lang='lat'><strong>(6)</strong></span> 
     </span>
     <span class='ocr_line' id='line_1_12' title="bbox 357 1002 1061 1060; baseline -0.001 -13"><span class='ocrx_word' id='word_1_37' title='bbox 357 1021 379 1057; x_wconf 69' lang='lat' dir='ltr'><strong><em>d</em></strong></span> <span class='ocrx_word' id='word_1_38' title='bbox 788 1002 1061 1060; x_wconf 85' lang='lat' dir='ltr'><strong>Agamemno</strong></span> 
     </span>
     <span class='ocr_line' id='line_1_13' title="bbox 277 1078 1614 1139; baseline -0.004 -14"><span class='ocrx_word' id='word_1_39' title='bbox 277 1081 445 1139; x_wconf 84' lang='lat' dir='ltr'><strong>‘Egone</strong></span> <span class='ocrx_word' id='word_1_40' title='bbox 476 1082 651 1138; x_wconf 83' lang='lat' dir='ltr'><strong>plectar,</strong></span> <span class='ocrx_word' id='word_1_41' title='bbox 681 1083 729 1123; x_wconf 65' lang='lat' dir='ltr'><strong>ni</strong></span> <span class='ocrx_word' id='word_1_42' title='bbox 761 1081 1001 1137; x_wconf 87' lang='lat' dir='ltr'><strong>delinques:</strong></span> <span class='ocrx_word' id='word_1_43' title='bbox 1032 1083 1080 1123; x_wconf 73' lang='lat' dir='ltr'><strong>tli</strong></span> <span class='ocrx_word' id='word_1_44' title='bbox 1112 1094 1281 1136; x_wconf 86' lang='lat' dir='ltr'><strong>pecces,</strong></span> <span class='ocrx_word' id='word_1_45' title='bbox 1312 1093 1393 1135; x_wconf 86' lang='lat' dir='ltr'><strong>ego</strong></span> <span class='ocrx_word' id='word_1_46' title='bbox 1426 1078 1614 1134; x_wconf 67' lang='lat' dir='ltr'><strong>arguar?</strong></span> 
     </span>
     <span class='ocr_line' id='line_1_14' title="bbox 164 1154 1642 1214; baseline -0.003 -11"><span class='ocrx_word' id='word_1_47' title='bbox 164 1160 247 1203; x_wconf 78' lang='lat'><strong>195</strong></span> <span class='ocrx_word' id='word_1_48' title='bbox 278 1160 362 1203; x_wconf 85' lang='lat' dir='ltr'><strong>Pr6</strong></span> <span class='ocrx_word' id='word_1_49' title='bbox 394 1159 634 1202; x_wconf 79' lang='lat' dir='ltr'><strong>malefactis</strong></span> <span class='ocrx_word' id='word_1_50' title='bbox 665 1158 833 1211; x_wconf 71' lang='lat' dir='ltr'><strong>Helena</strong></span> <span class='ocrx_word' id='word_1_51' title='bbox 863 1158 1029 1214; x_wconf 83' lang='lat' dir='ltr'><strong>redeat,</strong></span> <span class='ocrx_word' id='word_1_52' title='bbox 1061 1156 1187 1214; x_wconf 72' lang='lat' dir='ltr'><strong>uirgo</strong></span> <span class='ocrx_word' id='word_1_53' title='bbox 1220 1159 1368 1214; x_wconf 80' lang='lat' dir='ltr'><strong>pereat</strong></span> <span class='ocrx_word' id='word_1_54' title='bbox 1399 1154 1642 1199; x_wconf 69' lang='lat' dir='ltr'><strong>innocens?</strong></span> 
     </span>
     <span class='ocr_line' id='line_1_15' title="bbox 278 1233 1345 1294; baseline -0.003 -14"><span class='ocrx_word' id='word_1_55' title='bbox 278 1237 372 1280; x_wconf 73' lang='lat' dir='ltr'><strong>Tua</strong></span> <span class='ocrx_word' id='word_1_56' title='bbox 403 1237 703 1280; x_wconf 71' lang='lat' dir='ltr'><strong>reconcilietur</strong></span> <span class='ocrx_word' id='word_1_57' title='bbox 733 1251 853 1294; x_wconf 83' lang='lat' dir='ltr'><strong>uxor,</strong></span> <span class='ocrx_word' id='word_1_58' title='bbox 884 1238 980 1279; x_wconf 79' lang='lat' dir='ltr'><strong>mea</strong></span> <span class='ocrx_word' id='word_1_59' title='bbox 1011 1237 1188 1279; x_wconf 86' lang='lat' dir='ltr'><strong>necetur</strong></span> <span class='ocrx_word' id='word_1_60' title='bbox 1218 1233 1345 1278; x_wconf 77' lang='lat' dir='ltr'><strong>fssia?</strong></span> 
     </span>
    </p>
   </div>
   <div class='ocr_carea' id='block_1_6' title="bbox 160 1365 1700 2003">
    <p class='ocr_par' dir='ltr' id='par_1_6' title="bbox 160 1365 1700 2003">
     <span class='ocr_line' id='line_1_16' title="bbox 205 1365 1699 1412; baseline -0.003 -10"><span class='ocrx_word' id='word_1_61' title='bbox 205 1371 210 1374; x_wconf 88' lang='lat'>&#39;</span> <span class='ocrx_word' id='word_1_62' title='bbox 252 1369 302 1402; x_wconf 91' lang='lat' dir='ltr'><strong>1v</strong></span> <span class='ocrx_word' id='word_1_63' title='bbox 327 1368 459 1402; x_wconf 82' lang='lat' dir='ltr'><strong>Cicero</strong></span> <span class='ocrx_word' id='word_1_64' title='bbox 483 1370 592 1404; x_wconf 75' lang='lat' dir='ltr'><strong>Tuae.</strong></span> <span class='ocrx_word' id='word_1_65' title='bbox 610 1369 704 1412; x_wconf 82' lang='lat' dir='ltr'><strong>disp.</strong></span> <span class='ocrx_word' id='word_1_66' title='bbox 721 1369 771 1402; x_wconf 88' lang='lat' dir='ltr'><strong>lv</strong></span> <span class='ocrx_word' id='word_1_67' title='bbox 788 1367 850 1409; x_wconf 83' lang='lat'><strong>36,</strong></span> <span class='ocrx_word' id='word_1_68' title='bbox 875 1369 918 1401; x_wconf 85' lang='grc'><strong>’17</strong></span> <span class='ocrx_word' id='word_1_69' title='bbox 944 1368 1023 1400; x_wconf 79' lang='lat' dir='ltr'><strong>‘ira</strong></span> <span class='ocrx_word' id='word_1_70' title='bbox 1046 1391 1055 1402; x_wconf 87' lang='lat'><strong><em>.</em></strong></span> <span class='ocrx_word' id='word_1_71' title='bbox 1070 1391 1078 1400; x_wconf 90' lang='lat'><strong>.</strong></span> <span class='ocrx_word' id='word_1_72' title='bbox 1093 1391 1100 1399; x_wconf 93' lang='lat'>.</span> <span class='ocrx_word' id='word_1_73' title='bbox 1123 1367 1226 1400; x_wconf 82' lang='lat' dir='ltr'><strong>cuius</strong></span> <span class='ocrx_word' id='word_1_74' title='bbox 1250 1366 1410 1410; x_wconf 86' lang='lat' dir='ltr'><strong>impulsu</strong></span> <span class='ocrx_word' id='word_1_75' title='bbox 1435 1366 1562 1398; x_wconf 75' lang='lat' dir='ltr'><strong>existit</strong></span> <span class='ocrx_word' id='word_1_76' title='bbox 1586 1365 1699 1398; x_wconf 80' lang='lat' dir='ltr'><strong>etiam</strong></span> 
     </span>
     <span class='ocr_line' id='line_1_17' title="bbox 162 1412 1699 1458; baseline -0.004 -10"><span class='ocrx_word' id='word_1_77' title='bbox 162 1415 260 1448; x_wconf 82' lang='lat' dir='ltr'><strong>inter</strong></span> <span class='ocrx_word' id='word_1_78' title='bbox 290 1415 427 1448; x_wconf 81' lang='lat' dir='ltr'><strong>fratres</strong></span> <span class='ocrx_word' id='word_1_79' title='bbox 458 1415 534 1448; x_wconf 75' lang='lat' dir='ltr'><strong>tale</strong></span> <span class='ocrx_word' id='word_1_80' title='bbox 559 1415 732 1458; x_wconf 84' lang='lat' dir='ltr'><strong>iurgium:</strong></span> <span class='ocrx_word' id='word_1_81' title='bbox 765 1414 864 1456; x_wconf 87' lang='lat' dir='ltr'><strong>quis</strong></span> <span class='ocrx_word' id='word_1_82' title='bbox 889 1413 1034 1446; x_wconf 89' lang='lat' dir='ltr'><strong>homo’</strong></span> <span class='ocrx_word' id='word_1_83' title='bbox 1062 1423 1092 1445; x_wconf 90' lang='lat' dir='ltr'><strong>e.</strong></span> <span class='ocrx_word' id='word_1_84' title='bbox 1120 1423 1154 1455; x_wconf 89' lang='lat' dir='ltr'><strong>q.</strong></span> <span class='ocrx_word' id='word_1_85' title='bbox 1179 1422 1207 1445; x_wconf 82' lang='lat' dir='ltr'><strong>s.</strong></span> <span class='ocrx_word' id='word_1_86' title='bbox 1257 1412 1382 1445; x_wconf 82' lang='lat' dir='ltr'><strong>‘Nosti</strong></span> <span class='ocrx_word' id='word_1_87' title='bbox 1416 1422 1511 1454; x_wconf 84' lang='lat' dir='ltr'><strong>quae</strong></span> <span class='ocrx_word' id='word_1_88' title='bbox 1542 1421 1699 1452; x_wconf 85' lang='lat' dir='ltr'><strong>sequun-</strong></span> 
     </span>
     <span class='ocr_line' id='line_1_18' title="bbox 161 1458 1699 1501; baseline -0.003 -8"><span class='ocrx_word' id='word_1_89' title='bbox 161 1465 238 1494; x_wconf 82' lang='lat' dir='ltr'><strong>tur:</strong></span> <span class='ocrx_word' id='word_1_90' title='bbox 275 1460 473 1493; x_wconf 71' lang='lat' dir='ltr'><strong>alternis</strong></span> <span class='ocrx_word' id='word_1_91' title='bbox 506 1461 619 1493; x_wconf 86' lang='lat' dir='ltr'><strong>enim</strong></span> <span class='ocrx_word' id='word_1_92' title='bbox 643 1460 858 1493; x_wconf 75' lang='lat' dir='ltr'><strong>uersibus</strong></span> <span class='ocrx_word' id='word_1_93' title='bbox 890 1460 1215 1501; x_wconf 83' lang='lat' dir='ltr'><strong>intorquentur</strong></span> <span class='ocrx_word' id='word_1_94' title='bbox 1245 1458 1366 1490; x_wconf 87' lang='lat' dir='ltr'><strong>inter</strong></span> <span class='ocrx_word' id='word_1_95' title='bbox 1397 1458 1566 1490; x_wconf 80' lang='lat' dir='ltr'><strong>fratres</strong></span> <span class='ocrx_word' id='word_1_96' title='bbox 1596 1465 1699 1498; x_wconf 84' lang='lat' dir='ltr'><strong>gra-</strong></span> 
     </span>
     <span class='ocr_line' id='line_1_19' title="bbox 160 1502 1699 1547; baseline -0.004 -8"><span class='ocrx_word' id='word_1_97' title='bbox 160 1506 379 1539; x_wconf 76' lang='lat' dir='ltr'><strong>nissimae</strong></span> <span class='ocrx_word' id='word_1_98' title='bbox 404 1505 731 1546; x_wconf 80' lang='lat' dir='ltr'><strong>contumeliae,</strong></span> <span class='ocrx_word' id='word_1_99' title='bbox 756 1509 799 1538; x_wconf 87' lang='lat' dir='ltr'><strong>ut</strong></span> <span class='ocrx_word' id='word_1_100' title='bbox 824 1504 935 1538; x_wconf 83' lang='lat' dir='ltr'><strong>facile</strong></span> <span class='ocrx_word' id='word_1_101' title='bbox 962 1507 1142 1547; x_wconf 79' lang='lat' dir='ltr'><strong>appareat</strong></span> <span class='ocrx_word' id='word_1_102' title='bbox 1165 1503 1292 1537; x_wconf 85' lang='lat' dir='ltr'><strong>Atrei</strong></span> <span class='ocrx_word' id='word_1_103' title='bbox 1317 1503 1447 1536; x_wconf 82' lang='lat' dir='ltr'><strong>filios</strong></span> <span class='ocrx_word' id='word_1_104' title='bbox 1473 1505 1584 1535; x_wconf 86' lang='lat' dir='ltr'><strong>esse.’</strong></span> <span class='ocrx_word' id='word_1_105' title='bbox 1616 1502 1699 1534; x_wconf 87' lang='lat' dir='ltr'><strong>Huc</strong></span> 
     </span>
     <span class='ocr_line' id='line_1_20' title="bbox 161 1546 1696 1592; baseline -0.002 -8"><span class='ocrx_word' id='word_1_106' title='bbox 161 1556 432 1585; x_wconf 80' lang='lat' dir='ltr'><strong>reuocauerunt</strong></span> <span class='ocrx_word' id='word_1_107' title='bbox 454 1552 688 1585; x_wconf 79' lang='lat' dir='ltr'><strong>Duentzerus</strong></span> <span class='ocrx_word' id='word_1_108' title='bbox 711 1551 803 1584; x_wconf 81' lang='lat' dir='ltr'><strong>Mus.</strong></span> <span class='ocrx_word' id='word_1_109' title='bbox 828 1549 944 1583; x_wconf 78' lang='lat' dir='ltr'><strong>Rhen.</strong></span> <span class='ocrx_word' id='word_1_110' title='bbox 971 1550 1057 1583; x_wconf 79' lang='lat'>1837</span> <span class='ocrx_word' id='word_1_111' title='bbox 1083 1560 1117 1592; x_wconf 87' lang='lat' dir='ltr'><strong>p.</strong></span> <span class='ocrx_word' id='word_1_112' title='bbox 1134 1550 1204 1582; x_wconf 80' lang='lat'><strong>444</strong></span> <span class='ocrx_word' id='word_1_113' title='bbox 1228 1559 1283 1592; x_wconf 87' lang='lat' dir='ltr'><strong>sq.</strong></span> <span class='ocrx_word' id='word_1_114' title='bbox 1307 1552 1345 1581; x_wconf 85' lang='lat' dir='ltr'><strong>et</strong></span> <span class='ocrx_word' id='word_1_115' title='bbox 1368 1548 1550 1591; x_wconf 80' lang='lat' dir='ltr'><strong>Bergkius</strong></span> <span class='ocrx_word' id='word_1_116' title='bbox 1573 1547 1597 1579; x_wconf 93' lang='lat' dir='ltr'><strong>l.</strong></span> <span class='ocrx_word' id='word_1_117' title='bbox 1617 1546 1641 1581; x_wconf 92' lang='lat' dir='ltr'><strong>l.</strong></span> <span class='ocrx_word' id='word_1_118' title='bbox 1661 1557 1696 1590; x_wconf 91' lang='lat' dir='ltr'><strong>p.</strong></span> 
     </span>
     <span class='ocr_line' id='line_1_21' title="bbox 162 1593 1696 1636; baseline -0.004 -6"><span class='ocrx_word' id='word_1_119' title='bbox 162 1597 233 1630; x_wconf 82' lang='grc' dir='ltr'><strong>ΧΠ</strong></span> <span class='ocrx_word' id='word_1_120' title='bbox 258 1597 306 1632; x_wconf 86' lang='lat' dir='ltr'><strong>cf.</strong></span> <span class='ocrx_word' id='word_1_121' title='bbox 333 1597 525 1630; x_wconf 79' lang='lat' dir='ltr'><strong>Dobraeus</strong></span> <span class='ocrx_word' id='word_1_122' title='bbox 550 1596 643 1631; x_wconf 80' lang='lat' dir='ltr'><strong>Adu,</strong></span> <span class='ocrx_word' id='word_1_123' title='bbox 668 1596 706 1630; x_wconf 90' lang='lat'>11</span> <span class='ocrx_word' id='word_1_124' title='bbox 722 1598 789 1630; x_wconf 77' lang='lat'><strong>373</strong></span> <span class='ocrx_word' id='word_1_125' title='bbox 866 1596 895 1627; x_wconf 95' lang='lat' dir='ltr'>V</span> <span class='ocrx_word' id='word_1_126' title='bbox 922 1594 1139 1628; x_wconf 83' lang='lat' dir='ltr'><strong>Rufinianus</strong></span> <span class='ocrx_word' id='word_1_127' title='bbox 1164 1594 1210 1627; x_wconf 85' lang='lat' dir='ltr'><strong>de</strong></span> <span class='ocrx_word' id='word_1_128' title='bbox 1234 1594 1293 1636; x_wconf 84' lang='lat' dir='ltr'><strong>fig.</strong></span> <span class='ocrx_word' id='word_1_129' title='bbox 1321 1596 1414 1626; x_wconf 84' lang='lat' dir='ltr'><strong>sent.</strong></span> <span class='ocrx_word' id='word_1_130' title='bbox 1440 1597 1478 1627; x_wconf 86' lang='lat' dir='ltr'><strong>et</strong></span> <span class='ocrx_word' id='word_1_131' title='bbox 1501 1593 1591 1626; x_wconf 86' lang='lat' dir='ltr'><strong>eloe.</strong></span> <span class='ocrx_word' id='word_1_132' title='bbox 1618 1593 1638 1633; x_wconf 68' lang='grc' dir='ltr'>ξ</span> <span class='ocrx_word' id='word_1_133' title='bbox 1659 1594 1696 1624; x_wconf 84' lang='grc'><strong>11</strong></span> 
     </span>
     <span class='ocr_line' id='line_1_22' title="bbox 163 1638 1699 1686; baseline -0.003 -11"><span class='ocrx_word' id='word_1_134' title='bbox 163 1653 198 1686; x_wconf 87' lang='lat' dir='ltr'><strong>p.</strong></span> <span class='ocrx_word' id='word_1_135' title='bbox 223 1643 290 1676; x_wconf 80' lang='lat'><strong>205</strong></span> <span class='ocrx_word' id='word_1_136' title='bbox 315 1642 461 1677; x_wconf 80' lang='lat' dir='ltr'><strong>Ruhnk.</strong></span> <span class='ocrx_word' id='word_1_137' title='bbox 487 1641 612 1683; x_wconf 78' lang='lat' dir='ltr'><strong>(rhett.</strong></span> <span class='ocrx_word' id='word_1_138' title='bbox 640 1642 739 1674; x_wconf 83' lang='lat' dir='ltr'><strong>Latt.</strong></span> <span class='ocrx_word' id='word_1_139' title='bbox 765 1652 799 1684; x_wconf 84' lang='lat' dir='ltr'><strong>p.</strong></span> <span class='ocrx_word' id='word_1_140' title='bbox 823 1642 886 1683; x_wconf 87' lang='lat'><strong>41,</strong></span> <span class='ocrx_word' id='word_1_141' title='bbox 912 1641 956 1673; x_wconf 91' lang='grc'><strong>28</strong></span> <span class='ocrx_word' id='word_1_142' title='bbox 982 1640 1118 1682; x_wconf 82' lang='lat' dir='ltr'><strong>Halm.)</strong></span> <span class='ocrx_word' id='word_1_143' title='bbox 1168 1640 1446 1682; x_wconf 77' lang='lat' dir='ltr'><strong>‘aganactesis.</strong></span> <span class='ocrx_word' id='word_1_144' title='bbox 1479 1638 1699 1681; x_wconf 81' lang='lat' dir='ltr'><strong>indignatio,</strong></span> 
     </span>
     <span class='ocr_line' id='line_1_23' title="bbox 162 1683 1700 1732; baseline -0.003 -11"><span class='ocrx_word' id='word_1_145' title='bbox 162 1698 255 1732; x_wconf 78' lang='lat' dir='ltr'><strong>quae</strong></span> <span class='ocrx_word' id='word_1_146' title='bbox 286 1686 327 1720; x_wconf 83' lang='lat' dir='ltr'><strong>fit</strong></span> <span class='ocrx_word' id='word_1_147' title='bbox 351 1688 506 1720; x_wconf 80' lang='lat' dir='ltr'><strong>maxime</strong></span> <span class='ocrx_word' id='word_1_148' title='bbox 538 1687 853 1730; x_wconf 74' lang='lat' dir='ltr'><strong>pronuntiatione.</strong></span> <span class='ocrx_word' id='word_1_149' title='bbox 901 1686 1042 1718; x_wconf 82' lang='lat' dir='ltr'><strong>Ennius</strong></span> <span class='ocrx_word' id='word_1_150' title='bbox 1074 1687 1112 1718; x_wconf 91' lang='lat' dir='ltr'><strong>in</strong></span> <span class='ocrx_word' id='word_1_151' title='bbox 1142 1685 1341 1729; x_wconf 82' lang='lat' dir='ltr'><strong>Iphigenia</strong></span> <span class='ocrx_word' id='word_1_152' title='bbox 1363 1709 1372 1718; x_wconf 91' lang='lat'><strong>.</strong></span> <span class='ocrx_word' id='word_1_153' title='bbox 1393 1710 1400 1718; x_wconf 94' lang='lat'><strong><em>.</em></strong></span> <span class='ocrx_word' id='word_1_154' title='bbox 1422 1683 1448 1717; x_wconf 87' lang='lat'><strong>.&#39;</strong></span> <span class='ocrx_word' id='word_1_155' title='bbox 1491 1685 1598 1716; x_wconf 76' lang='lat' dir='ltr'><strong>Haec</strong></span> <span class='ocrx_word' id='word_1_156' title='bbox 1629 1683 1700 1716; x_wconf 88' lang='lat' dir='ltr'><strong>duo</strong></span> 
     </span>
     <span class='ocr_line' id='line_1_24' title="bbox 163 1721 1700 1783; baseline -0.003 -17"><span class='ocrx_word' id='word_1_157' title='bbox 163 1735 374 1783; x_wconf 75' lang='lat' dir='ltr'><strong>fragmenta</strong></span> <span class='ocrx_word' id='word_1_158' title='bbox 405 1733 471 1773; x_wconf 83' lang='lat' dir='ltr'><strong>(lv</strong></span> <span class='ocrx_word' id='word_1_159' title='bbox 503 1737 541 1766; x_wconf 82' lang='lat' dir='ltr'><strong>et</strong></span> <span class='ocrx_word' id='word_1_160' title='bbox 567 1731 615 1776; x_wconf 88' lang='lat' dir='ltr'><strong>V)</strong></span> <span class='ocrx_word' id='word_1_161' title='bbox 648 1732 762 1765; x_wconf 80' lang='lat' dir='ltr'><strong>libere</strong></span> <span class='ocrx_word' id='word_1_162' title='bbox 793 1731 979 1764; x_wconf 82' lang='lat' dir='ltr'><strong>translata</strong></span> <span class='ocrx_word' id='word_1_163' title='bbox 1011 1742 1056 1764; x_wconf 88' lang='lat' dir='ltr'><strong>ex</strong></span> <span class='ocrx_word' id='word_1_164' title='bbox 1086 1730 1303 1773; x_wconf 80' lang='lat' dir='ltr'><strong>Euripideis</strong></span> <span class='ocrx_word' id='word_1_165' title='bbox 1333 1732 1398 1764; x_wconf 86' lang='grc'><strong>327</strong></span> <span class='ocrx_word' id='word_1_166' title='bbox 1431 1721 1460 1762; x_wconf 86' lang='grc' dir='ltr'><strong><em>ὦ</em></strong></span> <span class='ocrx_word' id='word_1_167' title='bbox 1490 1726 1598 1769; x_wconf 76' lang='grc' dir='ltr'><em>θεοὶ,</em></span> <span class='ocrx_word' id='word_1_168' title='bbox 1632 1726 1700 1771; x_wconf 83' lang='grc' dir='ltr'><strong>σῆς</strong></span> 
     </span>
     <span class='ocr_line' id='line_1_25' title="bbox 160 1769 1700 1822; baseline -0.004 -10"><span class='ocrx_word' id='word_1_169' title='bbox 160 1772 420 1822; x_wconf 74' lang='grc' dir='ltr'>ἄναισχυντου</span> <span class='ocrx_word' id='word_1_170' title='bbox 445 1772 597 1821; x_wconf 76' lang='grc' dir='ltr'><strong><em>φρενός.</em></strong></span> <span class='ocrx_word' id='word_1_171' title='bbox 631 1779 698 1811; x_wconf 80' lang='lat'><strong>328</strong></span> <span class='ocrx_word' id='word_1_172' title='bbox 728 1771 798 1810; x_wconf 76' lang='grc' dir='ltr'><strong>οὐκ</strong></span> <span class='ocrx_word' id='word_1_173' title='bbox 823 1771 1084 1820; x_wconf 70' lang='grc' dir='ltr'><strong><em>ἀναισχύντου</em></strong></span> <span class='ocrx_word' id='word_1_174' title='bbox 1115 1772 1225 1817; x_wconf 74' lang='grc' dir='ltr'><strong><em>τόδες</em></strong></span> <span class='ocrx_word' id='word_1_175' title='bbox 1257 1777 1321 1809; x_wconf 87' lang='grc'><strong>331</strong></span> <span class='ocrx_word' id='word_1_176' title='bbox 1347 1769 1434 1819; x_wconf 81' lang='grc' dir='ltr'><em>οὖχὶ</em></span> <span class='ocrx_word' id='word_1_177' title='bbox 1467 1769 1600 1815; x_wconf 79' lang='grc' dir='ltr'>ὃεινά;</span> <span class='ocrx_word' id='word_1_178' title='bbox 1632 1769 1700 1807; x_wconf 84' lang='grc' dir='ltr'><strong>τὸν</strong></span> 
     </span>
     <span class='ocr_line' id='line_1_26' title="bbox 161 1814 1699 1867; baseline -0.005 -9"><span class='ocrx_word' id='word_1_179' title='bbox 161 1818 255 1867; x_wconf 67' lang='grc' dir='ltr'><strong>ἐμὸν</strong></span> <span class='ocrx_word' id='word_1_180' title='bbox 279 1821 402 1858; x_wconf 74' lang='grc' dir='ltr'><strong><em>οἰκεῖν</em></strong></span> <span class='ocrx_word' id='word_1_181' title='bbox 435 1820 543 1857; x_wconf 77' lang='grc' dir='ltr'><strong><em>οἶκον</em></strong></span> <span class='ocrx_word' id='word_1_182' title='bbox 574 1817 644 1857; x_wconf 77' lang='grc' dir='ltr'><strong>οὐκ</strong></span> <span class='ocrx_word' id='word_1_183' title='bbox 676 1817 858 1865; x_wconf 67' lang='grc' dir='ltr'>ἐάσομαυ</span> <span class='ocrx_word' id='word_1_184' title='bbox 889 1823 958 1855; x_wconf 84' lang='grc'><strong>384</strong></span> <span class='ocrx_word' id='word_1_185' title='bbox 983 1816 1054 1856; x_wconf 80' lang='grc' dir='ltr'><strong><em>εἶτ’</em></strong></span> <span class='ocrx_word' id='word_1_186' title='bbox 1087 1816 1159 1865; x_wconf 73' lang='grc' dir='ltr'><strong>ἐγώ</strong></span> <span class='ocrx_word' id='word_1_187' title='bbox 1192 1820 1308 1865; x_wconf 77' lang='grc' dir='ltr'><strong><em>δίκην</em></strong></span> <span class='ocrx_word' id='word_1_188' title='bbox 1340 1819 1396 1854; x_wconf 79' lang='grc' dir='ltr'><strong>δῶ</strong></span> <span class='ocrx_word' id='word_1_189' title='bbox 1425 1819 1500 1854; x_wconf 81' lang='grc' dir='ltr'><strong>σῶν</strong></span> <span class='ocrx_word' id='word_1_190' title='bbox 1524 1818 1654 1852; x_wconf 80' lang='grc' dir='ltr'><strong><em>κακῶν</em></strong></span> <span class='ocrx_word' id='word_1_191' title='bbox 1678 1814 1699 1851; x_wconf 90' lang='grc' dir='ltr'><strong>ὁ</strong></span> 
     </span>
     <span class='ocr_line' id='line_1_27' title="bbox 162 1864 1700 1913; baseline -0.004 -10"><span class='ocrx_word' id='word_1_192' title='bbox 162 1865 214 1913; x_wconf 84' lang='grc' dir='ltr'><strong>μὴ</strong></span> <span class='ocrx_word' id='word_1_193' title='bbox 241 1867 419 1911; x_wconf 60' lang='lat' dir='ltr'><strong>copulate:</strong></span> <span class='ocrx_word' id='word_1_194' title='bbox 489 1869 540 1903; x_wconf 92' lang='lat' dir='ltr'><strong>VI</strong></span> <span class='ocrx_word' id='word_1_195' title='bbox 565 1869 704 1903; x_wconf 87' lang='lat' dir='ltr'><strong>Ibidem</strong></span> <span class='ocrx_word' id='word_1_196' title='bbox 723 1869 743 1909; x_wconf 70' lang='lat'><strong>5</strong></span> <span class='ocrx_word' id='word_1_197' title='bbox 761 1869 805 1902; x_wconf 78' lang='lat'><strong>3⁷</strong></span> <span class='ocrx_word' id='word_1_198' title='bbox 822 1879 857 1911; x_wconf 87' lang='lat' dir='ltr'><strong>p.</strong></span> <span class='ocrx_word' id='word_1_199' title='bbox 875 1869 941 1901; x_wconf 87' lang='grc'><strong>222</strong></span> <span class='ocrx_word' id='word_1_200' title='bbox 967 1866 1111 1900; x_wconf 84' lang='lat' dir='ltr'><strong>Ruhnk.</strong></span> <span class='ocrx_word' id='word_1_201' title='bbox 1131 1867 1238 1908; x_wconf 84' lang='lat' dir='ltr'><strong>(rhet.</strong></span> <span class='ocrx_word' id='word_1_202' title='bbox 1257 1867 1357 1899; x_wconf 85' lang='lat' dir='ltr'><strong>Latt.</strong></span> <span class='ocrx_word' id='word_1_203' title='bbox 1377 1877 1411 1909; x_wconf 83' lang='lat' dir='ltr'><strong>p.</strong></span> <span class='ocrx_word' id='word_1_204' title='bbox 1427 1867 1483 1906; x_wconf 79' lang='lat'><strong>47,</strong></span> <span class='ocrx_word' id='word_1_205' title='bbox 1507 1866 1546 1898; x_wconf 84' lang='lat'>16</span> <span class='ocrx_word' id='word_1_206' title='bbox 1565 1864 1700 1905; x_wconf 83' lang='lat' dir='ltr'><strong>Halm.)</strong></span> 
     </span>
     <span class='ocr_line' id='line_1_28' title="bbox 163 1910 1700 1958; baseline -0.004 -10"><span class='ocrx_word' id='word_1_207' title='bbox 163 1915 359 1958; x_wconf 76' lang='lat' dir='ltr'><strong>‘syncrisis</strong></span> <span class='ocrx_word' id='word_1_208' title='bbox 385 1914 463 1948; x_wconf 79' lang='lat' dir='ltr'><strong>siue</strong></span> <span class='ocrx_word' id='word_1_209' title='bbox 489 1914 704 1954; x_wconf 80' lang='lat' dir='ltr'><strong>antithesis,</strong></span> <span class='ocrx_word' id='word_1_210' title='bbox 740 1913 968 1957; x_wconf 81' lang='lat' dir='ltr'><strong>comparatio</strong></span> <span class='ocrx_word' id='word_1_211' title='bbox 993 1923 1114 1945; x_wconf 85' lang='lat' dir='ltr'><strong>rerum</strong></span> <span class='ocrx_word' id='word_1_212' title='bbox 1138 1916 1249 1955; x_wconf 82' lang='lat' dir='ltr'><strong>atque</strong></span> <span class='ocrx_word' id='word_1_213' title='bbox 1276 1921 1514 1955; x_wconf 79' lang='lat' dir='ltr'><strong>personarum</strong></span> <span class='ocrx_word' id='word_1_214' title='bbox 1538 1910 1635 1944; x_wconf 84' lang='lat' dir='ltr'><strong>inter</strong></span> <span class='ocrx_word' id='word_1_215' title='bbox 1660 1919 1700 1943; x_wconf 81' lang='lat' dir='ltr'><strong>se</strong></span> 
     </span>
     <span class='ocr_line' id='line_1_29' title="bbox 163 1957 1332 2003; baseline -0.003 -10"><span class='ocrx_word' id='word_1_216' title='bbox 163 1961 447 2001; x_wconf 77' lang='lat' dir='ltr'><strong>contrariarum,</strong></span> <span class='ocrx_word' id='word_1_217' title='bbox 473 1964 531 1994; x_wconf 87' lang='lat' dir='ltr'><strong>ut:</strong></span> <span class='ocrx_word' id='word_1_218' title='bbox 559 1962 651 2003; x_wconf 87' lang='lat' dir='ltr'><strong>ego’</strong></span> <span class='ocrx_word' id='word_1_219' title='bbox 677 1971 708 1993; x_wconf 87' lang='lat' dir='ltr'><strong>e.</strong></span> <span class='ocrx_word' id='word_1_220' title='bbox 736 1969 769 2002; x_wconf 87' lang='lat' dir='ltr'><strong>q.</strong></span> <span class='ocrx_word' id='word_1_221' title='bbox 794 1969 822 1994; x_wconf 81' lang='lat' dir='ltr'><strong>e.</strong></span> <span class='ocrx_word' id='word_1_222' title='bbox 872 1959 955 1991; x_wconf 86' lang='lat' dir='ltr'><strong>Huc</strong></span> <span class='ocrx_word' id='word_1_223' title='bbox 982 1958 1127 1992; x_wconf 84' lang='lat' dir='ltr'><strong>rettulit</strong></span> <span class='ocrx_word' id='word_1_224' title='bbox 1153 1957 1332 1991; x_wconf 81' lang='lat' dir='ltr'><strong>Columna</strong></span> 
     </span>
    </p>
   </div>
   <div class='ocr_carea' id='block_1_7' title="bbox 237 2057 451 2060">
    <p class='ocr_par' dir='ltr' id='par_1_7' title="bbox 237 2057 451 2060">
     <span class='ocr_line' id='line_1_30' title="bbox 237 2057 451 2060; baseline 0 0"><span class='ocrx_word' id='word_1_225' title='bbox 237 2057 451 2060; x_wconf 95' lang='lat' dir='ltr'><strong> </strong></span> 
     </span>
    </p>
   </div>
   <div class='ocr_carea' id='block_1_8' title="bbox 145 2114 1704 2957">
    <p class='ocr_par' dir='ltr' id='par_1_8' title="bbox 145 2114 1704 2957">
     <span class='ocr_line' id='line_1_31' title="bbox 279 2114 1702 2164; baseline -0.003 -11"><span class='ocrx_word' id='word_1_226' title='bbox 279 2115 357 2153; x_wconf 88' lang='grc'><strong>191</strong></span> <span class='ocrx_word' id='word_1_227' title='bbox 389 2116 452 2164; x_wconf 87' lang='lat' dir='ltr'><strong>qui</strong></span> <span class='ocrx_word' id='word_1_228' title='bbox 483 2115 590 2152; x_wconf 87' lang='lat' dir='ltr'><strong>homo</strong></span> <span class='ocrx_word' id='word_1_229' title='bbox 625 2117 824 2154; x_wconf 79' lang='lat' dir='ltr'><strong>Bentleius</strong></span> <span class='ocrx_word' id='word_1_230' title='bbox 912 2126 1060 2164; x_wconf 82' lang='lat' dir='ltr'><strong>usquam</strong></span> <span class='ocrx_word' id='word_1_231' title='bbox 1095 2115 1219 2153; x_wconf 78' lang='lat' dir='ltr'><strong>Oxou.</strong></span> <span class='ocrx_word' id='word_1_232' title='bbox 1252 2117 1360 2163; x_wconf 61' lang='lat' dir='ltr'><strong>aliq„</strong></span> <span class='ocrx_word' id='word_1_233' title='bbox 1392 2114 1595 2152; x_wconf 80' lang='lat' dir='ltr'><strong>Bentleius</strong></span> <span class='ocrx_word' id='word_1_234' title='bbox 1626 2125 1702 2150; x_wconf 73' lang='lat' dir='ltr'><strong>uiu-</strong></span> 
     </span>
     <span class='ocr_line' id='line_1_32' title="bbox 145 2171 1702 2221; baseline -0.003 -11"><span class='ocrx_word' id='word_1_235' title='bbox 145 2183 267 2221; x_wconf 74' lang='lat' dir='ltr'><strong>-quam</strong></span> <span class='ocrx_word' id='word_1_236' title='bbox 288 2175 410 2210; x_wconf 82' lang='lat' dir='ltr'><strong>ceteri</strong></span> <span class='ocrx_word' id='word_1_237' title='bbox 426 2173 518 2210; x_wconf 80' lang='lat' dir='ltr'><strong>libri</strong></span> <span class='ocrx_word' id='word_1_238' title='bbox 606 2172 684 2210; x_wconf 90' lang='grc'><strong>192</strong></span> <span class='ocrx_word' id='word_1_239' title='bbox 718 2173 798 2221; x_wconf 87' lang='lat' dir='ltr'><strong>quis</strong></span> <span class='ocrx_word' id='word_1_240' title='bbox 829 2171 890 2209; x_wconf 79' lang='lat' dir='ltr'><strong>ted</strong></span> <span class='ocrx_word' id='word_1_241' title='bbox 912 2171 1001 2219; x_wconf 77' lang='lat' dir='ltr'><strong>(tete</strong></span> <span class='ocrx_word' id='word_1_242' title='bbox 1022 2171 1122 2219; x_wconf 83' lang='lat' dir='ltr'><strong>otim)</strong></span> <span class='ocrx_word' id='word_1_243' title='bbox 1143 2176 1262 2208; x_wconf 78' lang='lat' dir='ltr'><strong>autem</strong></span> <span class='ocrx_word' id='word_1_244' title='bbox 1284 2171 1416 2208; x_wconf 75' lang='lat' dir='ltr'><strong>malitia</strong></span> <span class='ocrx_word' id='word_1_245' title='bbox 1437 2174 1589 2218; x_wconf 80' lang='lat' dir='ltr'><strong>scripsi.</strong></span> <span class='ocrx_word' id='word_1_246' title='bbox 1622 2171 1702 2219; x_wconf 86' lang='lat' dir='ltr'><strong>quis</strong></span> 
     </span>
     <span class='ocr_line' id='line_1_33' title="bbox 160 2228 1701 2278; baseline -0.002 -12"><span class='ocrx_word' id='word_1_247' title='bbox 160 2234 280 2266; x_wconf 70' lang='lat' dir='ltr'><strong>aunem</strong></span> <span class='ocrx_word' id='word_1_248' title='bbox 302 2229 444 2277; x_wconf 42' lang='lat' dir='ltr'><strong>‚malitia</strong></span> <span class='ocrx_word' id='word_1_249' title='bbox 476 2234 512 2266; x_wconf 79' lang='lat' dir='ltr'><strong>te</strong></span> <span class='ocrx_word' id='word_1_250' title='bbox 541 2229 634 2266; x_wconf 82' lang='lat' dir='ltr'><strong>libri</strong></span> <span class='ocrx_word' id='word_1_251' title='bbox 662 2230 743 2278; x_wconf 83' lang='lat' dir='ltr'><strong>quis</strong></span> <span class='ocrx_word' id='word_1_252' title='bbox 775 2231 860 2266; x_wconf 80' lang='lat' dir='ltr'><strong>item</strong></span> <span class='ocrx_word' id='word_1_253' title='bbox 899 2240 944 2266; x_wconf 90' lang='lat' dir='ltr'><strong>m.</strong></span> <span class='ocrx_word' id='word_1_254' title='bbox 978 2234 1013 2266; x_wconf 81' lang='lat' dir='ltr'><strong>te</strong></span> <span class='ocrx_word' id='word_1_255' title='bbox 1041 2229 1342 2275; x_wconf 77' lang='lat' dir='ltr'><strong>Fleckeisemts,</strong></span> <span class='ocrx_word' id='word_1_256' title='bbox 1377 2228 1551 2276; x_wconf 81' lang='lat' dir='ltr'><strong>fortasse</strong></span> <span class='ocrx_word' id='word_1_257' title='bbox 1582 2231 1701 2264; x_wconf 80' lang='lat' dir='ltr'><strong>recte.</strong></span> 
     </span>
     <span class='ocr_line' id='line_1_34' title="bbox 161 2285 1702 2335; baseline -0.002 -13"><span class='ocrx_word' id='word_1_258' title='bbox 161 2286 222 2335; x_wconf 86' lang='lat' dir='ltr'><strong>qui</strong></span> <span class='ocrx_word' id='word_1_259' title='bbox 253 2291 372 2322; x_wconf 80' lang='lat' dir='ltr'><strong>autem</strong></span> <span class='ocrx_word' id='word_1_260' title='bbox 405 2297 451 2322; x_wconf 89' lang='lat' dir='ltr'><strong>m.</strong></span> <span class='ocrx_word' id='word_1_261' title='bbox 475 2290 512 2322; x_wconf 82' lang='lat' dir='ltr'><strong>te</strong></span> <span class='ocrx_word' id='word_1_262' title='bbox 541 2286 741 2323; x_wconf 76' lang='lat' dir='ltr'><strong>Bentleius</strong></span> <span class='ocrx_word' id='word_1_263' title='bbox 771 2286 851 2334; x_wconf 87' lang='lat' dir='ltr'><strong>quis</strong></span> <span class='ocrx_word' id='word_1_264' title='bbox 882 2290 919 2322; x_wconf 85' lang='lat' dir='ltr'><strong>te</strong></span> <span class='ocrx_word' id='word_1_265' title='bbox 939 2290 1060 2322; x_wconf 73' lang='lat' dir='ltr'><strong>autem</strong></span> <span class='ocrx_word' id='word_1_266' title='bbox 1091 2297 1136 2322; x_wconf 90' lang='lat' dir='ltr'><strong>m.</strong></span> <span class='ocrx_word' id='word_1_267' title='bbox 1162 2286 1382 2323; x_wconf 72' lang='lat' dir='ltr'><strong>Bouherius</strong></span> <span class='ocrx_word' id='word_1_268' title='bbox 1413 2285 1493 2333; x_wconf 84' lang='lat' dir='ltr'><strong>quis</strong></span> <span class='ocrx_word' id='word_1_269' title='bbox 1516 2296 1559 2320; x_wconf 56' lang='lat' dir='ltr'><strong>m⁴</strong></span> <span class='ocrx_word' id='word_1_270' title='bbox 1582 2289 1702 2320; x_wconf 78' lang='lat' dir='ltr'><strong>autem</strong></span> 
     </span>
     <span class='ocr_line' id='line_1_35' title="bbox 165 2340 1701 2390; baseline -0.002 -11"><span class='ocrx_word' id='word_1_271' title='bbox 165 2348 201 2379; x_wconf 79' lang='lat' dir='ltr'><strong>te</strong></span> <span class='ocrx_word' id='word_1_272' title='bbox 222 2341 351 2379; x_wconf 78' lang='lat' dir='ltr'><em>CFW.</em></span> <span class='ocrx_word' id='word_1_273' title='bbox 376 2342 542 2380; x_wconf 81' lang='lat' dir='ltr'><strong>Mueller</strong></span> <span class='ocrx_word' id='word_1_274' title='bbox 566 2344 723 2390; x_wconf 78' lang='lat' dir='ltr'><strong>prosod.</strong></span> <span class='ocrx_word' id='word_1_275' title='bbox 747 2343 876 2380; x_wconf 82' lang='lat' dir='ltr'><strong>Plaut.</strong></span> <span class='ocrx_word' id='word_1_276' title='bbox 904 2354 944 2390; x_wconf 85' lang='lat' dir='ltr'><strong>p.</strong></span> <span class='ocrx_word' id='word_1_277' title='bbox 967 2341 1065 2390; x_wconf 81' lang='lat'><strong>387,</strong></span> <span class='ocrx_word' id='word_1_278' title='bbox 1083 2354 1226 2390; x_wconf 83' lang='lat' dir='ltr'><strong>parum</strong></span> <span class='ocrx_word' id='word_1_279' title='bbox 1249 2344 1448 2390; x_wconf 72' lang='lat' dir='ltr'><strong>eteyanter</strong></span> <span class='ocrx_word' id='word_1_280' title='bbox 1543 2340 1623 2378; x_wconf 87' lang='lat'><strong>193</strong></span> <span class='ocrx_word' id='word_1_281' title='bbox 1646 2351 1701 2376; x_wconf 82' lang='lat' dir='ltr'><strong>re-</strong></span> 
     </span>
     <span class='ocr_line' id='line_1_36' title="bbox 161 2397 1702 2446; baseline -0.001 -11"><span class='ocrx_word' id='word_1_282' title='bbox 161 2399 262 2436; x_wconf 78' lang='lat' dir='ltr'><strong>stitat</strong></span> <span class='ocrx_word' id='word_1_283' title='bbox 296 2398 496 2436; x_wconf 80' lang='lat' dir='ltr'><strong>Bentleius</strong></span> <span class='ocrx_word' id='word_1_284' title='bbox 516 2399 640 2446; x_wconf 83' lang='lat' dir='ltr'><strong>Epist.</strong></span> <span class='ocrx_word' id='word_1_285' title='bbox 664 2401 717 2436; x_wconf 83' lang='lat' dir='ltr'><strong>ad</strong></span> <span class='ocrx_word' id='word_1_286' title='bbox 736 2399 896 2437; x_wconf 80' lang='lat' dir='ltr'><strong>Millium</strong></span> <span class='ocrx_word' id='word_1_287' title='bbox 913 2411 954 2446; x_wconf 83' lang='lat' dir='ltr'><strong>p.</strong></span> <span class='ocrx_word' id='word_1_288' title='bbox 977 2398 1031 2435; x_wconf 77' lang='lat'><strong>43</strong></span> <span class='ocrx_word' id='word_1_289' title='bbox 1059 2404 1174 2436; x_wconf 78' lang='lat' dir='ltr'><strong>restat</strong></span> <span class='ocrx_word' id='word_1_290' title='bbox 1196 2399 1442 2446; x_wconf 79' lang='lat' dir='ltr'><strong>exemplaria</strong></span> <span class='ocrx_word' id='word_1_291' title='bbox 1535 2397 1611 2435; x_wconf 68' lang='lat'><strong>194</strong></span> <span class='ocrx_word' id='word_1_292' title='bbox 1642 2407 1702 2433; x_wconf 80' lang='lat' dir='ltr'><strong>se-</strong></span> 
     </span>
     <span class='ocr_line' id='line_1_37' title="bbox 163 2454 1701 2505; baseline -0.003 -12"><span class='ocrx_word' id='word_1_293' title='bbox 163 2460 276 2493; x_wconf 80' lang='lat' dir='ltr'><strong>cutus</strong></span> <span class='ocrx_word' id='word_1_294' title='bbox 296 2466 379 2492; x_wconf 82' lang='lat' dir='ltr'><strong>sum</strong></span> <span class='ocrx_word' id='word_1_295' title='bbox 403 2455 616 2494; x_wconf 72' lang='lat' dir='ltr'><strong>Personam</strong></span> <span class='ocrx_word' id='word_1_296' title='bbox 637 2461 762 2494; x_wconf 79' lang='lat' dir='ltr'><strong>traces</strong></span> <span class='ocrx_word' id='word_1_297' title='bbox 780 2468 821 2504; x_wconf 86' lang='lat' dir='ltr'><strong>p.</strong></span> <span class='ocrx_word' id='word_1_298' title='bbox 845 2455 942 2502; x_wconf 88' lang='lat'><strong>303,</strong></span> <span class='ocrx_word' id='word_1_299' title='bbox 972 2459 1040 2505; x_wconf 81' lang='lat' dir='ltr'><strong>qui</strong></span> <span class='ocrx_word' id='word_1_300' title='bbox 1070 2462 1108 2493; x_wconf 96' lang='grc' dir='ltr'><strong>ιιι</strong></span> <span class='ocrx_word' id='word_1_301' title='bbox 1138 2467 1209 2505; x_wconf 81' lang='lat' dir='ltr'><strong>ego</strong></span> <span class='ocrx_word' id='word_1_302' title='bbox 1242 2455 1390 2504; x_wconf 76' lang='lat' dir='ltr'><strong>plectar,</strong></span> <span class='ocrx_word' id='word_1_303' title='bbox 1423 2460 1462 2491; x_wconf 90' lang='grc' dir='ltr'><strong>ιιι</strong></span> <span class='ocrx_word' id='word_1_304' title='bbox 1492 2454 1701 2502; x_wconf 67' lang='lat' dir='ltr'><strong>delinquas-3</strong></span> 
     </span>
     <span class='ocr_line' id='line_1_38' title="bbox 163 2513 1703 2562; baseline -0.002 -12"><span class='ocrx_word' id='word_1_305' title='bbox 163 2518 203 2550; x_wconf 84' lang='lat' dir='ltr'><strong>tu</strong></span> <span class='ocrx_word' id='word_1_306' title='bbox 225 2523 374 2561; x_wconf 84' lang='lat' dir='ltr'><strong>pecces,</strong></span> <span class='ocrx_word' id='word_1_307' title='bbox 405 2523 475 2562; x_wconf 82' lang='lat' dir='ltr'><strong>ego</strong></span> <span class='ocrx_word' id='word_1_308' title='bbox 500 2523 632 2561; x_wconf 78' lang='lat' dir='ltr'><strong>arguar</strong></span> <span class='ocrx_word' id='word_1_309' title='bbox 654 2514 754 2550; x_wconf 82' lang='lat' dir='ltr'><strong>duce</strong></span> <span class='ocrx_word' id='word_1_310' title='bbox 776 2513 952 2550; x_wconf 81' lang='lat' dir='ltr'><strong>Bentleio</strong></span> <span class='ocrx_word' id='word_1_311' title='bbox 975 2514 1254 2562; x_wconf 72' lang='lat' dir='ltr'><strong>eleyantissime</strong></span> <span class='ocrx_word' id='word_1_312' title='bbox 1285 2514 1455 2559; x_wconf 81' lang='lat' dir='ltr'><strong>scripsit.</strong></span> <span class='ocrx_word' id='word_1_313' title='bbox 1515 2522 1585 2559; x_wconf 82' lang='lat' dir='ltr'><strong>ego</strong></span> <span class='ocrx_word' id='word_1_314' title='bbox 1619 2521 1703 2558; x_wconf 81' lang='lat' dir='ltr'><strong>pro·</strong></span> 
     </span>
     <span class='ocr_line' id='line_1_39' title="bbox 162 2567 1704 2619; baseline -0.003 -14"><span class='ocrx_word' id='word_1_315' title='bbox 162 2570 277 2606; x_wconf 79' lang='lat' dir='ltr'><strong>icctor</strong></span> <span class='ocrx_word' id='word_1_316' title='bbox 298 2569 396 2617; x_wconf 83' lang='lat' dir='ltr'><strong>quod</strong></span> <span class='ocrx_word' id='word_1_317' title='bbox 419 2574 459 2606; x_wconf 88' lang='grc' dir='ltr'><strong>ιιι</strong></span> <span class='ocrx_word' id='word_1_318' title='bbox 480 2580 626 2618; x_wconf 77' lang='lat' dir='ltr'><strong>pecca83</strong></span> <span class='ocrx_word' id='word_1_319' title='bbox 663 2575 701 2606; x_wconf 87' lang='grc' dir='ltr'><strong>ιιι</strong></span> <span class='ocrx_word' id='word_1_320' title='bbox 730 2569 918 2619; x_wconf 81' lang='lat' dir='ltr'><strong>delinquas</strong></span> <span class='ocrx_word' id='word_1_321' title='bbox 947 2568 1143 2619; x_wconf 84' lang='lat' dir='ltr'><strong>(delinquis</strong></span> <span class='ocrx_word' id='word_1_322' title='bbox 1165 2570 1262 2606; x_wconf 80' lang='lat' dir='ltr'><strong>Rob.</strong></span> <span class='ocrx_word' id='word_1_323' title='bbox 1285 2567 1520 2616; x_wconf 76' lang='lat' dir='ltr'><strong>Stephanus)</strong></span> <span class='ocrx_word' id='word_1_324' title='bbox 1550 2578 1619 2614; x_wconf 83' lang='lat' dir='ltr'><strong>ego</strong></span> <span class='ocrx_word' id='word_1_325' title='bbox 1649 2577 1704 2601; x_wconf 77' lang='lat' dir='ltr'><strong>ar-</strong></span> 
     </span>
     <span class='ocr_line' id='line_1_40' title="bbox 163 2624 1704 2675; baseline -0.003 -13"><span class='ocrx_word' id='word_1_326' title='bbox 163 2636 259 2674; x_wconf 81' lang='lat' dir='ltr'><strong>guor</strong></span> <span class='ocrx_word' id='word_1_327' title='bbox 290 2627 348 2662; x_wconf 80' lang='lat' dir='ltr'><strong>ed.</strong></span> <span class='ocrx_word' id='word_1_328' title='bbox 374 2626 515 2673; x_wconf 64' lang='lat' dir='ltr'><strong>Bas-il„</strong></span> <span class='ocrx_word' id='word_1_329' title='bbox 546 2627 648 2663; x_wconf 79' lang='lat' dir='ltr'><strong>unde</strong></span> <span class='ocrx_word' id='word_1_330' title='bbox 667 2626 810 2675; x_wconf 77' lang='lat' dir='ltr'><strong>plector</strong></span> <span class='ocrx_word' id='word_1_331' title='bbox 833 2628 934 2663; x_wconf 78' lang='lat' dir='ltr'><strong>eruit</strong></span> <span class='ocrx_word' id='word_1_332' title='bbox 954 2626 1160 2672; x_wconf 74' lang='lat' dir='ltr'><strong>Pithoeus,</strong></span> <span class='ocrx_word' id='word_1_333' title='bbox 1192 2636 1302 2674; x_wconf 81' lang='lat' dir='ltr'><strong>quem</strong></span> <span class='ocrx_word' id='word_1_334' title='bbox 1323 2630 1480 2662; x_wconf 80' lang='lat' dir='ltr'><strong>secutus</strong></span> <span class='ocrx_word' id='word_1_335' title='bbox 1503 2624 1704 2659; x_wconf 79' lang='lat' dir='ltr'><strong>Bentleius</strong></span> 
     </span>
     <span class='ocr_line' id='line_1_41' title="bbox 163 2677 1702 2732; baseline -0.003 -13"><span class='ocrx_word' id='word_1_336' title='bbox 163 2710 171 2719; x_wconf 90' lang='lat'><strong>.</strong></span> <span class='ocrx_word' id='word_1_337' title='bbox 202 2683 229 2719; x_wconf 87' lang='lat' dir='ltr'><strong>l.</strong></span> <span class='ocrx_word' id='word_1_338' title='bbox 265 2686 305 2718; x_wconf 87' lang='grc' dir='ltr'><strong>ιιι</strong></span> <span class='ocrx_word' id='word_1_339' title='bbox 335 2692 406 2730; x_wconf 83' lang='lat' dir='ltr'><strong>ego</strong></span> <span class='ocrx_word' id='word_1_340' title='bbox 437 2682 576 2731; x_wconf 81' lang='lat' dir='ltr'><strong>plectar</strong></span> <span class='ocrx_word' id='word_1_341' title='bbox 611 2710 620 2719; x_wconf 91' lang='lat'><strong>.</strong></span> <span class='ocrx_word' id='word_1_342' title='bbox 645 2711 654 2720; x_wconf 89' lang='lat'><strong>.</strong></span> <span class='ocrx_word' id='word_1_343' title='bbox 680 2711 689 2720; x_wconf 89' lang='lat'><strong>.</strong></span> <span class='ocrx_word' id='word_1_344' title='bbox 712 2694 847 2732; x_wconf 80' lang='lat' dir='ltr'><strong>arguar</strong></span> <span class='ocrx_word' id='word_1_345' title='bbox 877 2685 1055 2720; x_wconf 79' lang='lat' dir='ltr'><strong>coniecit.</strong></span> <span class='ocrx_word' id='word_1_346' title='bbox 1096 2694 1185 2731; x_wconf 81' lang='lat' dir='ltr'><strong>ergo</strong></span> <span class='ocrx_word' id='word_1_347' title='bbox 1219 2681 1361 2731; x_wconf 70' lang='lat' dir='ltr'><strong>plector</strong></span> <span class='ocrx_word' id='word_1_348' title='bbox 1391 2692 1461 2730; x_wconf 84' lang='lat' dir='ltr'><strong>ego</strong></span> <span class='ocrx_word' id='word_1_349' title='bbox 1494 2677 1598 2728; x_wconf 83' lang='lat' dir='ltr'><strong>(crgo</strong></span> <span class='ocrx_word' id='word_1_350' title='bbox 1631 2689 1702 2726; x_wconf 85' lang='lat' dir='ltr'><strong>ego</strong></span> 
     </span>
     <span class='ocr_line' id='line_1_42' title="bbox 165 2735 1703 2788; baseline -0.003 -13"><span class='ocrx_word' id='word_1_351' title='bbox 165 2738 306 2788; x_wconf 78' lang='lat' dir='ltr'><strong>plector</strong></span> <span class='ocrx_word' id='word_1_352' title='bbox 325 2739 368 2775; x_wconf 88' lang='lat' dir='ltr'><strong>L.</strong></span> <span class='ocrx_word' id='word_1_353' title='bbox 391 2738 646 2787; x_wconf 70' lang='lat' dir='ltr'><strong>Spenqelius),</strong></span> <span class='ocrx_word' id='word_1_354' title='bbox 681 2745 719 2776; x_wconf 86' lang='grc' dir='ltr'><strong>ιιι</strong></span> <span class='ocrx_word' id='word_1_355' title='bbox 741 2740 892 2788; x_wconf 83' lang='lat' dir='ltr'><strong>peccas?</strong></span> <span class='ocrx_word' id='word_1_356' title='bbox 922 2744 962 2776; x_wconf 83' lang='lat' dir='ltr'><strong>tu</strong></span> <span class='ocrx_word' id='word_1_357' title='bbox 983 2739 1175 2788; x_wconf 79' lang='lat' dir='ltr'><strong>delinquiS,</strong></span> <span class='ocrx_word' id='word_1_358' title='bbox 1209 2750 1278 2787; x_wconf 81' lang='lat' dir='ltr'><strong>ego</strong></span> <span class='ocrx_word' id='word_1_359' title='bbox 1300 2748 1435 2785; x_wconf 80' lang='lat' dir='ltr'><strong>arguor</strong></span> <span class='ocrx_word' id='word_1_360' title='bbox 1456 2735 1703 2773; x_wconf 72' lang='lat' dir='ltr'><strong>Frmaelicmus</strong></span> 
     </span>
     <span class='ocr_line' id='line_1_43' title="bbox 167 2793 1701 2844; baseline -0.003 -13"><span class='ocrx_word' id='word_1_361' title='bbox 167 2807 255 2831; x_wconf 74' lang='lat' dir='ltr'><strong>aren.</strong></span> <span class='ocrx_word' id='word_1_362' title='bbox 286 2795 434 2843; x_wconf 74' lang='lat' dir='ltr'><strong>philoll.</strong></span> <span class='ocrx_word' id='word_1_363' title='bbox 459 2794 567 2832; x_wconf 88' lang='grc'><strong>1864</strong></span> <span class='ocrx_word' id='word_1_364' title='bbox 586 2807 626 2843; x_wconf 84' lang='lat' dir='ltr'><strong>p.</strong></span> <span class='ocrx_word' id='word_1_365' title='bbox 648 2794 743 2833; x_wconf 81' lang='lat'>211.</span> <span class='ocrx_word' id='word_1_366' title='bbox 777 2795 930 2844; x_wconf 78' lang='lat' dir='ltr'><strong>Infelix</strong></span> <span class='ocrx_word' id='word_1_367' title='bbox 950 2797 1097 2833; x_wconf 82' lang='lat' dir='ltr'><strong>Halmii</strong></span> <span class='ocrx_word' id='word_1_368' title='bbox 1127 2806 1197 2844; x_wconf 79' lang='lat' dir='ltr'><strong>ego</strong></span> <span class='ocrx_word' id='word_1_369' title='bbox 1228 2794 1320 2843; x_wconf 82' lang='lat' dir='ltr'><strong>proh</strong></span> <span class='ocrx_word' id='word_1_370' title='bbox 1354 2793 1493 2841; x_wconf 79' lang='lat' dir='ltr'><strong>plector</strong></span> <span class='ocrx_word' id='word_1_371' title='bbox 1514 2802 1701 2828; x_wconf 83' lang='lat' dir='ltr'><strong>commen-</strong></span> 
     </span>
     <span class='ocr_line' id='line_1_44' title="bbox 167 2848 1700 2900; baseline -0.003 -11"><span class='ocrx_word' id='word_1_372' title='bbox 167 2856 256 2889; x_wconf 82' lang='lat' dir='ltr'><strong>tum.</strong></span> <span class='ocrx_word' id='word_1_373' title='bbox 359 2852 406 2889; x_wconf 86' lang='lat' dir='ltr'><strong>In</strong></span> <span class='ocrx_word' id='word_1_374' title='bbox 436 2854 514 2900; x_wconf 82' lang='lat' dir='ltr'><strong>fine</strong></span> <span class='ocrx_word' id='word_1_375' title='bbox 544 2860 685 2890; x_wconf 79' lang='lat' dir='ltr'><strong>uersus</strong></span> <span class='ocrx_word' id='word_1_376' title='bbox 714 2857 820 2890; x_wconf 82' lang='lat' dir='ltr'><strong>recte</strong></span> <span class='ocrx_word' id='word_1_377' title='bbox 850 2854 1026 2890; x_wconf 76' lang='lat' dir='ltr'><strong>distinxit</strong></span> <span class='ocrx_word' id='word_1_378' title='bbox 1057 2851 1308 2887; x_wconf 65' lang='lat' dir='ltr'><strong>Her-mannus</strong></span> <span class='ocrx_word' id='word_1_379' title='bbox 1338 2852 1376 2886; x_wconf 82' lang='lat' dir='ltr'><strong>in</strong></span> <span class='ocrx_word' id='word_1_380' title='bbox 1410 2850 1546 2895; x_wconf 68' lang='lat' dir='ltr'><strong>Eur-ip.</strong></span> <span class='ocrx_word' id='word_1_381' title='bbox 1577 2848 1700 2896; x_wconf 69' lang='lat' dir='ltr'><strong>Iphiy.</strong></span> 
     </span>
     <span class='ocr_line' id='line_1_45' title="bbox 168 2905 1699 2957; baseline 0 -12"><span class='ocrx_word' id='word_1_382' title='bbox 168 2909 255 2945; x_wconf 78' lang='lat' dir='ltr'><strong>Aul.</strong></span> <span class='ocrx_word' id='word_1_383' title='bbox 287 2907 369 2946; x_wconf 89' lang='grc'><strong>385</strong></span> <span class='ocrx_word' id='word_1_384' title='bbox 474 2908 552 2946; x_wconf 84' lang='grc'><strong>196</strong></span> <span class='ocrx_word' id='word_1_385' title='bbox 583 2914 734 2946; x_wconf 79' lang='lat' dir='ltr'><strong>necetur</strong></span> <span class='ocrx_word' id='word_1_386' title='bbox 763 2907 833 2946; x_wconf 79' lang='lat' dir='ltr'><strong>filia</strong></span> <span class='ocrx_word' id='word_1_387' title='bbox 865 2909 1046 2947; x_wconf 82' lang='lat' dir='ltr'><strong>Columna</strong></span> <span class='ocrx_word' id='word_1_388' title='bbox 1078 2913 1246 2957; x_wconf 73' lang='lat' dir='ltr'><strong>negetur,</strong></span> <span class='ocrx_word' id='word_1_389' title='bbox 1279 2906 1348 2943; x_wconf 78' lang='lat' dir='ltr'><strong>lilia</strong></span> <span class='ocrx_word' id='word_1_390' title='bbox 1379 2916 1456 2944; x_wconf 80' lang='lat' dir='ltr'><strong>mea</strong></span> <span class='ocrx_word' id='word_1_391' title='bbox 1486 2906 1543 2943; x_wconf 82' lang='lat' dir='ltr'><strong>ed.</strong></span> <span class='ocrx_word' id='word_1_392' title='bbox 1576 2905 1699 2945; x_wconf 67' lang='lat' dir='ltr'><strong>Basse.</strong></span> 
     </span>
    </p>
   </div>
  </div>
 </body>
</html>
