1942 3204
225 156 281 196 46
864 157 906 198 Q.
930 155 1109 189 Evas

910 260 954 302 II
986 258 1053 317 (2)

836 337 1120 392 Paedagogus

339 413 534 469 Antiqua
566 414 680 455 erilis
711 413 802 455 fida
833 416 976 456 eustos
1008 414 1216 469 c6rporis,

223 491 309 532 215
340 490 451 540 Quid
485 490 546 532 sie
578 494 620 532 te
653 494 772 532 extra
803 491 919 532 aedis
951 491 1195 533 exanimata
1226 489 1452 532 eliminas?

900 568 967 610 III
998 566 1066 625 (3)

904 644 1062 686 Nutrix

341 721 507 777 Cupido
540 723 654 777 cepit
683 720 883 764 miseram
914 737 1030 764 nunc
1061 737 1128 764 me
1159 721 1375 781 pr6loqui*

342 798 470 841 Caelo
504 801 632 854 {itque
663 802 802 841 terrae
834 798 1004 841 Medeai
1034 798 1239 841 miserias.

856 881 859 885 ’
892 876 955 918 IV
977 874 1073 933 (17)

342 987 351 995 .
383 987 392 995 .
426 987 434 995 .
466 953 619 1004 fluetus
652 954 881 995 uerborum
913 968 1037 995 aures
1071 955 1299 1008 aucupant.

903 1030 943 1073 V
965 1028 1061 1087 (10)

914 1107 1066 1150 Medea

343 1185 461 1235 Quae
500 1184 755 1226 Corinthum
793 1199 933 1227 arcem
978 1185 1110 1226 {illam
1151 1185 1338 1240 habetis,
1380 1185 1603 1226 matronae
1646 1199 1748 1239 opu-

1133 1262 1274 1303 lentae
1281 1296 1292 1317 ‚
1324 1261 1583 1317 6ptumates!

863 1339 887 1364 ss
1090 1338 1113 1363 a<

977 1368 1000 1392 ἧς

319 1470 356 1501 II
380 1469 474 1502 Non.
499 1470 560 1506 39,
587 1471 604 1500 1
632 1468 904 1509 ‘eliminare‚
939 1471 1043 1501 extra
1074 1469 1186 1502 limen
1211 1469 1332 1502 eicere
1432 1467 1572 1500 Ennius
1595 1467 1750 1500 Medea

228 1515 384 1547 exsule
412 1540 419 1547 .
440 1539 447 1547 .
469 1516 497 1546 .'
526 1512 735 1554 (Ennium
760 1517 798 1546 et
823 1524 873 1546 ea
899 1514 1027 1547 exule
1052 1514 1173 1555 Leid.)
1198 1513 1301 1546 Idem
1326 1514 1406 1554 292,
1426 1514 1467 1546 15
1493 1513 1749 1545 ‘eliminare
1791 1545 1797 1550 ,

231 1563 288 1591 est
314 1561 426 1592 exire.
474 1560 615 1591 Ennius
639 1559 795 1591 Medea
820 1559 951 1592 exule
976 1562 1052 1593 ...’
1097 1559 1287 1602 Euripidis
1312 1568 1346 1590 u.
1371 1559 1429 1591 49:

500 1610 670 1666 παλαιρν
696 1615 810 1666 οζκων
835 1614 1195 1669 κτῆμα,δέσ“ποίνης
1221 1611 1330 1658 ἐμῆς,

498 1660 538 1694 τί
558 1671 655 1703 προς
679 1662 839 1694 πυλαισι
862 1660 959 1704 τηνὸ
1001 1672 1123 1705 αγουσ
1165 1656 1327 1704 ἐρημίαν

497 1703 657 1749 ἕστηκας
682 1700 782 1750 αὐτὴ
807 1703 1000 1750 θρεομένη
1026 1705 1146 1749 σαυτῇ
1169 1699 1292 1747 κακοί;

318 1763 373 1795 III
398 1761 528 1795 Cicero
552 1763 659 1798 Tusc.
692 1763 783 1806 disp.
811 1763 868 1796 111
891 1765 955 1804 26,
981 1765 1023 1797 63
1054 1767 1161 1797 ‘sunt
1192 1766 1314 1795 autem
1345 1761 1428 1800 alii,
1460 1772 1549 1804 quos
1579 1762 1617 1794 in
1648 1761 1751 1794 luctu

229 1819 309 1840 cum
335 1809 415 1850 ipsa
441 1808 641 1841 solitudine
666 1808 767 1851 loqui
791 1818 902 1852 saepe
929 1808 1110 1850 delectat,
1142 1812 1182 1841 ut
1214 1807 1278 1840 illa
1309 1807 1409 1850 apud
1438 1807 1595 1839 Ennium
1627 1807 1751 1839 nutrix

279 1856 308 1886 .'
349 1853 538 1895 Euripidis
560 1863 597 1886 u.
622 1855 685 1887 57:

497 1903 596 1943 ὥσθ’
625 1904 754 1952 ἵμερός
777 1905 982 1953 μοῦπῆλθε
1006 1908 1053 1953 ’γῇ
1079 1920 1119 1943 τε
1144 1904 1317 1955 κούρανῷ

501 1953 607 1996 λέξαι
632 1950 799 1999 μολούσῃ
823 1954 938 1998 δεῦρο
961 1954 1143 2008 Μηδείας
1167 1949 1295 1998 τύχας,

319 2013 370 2044 IV
393 2012 486 2047 Non.
511 2013 590 2053 467,
618 2013 659 2045 15
684 2012 951 2054 ‘aucupaui,
977 2012 1139 2044 actiuum
1164 2012 1323 2054 positum
1341 2021 1405 2054 pro
1423 2011 1573 2053 passiuo
1596 2036 1604 2043 .
1619 2035 1626 2042 .
1642 2036 1650 2044 .
1673 2011 1747 2042 En—

229 2058 310 2089 nius
334 2057 466 2090 Medea
488 2082 496 2090 .
511 2059 563 2090 ..⁹
589 2056 758 2099 (Media
782 2055 923 2098 Bamb.)
965 2056 1023 2091 Of.
1051 2056 1153 2089 chori
1176 2067 1212 2090 u.
1240 2058 1302 2089 131
1329 2057 1423 2099 apud
1448 2055 1680 2099 Euripidem:

499 2110 635 2147 ἔκλυον
662 2108 816 2156 φωνὰν,
843 2110 979 2147 ἔκλυον
1003 2110 1046 2151 δὲ
1071 2109 1166 2156 βοάν

237 2177 267 2198 ρ
499 2158 567 2197 τᾶς
592 2154 785 2192 δυστάνου
808 2156 823 2202 ΙΙ
847 2157 1034 2202 Κολχίδος

319 2217 350 2249 V
382 2216 512 2249 Cicero
549 2216 596 2248 ad
628 2216 742 2248 famil.
769 2216 838 2248 vll
869 2217 890 2248 6
923 2215 1128 2249 ‘desideria
1157 2215 1258 2248 urbis
1290 2219 1327 2248 elz
1357 2215 1580 2248 urbanitatis
1609 2212 1751 2257 depone

232 2265 269 2295 et
297 2272 367 2304 quo
392 2261 544 2295 consilio
569 2261 756 2304 profectus
782 2271 840 2302 es,
865 2261 901 2293 id
927 2261 1146 2293 assiduitate
1173 2263 1210 2292 et
1233 2261 1370 2292 uirtute
1396 2269 1633 2302 consequere.
1673 2260 1752 2292 Hoc

237 2391 373 2442 Opitz.)
407 2404 529 2429 amore
567 2393 685 2428 saucia
715 2393 853 2439 Bamb.
886 2393 906 2428 b
940 2392 1068 2429 Tross.
1105 2391 1227 2438 Opitz.
1313 2391 1372 2427 De
1403 2389 1556 2427 Graeca
1593 2391 1755 2426 nominis

232 2450 353 2486 Medea
385 2452 539 2486 elisione
570 2449 844 2486 Lachmamms
872 2451 909 2484 in
941 2449 1056 2485 Lucr.
1087 2448 1159 2484 ΙΙΙ
1183 2446 1264 2484 374
1292 2459 1332 2494 p.
1368 2446 1446 2484 162
1546 2445 1628 2482 214
1650 2445 1750 2482 erilis

229 2508 320 2543 libri
352 2518 393 2553 p.
423 2506 475 2543 39
508 2505 629 2541 herilis
665 2516 734 2542 ms.
764 2506 888 2542 Fabri
911 2517 950 2552 p.
980 2503 1060 2541 292
1091 2503 1193 2540 edilis
1223 2506 1343 2540 celeri
1367 2504 1458 2540 libri
1590 2501 1669 2538 215
1701 2502 1752 2537 sic

234 2568 267 2598 le
298 2563 504 2599 Mercerus
540 2562 592 2597 sie
622 2562 716 2597 Bas.
752 2573 795 2608 p.
828 2561 908 2598 292
939 2561 986 2596 sit
1025 2563 1147 2597 celeri
1176 2560 1266 2596 libri
1368 2560 1562 2595 exanimata
1592 2557 1751 2594 eliminas

232 2619 435 2656 Mei-cerus
472 2618 667 2654 examinata
704 2617 864 2653 eliminas
902 2628 968 2654 ms.
1007 2617 1130 2653 Fabri
1164 2615 1323 2662 12292
1361 2616 1556 2651 examinata
1594 2613 1752 2650 eliminat

233 2678 353 2711 ceteri
379 2676 472 2712 libri
493 2687 535 2721 p.
560 2674 654 2720 292,
686 2685 757 2710 om.
789 2675 984 2710 exanimata
1015 2673 1111 2709 Bas.
1142 2673 1339 2708 examinata
1359 2671 1502 2707 elimina
1520 2670 1611 2707 libri
1635 2681 1677 2715 p.
1698 2669 1750 2706 39

346 2731 426 2768 217
449 2730 584 2766 Medeai
608 2731 807 2766 Turnebus
836 2732 925 2767 sidu.
955 2730 1056 2766 XIX
1083 2728 1107 2766 5
1138 2727 1279 2764 Medeae
1307 2728 1397 2764 libri
1509 2725 1589 2762 218
1621 2725 1752 2761 fluctus

233 2789 371 2824 Junius
399 2790 437 2823 in
468 2799 538 2834 my.
569 2785 708 2822 fructus
738 2787 826 2823 libri
925 2785 1005 2822 219
1049 2786 1190 2822 Versus
1219 2784 1374 2832 aynouit
1407 2785 1558 2830 primus
1585 2783 1753 2830 Anqelus

236 2844 448 2880 Politianus
478 2844 589 2879 Misa
623 2842 674 2879 27
770 2842 980 2878 Corinthum
1007 2835 1188 2888 probciuil
1219 2841 1418 2876 Bentleius
1447 2840 1497 2875 ud
1527 2839 1603 2875 Cic.
1637 2839 1751 2875 Tusc.
