1942 3204
517 217 582 251 Ex
607 214 835 253 mumius
860 215 1190 253 INCERTORVM
1214 214 1424 251 FABVLIS
1658 212 1739 256 251

916 323 1016 368 LIX

316 402 466 447 Mento
499 417 712 447 summam
744 417 916 447 amnem
947 399 1191 459 attingens,
1221 402 1396 445 enectus
1429 402 1501 445 siti

757 498 835 543 LX
868 496 981 555 (Att.
1014 497 1109 541 Atr.
1141 495 1190 555 3)

759 624 761 634 γ
885 575 1046 621 Atreus
1270 632 1274 637 Ι

316 655 502 699 Proinde
534 654 597 699 sta
628 657 783 713 parent
814 670 858 698 se
891 656 937 700 in
968 653 1080 713 ufta,
1111 657 1160 699 ut
1190 654 1307 699 uinci
1338 654 1549 698 nesciant.

855 745 956 789 LXI
990 744 1086 805 (48)

318 829 500 882 Quando
533 830 706 887 quidem
737 830 774 873 is
806 845 850 873 se
883 827 1179 873 circumuestit
1216 828 1361 886 dictis,
1399 829 1539 887 saepit
1576 829 1740 872 sedulo.

610 926 734 970 LXII
766 924 843 983 (68
875 925 990 970 Enn.
1022 926 1104 969 ine.
1135 926 1222 968 fab.
1254 923 1332 983 57)

316 1004 435 1049 Num
466 1006 557 1048 non
594 1004 660 1047 uis
691 1004 819 1047 huius
851 1020 919 1048 me
951 1004 1269 1061 uersutiloquas
1301 1004 1491 1047 malitias
1524 1004 1612 1046 —‘?

200 1125 231 1147 e.
249 1124 284 1157 q.
302 1124 331 1146 s.
366 1113 508 1146 Nonius
533 1123 566 1156 p.
594 1113 676 1150 175,
701 1115 746 1147 80
771 1111 1246 1156 ‘superbiloquentia.
1288 1113 1420 1146 Cicero
1447 1112 1739 1146 Tusculanarum

199 1159 265 1195 lib.
291 1158 384 1193 1111:
413 1159 619 1202 animique’
653 1170 685 1194 e.
711 1169 746 1202 q.
771 1169 803 1192 s.
921 1158 1004 1190 LIX
1037 1158 1169 1192 Cicero
1199 1159 1309 1193 Tuse.
1336 1159 1432 1202 disp.
1459 1159 1476 1191 1
1502 1160 1539 1196 5,
1570 1160 1611 1192 10
1643 1158 1738 1199 ε(Ῑίυ,

198 1215 356 1247 quaeso,
381 1215 466 1237 num
492 1207 529 1238 te
554 1203 622 1237 illa
646 1207 804 1242 terrent,
830 1204 970 1247 triceps
994 1202 1093 1247 apud
1117 1205 1257 1238 inferos
1283 1205 1485 1246 Cerberus,
1512 1204 1640 1246 Cocyti
1667 1204 1739 1237 fre-

198 1251 326 1291 mitus,
354 1251 538 1283 trauectio
563 1250 805 1292 Acherontis,
839 1253 986 1283 mento
1018 1275 1026 1282 .
1047 1275 1055 1282 .
1075 1275 1084 1284 .
1115 1251 1197 1283 siti
1223 1250 1498 1283 Tantalus?’
1540 1251 1634 1283 Non.
1661 1252 1740 1291 401,

197 1297 242 1329 26
267 1300 515 1338 ‘summnm,
544 1296 758 1339 proximum.
803 1295 934 1329 Cicero
958 1296 1255 1329 Tusculanarum
1279 1296 1344 1330 lib.
1371 1307 1403 1329 1:
1430 1306 1638 1329 summam
1668 1320 1676 1329 .
1698 1321 1705 1328 .
1726 1322 1734 1330 .

198 1340 455 1375 Tantalus!
503 1341 719 1374 Priscianus
743 1342 796 1374 lx
823 1352 858 1385 p.
884 1342 948 1374 861
975 1342 1017 1375 P.
1044 1341 1075 1382 (1
1101 1353 1135 1385 p.
1159 1343 1226 1376 453
1251 1341 1312 1383 K.)
1346 1345 1525 1375 ‘necatus
1558 1352 1581 1374 a
1605 1343 1739 1375 neeaui

200 1390 238 1420 et
262 1390 420 1420 nectus
445 1398 468 1419 a
492 1388 601 1420 necui
620 1387 726 1422 facit.
758 1387 934 1420 Horatius
957 1412 964 1420 .
979 1412 988 1421 .
1003 1412 1012 1421 .
1027 1390 1188 1421 'enectus
1212 1387 1362 1421 arando.
1395 1388 1528 1420 Liuius
1630 1397 1739 1430 squa-

197 1432 272 1466 lore
299 1433 430 1466 eneeti.
474 1433 605 1466 Cicero
629 1432 921 1466 Tusculanarum
947 1443 981 1465 1:
1008 1436 1200 1468 enectus
1225 1434 1306 1466 siti
1331 1432 1584 1467 Tantalus.’
1672 1433 1739 1466 LX

198 1478 329 1523 Cicero
346 1478 458 1513 Tuae.
477 1478 573 1521 disp.
594 1479 624 1512 V
644 1480 697 1519 18,
715 1480 759 1512 52
785 1482 868 1512 ‘nee
893 1481 1001 1520 putet
1017 1478 1065 1512 ad
1079 1489 1122 1512 se
1148 1479 1438 1522 praeceptum
1464 1478 1582 1512 illud
1608 1478 1738 1511 Atrei

200 1524 406 1568 pertinere:
432 1523 641 1567 proinde’
668 1535 699 1557 e.
726 1535 758 1567 q.
785 1535 814 1557 s.
857 1524 1169 1567 (praeceptum
1194 1524 1308 1558 illud
1337 1526 1567 1567 antiquum
1592 1525 1739 1567 perti-

199 1580 307 1602 nere
334 1569 413 1602 eod.
437 1568 534 1610 Vrs.)
572 1569 666 1602 Attii
691 1570 803 1602 Atreo
829 1570 959 1602 tribuit
983 1570 1206 1603 Welekerus
1306 1571 1391 1603 LXI
1417 1569 1547 1603 Cicero
1573 1569 1618 1602 de
1643 1573 1738 1603 orat.

197 1615 253 1648 111
277 1617 340 1654 39,
368 1616 431 1648 158
461 1612 753 1659 (transferuntur
781 1614 912 1658 uerba)
944 1618 1032 1648 ‘aut
1061 1615 1395 1660 quo‘signifieetur
1419 1615 1539 1658 magis
1572 1625 1632 1648 res
1658 1619 1739 1648 tota

198 1661 278 1694 sine
311 1660 405 1694 facti
436 1660 595 1694 alienius
626 1660 705 1694 siue
731 1660 896 1699 consilii,
923 1666 964 1694 ut
988 1661 1070 1702 ille,
1103 1662 1164 1705 qui
1197 1661 1444 1695 occultantem
1475 1661 1658 1699 consulto,
1691 1671 1737 1693 ne

199 1706 238 1739 id
263 1705 360 1750 quod
386 1709 561 1749 ageretur
584 1706 755 1749 intellegi
778 1709 923 1749 posset,
955 1706 1097 1740 duobus
1123 1707 1317 1741 translatis
1340 1707 1468 1741 uerbis
1492 1706 1737 1741 similitudine

197 1752 283 1794 ipsa.
311 1751 471 1785 indicat:
505 1752 892 1795 quandoquidem'
920 1763 952 1785 e.
979 1762 1015 1795 q.
1042 1763 1070 1786 s.
1190 1753 1295 1787 LXII
1326 1753 1459 1787 Cicero
1491 1753 1533 1786 de
1565 1755 1657 1786 orat.
1682 1753 1738 1786 111

197 1799 258 1839 38,
286 1798 352 1831 154
375 1801 577 1830 ‘nouantur
602 1801 722 1831 autem
748 1798 880 1840 uerba,
907 1808 1002 1842 quae
1028 1798 1075 1830 ab
1101 1808 1144 1832 eo
1169 1799 1232 1842 qui
1249 1798 1338 1832 dicit
1361 1800 1442 1842 ipso
1467 1799 1671 1841 gignuntur
1694 1809 1739 1831 ae

198 1842 306 1884 fiunt,
333 1842 392 1876 uel
419 1843 689 1886 coniungendis
713 1843 837 1877 uerbis
860 1846 901 1876 ut
923 1843 1038 1876 haee’
1068 1841 1178 1887 [Eun.
1197 1842 1259 1888 21]
1285 1847 1475 1878 ‘annon'
1502 1855 1534 1877 e.
1553 1855 1586 1885 q.
1615 1855 1643 1877 s.
1669 1844 1739 1876 ‘ui-

199 1888 297 1923 detis
324 1889 420 1922 enim
446 1892 485 1922 et
509 1889 738 1922 uersutilo
750 1899 860 1932 quas
886 1893 924 1922 et
949 1893 1166 1932 expectorat
1184 1901 1229 1923 ex
1248 1890 1508 1924 coniunctione
1529 1889 1632 1922 faeta
1657 1900 1738 1922 esse

198 1934 328 1975 uerba,
360 1944 433 1968 non
458 1937 575 1969 nata)
624 1935 742 1968 Deest
772 1934 877 1968 loeus
906 1935 943 1967 in
971 1935 1045 1968 Erl.
1075 1946 1108 1968 a.
1158 1935 1258 1969 Idem
1289 1939 1381 1970 orat.
1406 1937 1468 1975 49,
1496 1936 1578 1976 164,
1605 1935 1737 1967 ‘immo

198 1990 289 2014 uero
313 1980 410 2013 ista’
441 1978 507 2022 (se.
537 1979 654 2013 uerba
686 1980 779 2013 bene
811 1981 996 2021 sonantia)
1026 1984 1245 2024 ‘sequamur
1273 1982 1585 2025 asperitatemque
1617 1981 1739 2023 fugia-

198 2035 278 2060 mus
298 2023 487 2070 [LXXVI]
505 2026 682 2069 itemque’
701 2025 771 2070 (sic
787 2026 982 2061 Ernestius
1005 2027 1210 2069 idemque
1229 2027 1350 2070 libri):
1377 2026 1738 2070 ‘uersutiloquas

285 2145 362 2183 111
396 2157 535 2184 amnem
558 2146 824 2185 Buechelerus
852 2149 952 2185 conl.
977 2147 1151 2185 Senecae
1175 2148 1270 2194 Thy.
1291 2147 1356 2185 68.
1382 2146 1461 2186 106
1492 2158 1620 2196 aquam
1648 2147 1739 2184 libri

198 2205 325 2251 aquam
345 2203 618 2242 Lachmannus
637 2206 676 2241 in
697 2204 816 2242 Lucr.
851 2204 906 2242 VI
923 2203 1005 2243 552
1036 2216 1163 2254 aquam
1193 2205 1322 2242 nitenti
1342 2205 1581 2242 Rilsckelius
1602 2215 1734 2252 opusc.

198 2259 246 2296 II
273 2259 353 2298 605
385 2255 454 2309 (cs.
482 2274 520 2307 p.
540 2260 638 2299 581.
670 2260 766 2308 600)
796 2272 923 2310 aquam
952 2264 1141 2311 ylossema
1173 2272 1257 2299 esse
1286 2263 1369 2310 ipse
1398 2264 1621 2310 suspicatus
1651 2262 1737 2298 olim

244 2344 253 2354 .
290 2321 413 2353 mento
443 2316 622 2354 summum
654 2317 793 2355 laticem
825 2328 857 2355 e.
881 2331 918 2367 q.
942 2329 974 2355 s.
1005 2320 1106 2357 conl.
1130 2319 1247 2356 Lucr.
1270 2318 1326 2356 VI
1342 2318 1424 2357 868
1448 2328 1737 2366 proposueram

285 2373 441 2422 attinget
471 2374 617 2411 Nonius
718 2379 868 2412 enectus
898 2375 957 2411 s'iti
979 2378 1110 2424 optimi
1135 2376 1227 2413 libri
1257 2375 1476 2423 Ciceronis,
1507 2376 1737 2412 Priscianus

197 2434 368 2467 senectus
398 2430 458 2467 siti
480 2429 628 2469 Nonius
656 2432 718 2469 siti
747 2437 897 2468 enectus
918 2433 1062 2470 delerr.
1086 2431 1287 2471 Ciceronis
1304 2434 1396 2470 libri
1480 2443 1607 2481 aquam
1629 2433 1736 2468 attin-

199 2498 289 2536 gens
312 2491 460 2524 enectus
478 2487 648 2525 Tantalus
668 2489 727 2526 siti
745 2490 895 2536 placuit
911 2488 963 2527 Η.
977 2490 1164 2537 Sauppio.
1190 2489 1366 2527 Ceterum
1387 2491 1490 2538 quod
1508 2490 1615 2536 apud
1631 2487 1735 2526 Cice-

199 2554 332 2581 ronem
361 2546 537 2593 sequitur
565 2541 754 2596 Tantalus]
787 2545 948 2583 tantulus
971 2547 1068 2585 Gud.
1089 2547 1186 2596 Rey.
1210 2547 1423 2592 CiceroniS,
1457 2547 1594 2582 anb.
1620 2546 1735 2582 Halb.

197 2601 397 2638 Prisciani
404 2618 415 2637 .·
445 2601 500 2649 cs.
521 2601 804 2640 Fleckeisenus
823 2605 970 2641 annali.
988 2604 1137 2652 philon.
1158 2604 1294 2642 LXVI
1315 2603 1394 2641 207
1426 2603 1598 2640 dubitari
1620 2612 1736 2649 posse

198 2668 368 2705 monem,
399 2662 528 2695 ulrum
548 2670 572 2695 α
589 2663 708 2706 poeta
728 2661 767 2696 in
788 2663 982 2709 sequentis
1002 2671 1143 2698 uersus
1165 2663 1271 2698 initio
1302 2673 1353 2697 an
1375 2661 1424 2697 ab
1444 2662 1528 2707 ipso
1551 2659 1735 2696 Cicerone

199 2715 367 2752 additum
387 2717 447 2752 sil.
546 2715 623 2753 113
645 2717 675 2753 is
695 2727 736 2753 se
757 2720 798 2754 ut
819 2719 1042 2755 coniecerat
1063 2717 1274 2764 Pearcius,
1299 2718 1420 2754 Gudd.
1444 2717 1466 2753 b
1487 2727 1509 2752 c
1530 2715 1685 2763 Laqom.
1709 2715 1732 2750 2

203 2770 253 2808 13
276 2771 328 2808 32
354 2771 423 2809 iste
442 2774 564 2809 celeri
581 2772 673 2810 libri
747 2770 881 2823 saepit]
903 2785 1011 2823 saepe
1031 2774 1190 2812 Abrinc.
1214 2775 1298 2811 Erl.
1321 2775 1343 2810 b
1418 2768 1566 2822 sedulo]
1588 2783 1627 2808 se
1647 2771 1733 2808 dolo

203 2827 380 2866 Osannus
400 2829 561 2876 Ephem.
584 2829 756 2867 Darmsl.
781 2830 888 2868 1837
908 2842 949 2878 p.
973 2831 1044 2878 59,
1073 2831 1264 2879 Bergylcius
1353 2828 1432 2866 114
1465 2840 1549 2865 num
1580 2839 1654 2865 non
1678 2829 1732 2864 uis

200 2884 307 2920 huius
337 2896 394 2922 me
422 2886 693 2935 uersutiloquas
714 2887 867 2924 malitias
890 2888 1086 2925 Ciceronis
1104 2888 1195 2924 libri
1224 2884 1314 2936 (nisi
1331 2887 1434 2935 quod
1459 2897 1544 2922 num
1567 2896 1654 2923 uero
1677 2896 1733 2922 me

201 2941 256 2977 uis
276 2941 363 2979 Pal.
377 2941 402 2980 9
460 2953 517 2980 me
537 2943 644 2980 huius
665 2943 821 2992 Layom.
843 2944 898 2983 20
943 2955 999 2982 me
1021 2956 1090 2981 om.
1108 2945 1261 2992 Layom.
1276 2943 1300 2981 3
1319 2944 1342 2981 6
1359 2943 1410 2980 15
1428 2943 1479 2982 67
1498 2941 1551 2983 84
1620 2943 1732 2980 uersi-
