1942 3204
282 196 384 231 XXII
869 192 1217 228 COROLLARIVM

285 321 320 347 v.
353 305 438 345 203
475 304 666 358 ipsorum
703 302 965 358 tragicorum
1004 301 1278 356 auctoritate,
1314 299 1432 342 Accii
1463 316 1500 343 v.
1532 302 1576 356 9,
1609 302 1690 343 1110.
1721 301 1806 352 inc.v

283 379 392 430 trag.
428 374 511 416 139
542 372 762 428 probatur.

401 457 453 498 V.
489 456 573 498 104
611 455 693 496 nisi
731 457 907 509 propter
944 455 1286 510 fragmentorum
1317 453 1561 496 Iv—VHI
1597 446 1804 496 coneimm

283 528 505 583 probabile
538 528 650 568 esset
680 528 728 567 ut
759 527 900 567 cetera
932 524 1196 566 trochaicum
1235 525 1385 579 fuisse,
1423 524 1614 585 senarius
1647 524 1705 566 sic
1736 539 1803 566 ex-

285 599 391 654 pleri
423 599 610 654 poterat:

669 671 794 709 rusus
818 681 1045 720 prosetorsus
1075 667 1312 721 reciprocat
1342 666 1370 708 f.
1400 667 1429 707 f.

403 763 447 802 K
454 777 479 814 ρ
491 772 590 814 εσφ
603 759 729 813 όντη
742 775 763 808 ς
781 776 940 803 nomen
953 761 1192 802 Lobeckius
1211 761 1256 801 in
1269 760 1521 813 Rhematico
1541 776 1581 815 p.
1599 761 1680 804 128
1701 763 1744 802 et
1761 761 1807 802 in

287 832 562 890 pathologiae
609 829 679 871 Gr.
718 846 838 873 serm.
878 832 997 872 elem.
1035 847 1074 886 p.
1107 831 1193 872 312
1237 847 1286 872 ex
1325 829 1614 883 Κρεοφόντης
1656 834 1808 891 natum

287 920 378 947 esse
411 903 669 958 suspicatur,
700 901 772 943 sed
805 916 855 943 ex
887 902 1034 944 eodem
1066 902 1254 944 themate
1281 903 1376 943 orta
1407 901 1559 944 statuit
1583 901 1809 954 Κρησίλας

287 978 330 1018 et
360 972 631 1033 Κρησιφῶν,
663 974 712 1013 ut
737 987 790 1013 ne
817 972 861 1011 K
868 980 1036 1024 ρησιφ
1052 969 1211 1024 όντης
1242 973 1412 1027 quidem
1443 973 1570 1027 plane
1595 972 1810 1027 repudiari

289 1061 415 1102 posse
447 1043 652 1085 videatur.
689 1042 784 1084 Nisi
816 1043 927 1084 forte
959 1042 1026 1083 vel
1050 1038 1078 1082 'a
1098 1039 1317 1093 Κρέσσων
1349 1043 1545 1085 derivans
1575 1043 1643 1085 vel
1674 1042 1809 1098 dupli-

289 1116 449 1158 candae
482 1121 508 1150 σ
538 1112 712 1154 licentia
738 1111 808 1169 (de
830 1128 914 1168 qua
931 1113 1026 1155 vide
1047 1112 1250 1154 Lobeckii
1270 1113 1432 1168 pathol.
1452 1114 1574 1168 proll.
1594 1114 1680 1154 430
1701 1111 1810 1170 sqq.)

290 1202 392 1229 usus
424 1184 592 1226 Ennius
631 1183 673 1222 K
682 1192 775 1236 ρεσ
784 1180 1054 1236 σιφόντην
1091 1183 1204 1224 fecit.
1266 1183 1325 1225 Et
1361 1184 1442 1226 hoc
1480 1184 1620 1239 ipsum
1657 1182 1810 1226 Cressi-

282 1258 431 1313 phonte
475 1270 570 1296 cum
615 1253 823 1295 Macrobii
867 1253 1125 1308 exemplaria
1169 1254 1377 1308 quaedam
1420 1254 1672 1309 praebeant,
1722 1268 1811 1296 non

290 1327 482 1370 dubitavi
514 1341 550 1367 v.
588 1324 670 1365 115
701 1324 837 1365 inlata
868 1323 1226 1379 Cressipontem
1255 1325 1395 1367 forma
1425 1326 1660 1367 restituere.

407 1419 694 1474 Peloponnesi
726 1419 838 1460 inter
868 1418 1120 1461 Heraclidas
1159 1420 1427 1462 sortitionem
1458 1435 1496 1462 v.
1532 1420 1615 1461 112
1645 1420 1811 1461 narrari

290 1495 375 1535 iam
406 1490 743 1534 Valckenaerius
780 1490 997 1544 perspexit
1033 1488 1104 1546 (cf.
1137 1493 1298 1545 quaest.
1330 1505 1440 1532 scen.
1472 1506 1512 1545 p.
1544 1487 1662 1545 266).
1722 1489 1812 1531 Pri-

290 1579 407 1605 mum
435 1562 568 1618 igitur
593 1560 762 1616 pedem,
794 1561 914 1602 cuius
939 1563 1108 1615 praeter
1128 1561 1232 1603 duas
1254 1561 1420 1603 litteras
1445 1575 1503 1603 (m
1527 1561 1589 1602 nil
1609 1562 1814 1616 superest,

290 1637 366 1676 aut
393 1636 616 1688 paternam
654 1629 793 1686 (Hylli
831 1630 939 1687 scil.)
978 1634 1070 1687 aut,
1107 1632 1219 1687 quod
1252 1632 1537 1674 Buechelerus
1577 1632 1814 1687 proposuit,

290 1706 450 1757 auitam
482 1699 720 1760 (Herculis)
753 1702 920 1756 explere
952 1703 1094 1757 potuit
1119 1718 1127 1744 :
1154 1705 1200 1744 at
1229 1718 1378 1744 uerum
1411 1703 1591 1757 denique
1622 1702 1692 1744 1110
1722 1703 1812 1757 ipse

293 1775 462 1817 inuenit
492 1774 578 1815 aud
608 1773 739 1814 inter
768 1786 879 1815 sese.

409 1857 462 1899 V.
498 1856 577 1897 121
613 1855 819 1897 librorum
852 1856 1046 1897 ordinem
1078 1870 1166 1897 non
1196 1855 1527 1910 inprobabiliter
1559 1855 1618 1897 sic
1652 1870 1813 1898 serues:

320 1942 400 1995 ego
426 1954 522 1980 cum
549 1935 836 1993 meae[met]
863 1936 982 1979 uitae*
1003 1952 1195 1993 parcam,
1219 1938 1352 1979 letum
1376 1938 1548 1979 inimico
1575 1938 1784 1992 deprecer.
1843 1928 1846 1929 ⁷

290 2021 481 2063 Dubium
525 2019 656 2061 videri
701 2022 862 2075 potest,
905 2034 961 2061 an
1004 2020 1115 2062 forte
1158 2034 1250 2062 cum
1292 2021 1443 2062 vocula
1487 2035 1530 2061 re
1574 2035 1674 2062 vera
1711 2021 1813 2062 011111

291 2092 422 2134 fuerit
451 2104 574 2132 num.

411 2173 463 2215 V.
494 2173 575 2215 124
606 2188 666 2227 sq.
692 2176 792 2228 post
816 2173 969 2228 multa,
1000 2188 1107 2228 quae
1139 2158 1300 2214 frustra
1330 2175 1541 2229 temptata
1566 2177 1689 2230 sunt,
1718 2174 1813 2216 vide

294 2260 347 2286 an
380 2245 486 2286 haec
519 2244 622 2285 satis
654 2244 832 2285 faciant:
1427 2240 1429 2242 ’

1144 2315 1358 2356 aduocant

411 2385 641 2440 hospitem:
675 2386 811 2427 securi
842 2388 946 2427 eunt
977 2386 1030 2427 ad
1061 2386 1244 2439 fontem,
1274 2384 1462 2426 nitidant
1493 2387 1682 2440 corpora.

295 2468 357 2510 Of.
384 2467 549 2523 Hygini
573 2467 658 2509 fab.
683 2468 765 2509 184
785 2470 888 2509 extr.
916 2470 1005 2510 erex
1029 2468 1167 2509 laetus
1193 2482 1289 2509 cum
1314 2481 1404 2509 rem
1430 2467 1618 2509 divinam
1642 2466 1813 2521 faceret,

294 2539 451 2593 hospes
488 2538 598 2579 falso
631 2537 847 2579 simulavit
878 2553 922 2579 se
960 2538 1147 2580 hostiam
1183 2538 1441 2592 percussisse
1473 2551 1653 2592 eumque
1683 2537 1812 2578 inter-

295 2608 398 2650 fecit
428 2608 697 2663 patriumque
723 2622 903 2664 regnum
932 2609 1112 2663 adeptus
1138 2610 1229 2650 est.’
1269 2607 1566 2663 Septenarium
1596 2607 1813 2662 integrum

372 2690 615 2745 pedisecum
647 2690 877 2745 adamant,
908 2692 1012 2733 eunt
1042 2691 1095 2732 ad
1125 2691 1308 2744 fontem,
1338 2690 1527 2732 nitidant
1557 2691 1736 2744 corpora

296 2772 583 2813 Buechelerus
615 2772 754 2814 effecit
785 2773 999 2814 sententia
1031 2773 1202 2827 quidem
1232 2787 1383 2828 parum
1414 2772 1578 2814 idonea.
1639 2771 1704 2814 De
1735 2786 1810 2813 nu—

296 2842 423 2885 meris
454 2842 549 2884 vide
581 2857 688 2897 quae
722 2843 774 2885 ad
808 2858 843 2885 v.
874 2843 932 2884 44
963 2843 1176 2885 adnotavi.
