<?xml version="1.0" encoding="UTF-8"?>
<!DOCTYPE html PUBLIC "-//W3C//DTD XHTML 1.0 Transitional//EN"
    "http://www.w3.org/TR/xhtml1/DTD/xhtml1-transitional.dtd">
<html xmlns="http://www.w3.org/1999/xhtml" xml:lang="en" lang="en">
 <head>
  <title>
</title>
<meta http-equiv="Content-Type" content="text/html;charset=utf-8" />
  <meta name='ocr-system' content='tesseract 3.04.00' />
  <meta name='ocr-capabilities' content='ocr_page ocr_carea ocr_par ocr_line ocrx_word'/>
</head>
<body>
  <div class='ocr_page' id='page_1' title='image "./romanorumpoes01ribbuoft_0131.png"; bbox 0 0 1942 3204; ppageno 0'>
   <div class='ocr_carea' id='block_1_1' title="bbox 805 194 1695 240">
    <p class='ocr_par' dir='ltr' id='par_1_1' title="bbox 805 194 1695 240">
     <span class='ocr_line' id='line_1_1' title="bbox 805 194 1695 240; baseline 0.002 -11"><span class='ocrx_word' id='word_1_1' title='bbox 805 196 849 239; x_wconf 77' lang='lat' dir='ltr'><strong>o.</strong></span> <span class='ocrx_word' id='word_1_2' title='bbox 874 194 1054 230; x_wconf 71' lang='lat' dir='ltr'><strong>Eumvs</strong></span> <span class='ocrx_word' id='word_1_3' title='bbox 1641 198 1695 240; x_wconf 85' lang='lat'><strong>47</strong></span> 
     </span>
    </p>
   </div>
   <div class='ocr_carea' id='block_1_2' title="bbox 158 298 1696 359">
    <p class='ocr_par' dir='ltr' id='par_1_2' title="bbox 158 298 1696 359">
     <span class='ocr_line' id='line_1_2' title="bbox 158 298 1696 359; baseline 0.002 -16"><span class='ocrx_word' id='word_1_4' title='bbox 158 299 246 343; x_wconf 91' lang='grc'><strong>220</strong></span> <span class='ocrx_word' id='word_1_5' title='bbox 276 298 403 343; x_wconf 63' lang='lat' dir='ltr'><strong>Multi</strong></span> <span class='ocrx_word' id='word_1_6' title='bbox 436 315 557 342; x_wconf 74' lang='lat' dir='ltr'><strong>suam</strong></span> <span class='ocrx_word' id='word_1_7' title='bbox 577 315 666 342; x_wconf 87' lang='lat' dir='ltr'><strong>rem</strong></span> <span class='ocrx_word' id='word_1_8' title='bbox 700 300 808 342; x_wconf 73' lang='lat' dir='ltr'><strong>bene</strong></span> <span class='ocrx_word' id='word_1_9' title='bbox 835 314 1006 356; x_wconf 71' lang='lat' dir='ltr'><strong>gessere</strong></span> <span class='ocrx_word' id='word_1_10' title='bbox 1038 302 1082 342; x_wconf 78' lang='lat' dir='ltr'><strong>et</strong></span> <span class='ocrx_word' id='word_1_11' title='bbox 1113 300 1328 356; x_wconf 71' lang='lat' dir='ltr'><strong>publicam</strong></span> <span class='ocrx_word' id='word_1_12' title='bbox 1362 302 1502 356; x_wconf 69' lang='lat' dir='ltr'><strong>patriai</strong></span> <span class='ocrx_word' id='word_1_13' title='bbox 1534 305 1696 359; x_wconf 85' lang='lat' dir='ltr'><strong>procul,</strong></span> 
     </span>
    </p>
   </div>
   <div class='ocr_carea' id='block_1_3' title="bbox 277 377 1694 511">
    <p class='ocr_par' dir='ltr' id='par_1_3' title="bbox 277 377 1694 511">
     <span class='ocr_line' id='line_1_3' title="bbox 277 377 1694 434; baseline 0.002 -14"><span class='ocrx_word' id='word_1_14' title='bbox 277 377 424 432; x_wconf 66' lang='lat' dir='ltr'><strong>Multi,</strong></span> <span class='ocrx_word' id='word_1_15' title='bbox 462 378 534 434; x_wconf 88' lang='lat' dir='ltr'><strong>qui</strong></span> <span class='ocrx_word' id='word_1_16' title='bbox 574 377 689 420; x_wconf 88' lang='lat' dir='ltr'><strong>domi</strong></span> <span class='ocrx_word' id='word_1_17' title='bbox 728 379 914 420; x_wconf 55' lang='lat' dir='ltr'><strong>afftatem</strong></span> <span class='ocrx_word' id='word_1_18' title='bbox 953 379 1149 434; x_wconf 76' lang='lat' dir='ltr'><strong>agerent,</strong></span> <span class='ocrx_word' id='word_1_19' title='bbox 1188 379 1365 433; x_wconf 55' lang='grc' dir='ltr'><strong>μύριοι·</strong></span> <span class='ocrx_word' id='word_1_20' title='bbox 1402 395 1453 420; x_wconf 77' lang='lat' dir='ltr'><strong>ea</strong></span> <span class='ocrx_word' id='word_1_21' title='bbox 1491 384 1593 422; x_wconf 80' lang='lat' dir='ltr'><strong>sunt</strong></span> <span class='ocrx_word' id='word_1_22' title='bbox 1630 380 1694 423; x_wconf 78' lang='lat'>1&#39;11—</span> 
     </span>
     <span class='ocr_line' id='line_1_4' title="bbox 1075 454 1259 511; baseline 0 -14"><span class='ocrx_word' id='word_1_23' title='bbox 1075 454 1259 511; x_wconf 83' lang='lat' dir='ltr'><strong>probati.</strong></span> 
     </span>
    </p>
   </div>
   <div class='ocr_carea' id='block_1_4' title="bbox 843 512 1008 634">
    <p class='ocr_par' dir='ltr' id='par_1_4' title="bbox 843 512 1008 634">
     <span class='ocr_line' id='line_1_5' title="bbox 843 512 1008 571; baseline -0.006 -14"><span class='ocrx_word' id='word_1_24' title='bbox 843 513 906 557; x_wconf 92' lang='lat' dir='ltr'>VI</span> <span class='ocrx_word' id='word_1_25' title='bbox 940 512 1008 571; x_wconf 87' lang='lat'><strong>(4)</strong></span> 
     </span>
     <span class='ocr_line' id='line_1_6' title="bbox 852 590 1005 634; baseline 0 0"><span class='ocrx_word' id='word_1_26' title='bbox 852 590 1005 634; x_wconf 81' lang='lat' dir='ltr'><strong>Medea</strong></span> 
     </span>
    </p>
   </div>
   <div class='ocr_carea' id='block_1_5' title="bbox 275 665 1445 1036">
    <p class='ocr_par' dir='ltr' id='par_1_5' title="bbox 275 665 1445 1036">
     <span class='ocr_line' id='line_1_7' title="bbox 318 665 1445 727; baseline 0 -15"><span class='ocrx_word' id='word_1_27' title='bbox 318 703 327 711; x_wconf 93' lang='lat'>.</span> <span class='ocrx_word' id='word_1_28' title='bbox 360 703 369 712; x_wconf 88' lang='lat'><strong>.</strong></span> <span class='ocrx_word' id='word_1_29' title='bbox 402 684 502 712; x_wconf 82' lang='lat' dir='ltr'><strong>nam</strong></span> <span class='ocrx_word' id='word_1_30' title='bbox 534 671 600 712; x_wconf 65' lang='lat' dir='ltr'><strong>ter</strong></span> <span class='ocrx_word' id='word_1_31' title='bbox 631 669 710 712; x_wconf 82' lang='lat' dir='ltr'><strong>sub</strong></span> <span class='ocrx_word' id='word_1_32' title='bbox 743 668 873 711; x_wconf 83' lang='lat' dir='ltr'><strong>armis</strong></span> <span class='ocrx_word' id='word_1_33' title='bbox 904 668 1053 711; x_wconf 65' lang='lat' dir='ltr'><strong>malim</strong></span> <span class='ocrx_word' id='word_1_34' title='bbox 1085 669 1220 711; x_wconf 67' lang='lat' dir='ltr'><strong>uitam</strong></span> <span class='ocrx_word' id='word_1_35' title='bbox 1248 665 1445 727; x_wconf 72' lang='lat' dir='ltr'><strong>cernere,</strong></span> 
     </span>
     <span class='ocr_line' id='line_1_8' title="bbox 276 746 932 802; baseline 0 -13"><span class='ocrx_word' id='word_1_36' title='bbox 276 747 415 797; x_wconf 64' lang='lat' dir='ltr'><strong>Quam</strong></span> <span class='ocrx_word' id='word_1_37' title='bbox 446 747 577 789; x_wconf 83' lang='lat' dir='ltr'><strong>semel</strong></span> <span class='ocrx_word' id='word_1_38' title='bbox 608 746 737 789; x_wconf 90' lang='lat' dir='ltr'><strong>modo</strong></span> <span class='ocrx_word' id='word_1_39' title='bbox 770 747 932 802; x_wconf 70' lang='lat' dir='ltr'><strong>pzirere.</strong></span> 
     </span>
     <span class='ocr_line' id='line_1_9' title="bbox 869 900 978 944; baseline -0.009 0"><span class='ocrx_word' id='word_1_40' title='bbox 869 900 978 944; x_wconf 86' lang='lat' dir='ltr'><strong>Creo</strong></span> 
     </span>
     <span class='ocr_line' id='line_1_10' title="bbox 275 978 1194 1036; baseline 0.001 -15"><span class='ocrx_word' id='word_1_41' title='bbox 275 978 319 1021; x_wconf 86' lang='lat' dir='ltr'><strong>Si</strong></span> <span class='ocrx_word' id='word_1_42' title='bbox 351 980 394 1021; x_wconf 73' lang='lat' dir='ltr'><strong>te</strong></span> <span class='ocrx_word' id='word_1_43' title='bbox 426 978 615 1021; x_wconf 80' lang='lat' dir='ltr'><strong>seeundo</strong></span> <span class='ocrx_word' id='word_1_44' title='bbox 647 979 809 1021; x_wconf 83' lang='lat' dir='ltr'>himine</span> <span class='ocrx_word' id='word_1_45' title='bbox 840 979 911 1021; x_wconf 84' lang='lat' dir='ltr'><strong>hic</strong></span> <span class='ocrx_word' id='word_1_46' title='bbox 944 979 1194 1036; x_wconf 61' lang='lat' dir='ltr'><strong>offenderoy</strong></span> 
     </span>
    </p>
   </div>
   <div class='ocr_carea' id='block_1_6' title="bbox 155 1055 469 1099">
    <p class='ocr_par' dir='ltr' id='par_1_6' title="bbox 155 1055 469 1099">
     <span class='ocr_line' id='line_1_11' title="bbox 155 1055 469 1099; baseline 0 0"><span class='ocrx_word' id='word_1_47' title='bbox 155 1056 242 1099; x_wconf 81' lang='lat'><strong>225</strong></span> <span class='ocrx_word' id='word_1_48' title='bbox 273 1055 469 1099; x_wconf 77' lang='lat' dir='ltr'><strong>Moriere.</strong></span> 
     </span>
    </p>
   </div>
   <div class='ocr_carea' id='block_1_7' title="bbox 151 1163 1692 2437">
    <p class='ocr_par' dir='ltr' id='par_1_7' title="bbox 151 1163 1692 1481">
     <span class='ocr_line' id='line_1_12' title="bbox 154 1163 1690 1210; baseline 0.003 -14"><span class='ocrx_word' id='word_1_49' title='bbox 154 1163 224 1196; x_wconf 85' lang='lat' dir='ltr'><strong>tibi</strong></span> <span class='ocrx_word' id='word_1_50' title='bbox 248 1166 324 1197; x_wconf 84' lang='lat' dir='ltr'><strong>tam</strong></span> <span class='ocrx_word' id='word_1_51' title='bbox 349 1164 585 1207; x_wconf 78' lang='lat' dir='ltr'>ignoscemus</span> <span class='ocrx_word' id='word_1_52' title='bbox 609 1165 828 1206; x_wconf 79' lang='lat' dir='ltr'><strong>noe&#39;amici‚</strong></span> <span class='ocrx_word' id='word_1_53' title='bbox 860 1174 970 1207; x_wconf 85' lang='lat' dir='ltr'><strong>quam</strong></span> <span class='ocrx_word' id='word_1_54' title='bbox 994 1164 1221 1207; x_wconf 83' lang='lat' dir='ltr'><strong>ignouerunt</strong></span> <span class='ocrx_word' id='word_1_55' title='bbox 1245 1164 1418 1208; x_wconf 78' lang='lat' dir='ltr'>Medeae,</span> <span class='ocrx_word' id='word_1_56' title='bbox 1451 1177 1565 1210; x_wconf 82' lang='lat' dir='ltr'><strong>quae</strong></span> <span class='ocrx_word' id='word_1_57' title='bbox 1590 1167 1632 1201; x_wconf 85' lang='lat' dir='ltr'><strong>C.</strong></span> <span class='ocrx_word' id='word_1_58' title='bbox 1656 1180 1690 1202; x_wconf 84' lang='lat' dir='ltr'><strong>a.</strong></span> 
     </span>
     <span class='ocr_line' id='line_1_13' title="bbox 153 1209 1690 1256; baseline 0.003 -14"><span class='ocrx_word' id='word_1_59' title='bbox 153 1219 188 1245; x_wconf 79' lang='lat' dir='ltr'><strong>a.</strong></span> <span class='ocrx_word' id='word_1_60' title='bbox 221 1209 466 1251; x_wconf 83' lang='lat' dir='ltr'><strong>habebant,</strong></span> <span class='ocrx_word' id='word_1_61' title='bbox 498 1220 544 1244; x_wconf 88' lang='lat' dir='ltr'><strong>m.</strong></span> <span class='ocrx_word' id='word_1_62' title='bbox 577 1221 609 1242; x_wconf 90' lang='lat' dir='ltr'><strong>o.</strong></span> <span class='ocrx_word' id='word_1_63' title='bbox 638 1210 907 1253; x_wconf 74' lang='lat' dir='ltr'><strong>optimates:</strong></span> <span class='ocrx_word' id='word_1_64' title='bbox 939 1210 1071 1253; x_wconf 84' lang='lat' dir='ltr'><strong>quibus</strong></span> <span class='ocrx_word' id='word_1_65' title='bbox 1096 1209 1163 1243; x_wconf 85' lang='lat' dir='ltr'><strong>illa</strong></span> <span class='ocrx_word' id='word_1_66' title='bbox 1192 1211 1363 1244; x_wconf 82' lang='lat' dir='ltr'><strong>manibus</strong></span> <span class='ocrx_word' id='word_1_67' title='bbox 1394 1214 1690 1256; x_wconf 76' lang='lat' dir='ltr'><strong>gypsatissimis²</strong></span> 
     </span>
     <span class='ocr_line' id='line_1_14' title="bbox 152 1253 1692 1301; baseline 0.003 -14"><span class='ocrx_word' id='word_1_68' title='bbox 152 1253 216 1296; x_wconf 84' lang='lat' dir='ltr'><strong>(cf.</strong></span> <span class='ocrx_word' id='word_1_69' title='bbox 241 1253 322 1291; x_wconf 86' lang='lat' dir='ltr'><strong>Nic.</strong></span> <span class='ocrx_word' id='word_1_70' title='bbox 351 1255 510 1288; x_wconf 75' lang='lat' dir='ltr'><strong>Lo‘eneis</strong></span> <span class='ocrx_word' id='word_1_71' title='bbox 539 1255 644 1289; x_wconf 81' lang='lat' dir='ltr'><strong>Misc.</strong></span> <span class='ocrx_word' id='word_1_72' title='bbox 677 1255 857 1299; x_wconf 85' lang='lat' dir='ltr'><strong>epiphyll.</strong></span> <span class='ocrx_word' id='word_1_73' title='bbox 882 1254 920 1288; x_wconf 90' lang='lat'><strong>11</strong></span> <span class='ocrx_word' id='word_1_74' title='bbox 950 1257 972 1288; x_wconf 87' lang='lat'>8</span> <span class='ocrx_word' id='word_1_75' title='bbox 997 1266 1056 1299; x_wconf 85' lang='lat' dir='ltr'><strong>ap.</strong></span> <span class='ocrx_word' id='word_1_76' title='bbox 1085 1254 1190 1288; x_wconf 84' lang='lat' dir='ltr'><strong>Grut.</strong></span> <span class='ocrx_word' id='word_1_77' title='bbox 1217 1256 1247 1288; x_wconf 91' lang='lat' dir='ltr'>V</span> <span class='ocrx_word' id='word_1_78' title='bbox 1272 1257 1356 1298; x_wconf 81' lang='lat'>306)</span> <span class='ocrx_word' id='word_1_79' title='bbox 1389 1260 1400 1277; x_wconf 85' lang='lat'><em>‘</em></span> <span class='ocrx_word' id='word_1_80' title='bbox 1410 1259 1616 1301; x_wconf 79' lang='lat' dir='ltr'><strong>persuasit,</strong></span> <span class='ocrx_word' id='word_1_81' title='bbox 1649 1270 1692 1292; x_wconf 88' lang='lat' dir='ltr'><strong>ne</strong></span> 
     </span>
     <span class='ocr_line' id='line_1_15' title="bbox 155 1300 1690 1348; baseline 0.004 -15"><span class='ocrx_word' id='word_1_82' title='bbox 155 1300 230 1333; x_wconf 77' lang='lat' dir='ltr'><strong>sibi</strong></span> <span class='ocrx_word' id='word_1_83' title='bbox 252 1301 347 1334; x_wconf 84' lang='lat' dir='ltr'><strong>uitio</strong></span> <span class='ocrx_word' id='word_1_84' title='bbox 370 1300 461 1334; x_wconf 77' lang='lat' dir='ltr'><strong>illae</strong></span> <span class='ocrx_word' id='word_1_85' title='bbox 485 1304 694 1339; x_wconf 82' lang='lat' dir='ltr'><strong>uerterent,</strong></span> <span class='ocrx_word' id='word_1_86' title='bbox 725 1300 822 1344; x_wconf 88' lang='lat' dir='ltr'><strong>quod</strong></span> <span class='ocrx_word' id='word_1_87' title='bbox 847 1301 997 1334; x_wconf 78' lang='lat' dir='ltr'><strong>abesset</strong></span> <span class='ocrx_word' id='word_1_88' title='bbox 1026 1312 1049 1334; x_wconf 85' lang='lat' dir='ltr'><strong>a</strong></span> <span class='ocrx_word' id='word_1_89' title='bbox 1074 1302 1219 1344; x_wconf 81' lang='lat' dir='ltr'><strong>patria:</strong></span> <span class='ocrx_word' id='word_1_90' title='bbox 1250 1312 1335 1334; x_wconf 86' lang='lat' dir='ltr'><strong>nam</strong></span> <span class='ocrx_word' id='word_1_91' title='bbox 1367 1303 1515 1336; x_wconf 84' lang='lat' dir='ltr'><strong>multi’</strong></span> <span class='ocrx_word' id='word_1_92' title='bbox 1541 1315 1573 1338; x_wconf 89' lang='lat' dir='ltr'><strong>e.</strong></span> <span class='ocrx_word' id='word_1_93' title='bbox 1600 1315 1634 1348; x_wconf 91' lang='lat' dir='ltr'><strong>q.</strong></span> <span class='ocrx_word' id='word_1_94' title='bbox 1662 1315 1690 1339; x_wconf 80' lang='lat' dir='ltr'><strong>s,</strong></span> 
     </span>
     <span class='ocr_line' id='line_1_16' title="bbox 158 1346 1689 1392; baseline 0.003 -14"><span class='ocrx_word' id='word_1_95' title='bbox 158 1346 264 1388; x_wconf 84' lang='lat' dir='ltr'><strong>‘Quo</strong></span> <span class='ocrx_word' id='word_1_96' title='bbox 288 1346 328 1378; x_wconf 91' lang='lat' dir='ltr'><strong>in</strong></span> <span class='ocrx_word' id='word_1_97' title='bbox 353 1356 504 1379; x_wconf 90' lang='lat' dir='ltr'><strong>numero</strong></span> <span class='ocrx_word' id='word_1_98' title='bbox 529 1350 569 1379; x_wconf 90' lang='lat' dir='ltr'><strong>tu</strong></span> <span class='ocrx_word' id='word_1_99' title='bbox 595 1349 697 1380; x_wconf 86' lang='lat' dir='ltr'><strong>certe</strong></span> <span class='ocrx_word' id='word_1_100' title='bbox 724 1346 878 1388; x_wconf 77' lang='lat' dir='ltr'><strong>fuisses,</strong></span> <span class='ocrx_word' id='word_1_101' title='bbox 909 1346 982 1380; x_wconf 80' lang='lat' dir='ltr'><strong>nisi</strong></span> <span class='ocrx_word' id='word_1_102' title='bbox 1006 1349 1044 1379; x_wconf 88' lang='lat' dir='ltr'><strong>te</strong></span> <span class='ocrx_word' id='word_1_103' title='bbox 1070 1348 1354 1380; x_wconf 79' lang='lat' dir='ltr'><strong>extrusissemus</strong></span> <span class='ocrx_word' id='word_1_104' title='bbox 1379 1373 1408 1382; x_wconf 89' lang='lat'><strong>..</strong></span> <span class='ocrx_word' id='word_1_105' title='bbox 1423 1374 1431 1382; x_wconf 89' lang='lat'><strong>.</strong></span> <span class='ocrx_word' id='word_1_106' title='bbox 1457 1353 1494 1382; x_wconf 86' lang='lat' dir='ltr'><strong>et</strong></span> <span class='ocrx_word' id='word_1_107' title='bbox 1518 1353 1689 1392; x_wconf 80' lang='lat' dir='ltr'><strong>quoniam</strong></span> 
     </span>
     <span class='ocr_line' id='line_1_17' title="bbox 151 1389 1692 1436; baseline 0.003 -12"><span class='ocrx_word' id='word_1_108' title='bbox 151 1390 323 1424; x_wconf 78' lang='lat' dir='ltr'><strong>Medeam</strong></span> <span class='ocrx_word' id='word_1_109' title='bbox 347 1394 453 1435; x_wconf 85' lang='lat' dir='ltr'><strong>coepi</strong></span> <span class='ocrx_word' id='word_1_110' title='bbox 477 1402 606 1435; x_wconf 82' lang='lat' dir='ltr'><strong>agere,</strong></span> <span class='ocrx_word' id='word_1_111' title='bbox 633 1392 724 1425; x_wconf 91' lang='lat' dir='ltr'><strong>illud</strong></span> <span class='ocrx_word' id='word_1_112' title='bbox 750 1402 896 1436; x_wconf 83' lang='lat' dir='ltr'>semper</span> <span class='ocrx_word' id='word_1_113' title='bbox 919 1395 1104 1425; x_wconf 88' lang='lat' dir='ltr'><strong>memento</strong></span> <span class='ocrx_word' id='word_1_114' title='bbox 1125 1389 1254 1436; x_wconf 87' lang='lat' dir='ltr'>[XV].’</span> <span class='ocrx_word' id='word_1_115' title='bbox 1289 1393 1456 1427; x_wconf 76' lang='lat' dir='ltr'>Contulit</span> <span class='ocrx_word' id='word_1_116' title='bbox 1480 1395 1692 1429; x_wconf 74' lang='lat' dir='ltr'><strong>Pontianus</strong></span> 
     </span>
     <span class='ocr_line' id='line_1_18' title="bbox 153 1436 814 1481; baseline 0.002 -13"><span class='ocrx_word' id='word_1_117' title='bbox 153 1436 260 1472; x_wconf 72' lang='lat' dir='ltr'><strong>Mine.</strong></span> <span class='ocrx_word' id='word_1_118' title='bbox 285 1447 365 1480; x_wconf 81' lang='lat' dir='ltr'><strong>cap.</strong></span> <span class='ocrx_word' id='word_1_119' title='bbox 390 1438 434 1470; x_wconf 81' lang='grc'><strong>27</strong></span> <span class='ocrx_word' id='word_1_120' title='bbox 460 1437 649 1481; x_wconf 80' lang='lat' dir='ltr'>Euripidis</span> <span class='ocrx_word' id='word_1_121' title='bbox 672 1448 707 1471; x_wconf 89' lang='lat' dir='ltr'><strong>u.</strong></span> <span class='ocrx_word' id='word_1_122' title='bbox 731 1438 814 1470; x_wconf 83' lang='lat'>214:</span> 
     </span>
    </p>

    <p class='ocr_par' dir='ltr' id='par_1_8' title="bbox 424 1477 1235 1538">
     <span class='ocr_line' id='line_1_19' title="bbox 424 1477 1235 1538; baseline 0.001 -22"><span class='ocrx_word' id='word_1_123' title='bbox 424 1482 637 1526; x_wconf 75' lang='grc' dir='ltr'><strong><em>Κορίνθιαι</em></strong></span> <span class='ocrx_word' id='word_1_124' title='bbox 661 1485 865 1538; x_wconf 49' lang='grc' dir='ltr'><strong><em>γυναῖκες)</em></strong></span> <span class='ocrx_word' id='word_1_125' title='bbox 891 1477 1062 1526; x_wconf 75' lang='grc' dir='ltr'><strong><em>ἐξῆλθον</em></strong></span> <span class='ocrx_word' id='word_1_126' title='bbox 1087 1478 1235 1527; x_wconf 81' lang='grc' dir='ltr'><em>δόμων,</em></span> 
     </span>
    </p>

    <p class='ocr_par' dir='ltr' id='par_1_9' title="bbox 423 1523 1452 1573">
     <span class='ocr_line' id='line_1_20' title="bbox 423 1523 1452 1573; baseline 0.003 -12"><span class='ocrx_word' id='word_1_127' title='bbox 423 1524 477 1572; x_wconf 84' lang='grc' dir='ltr'><strong>μή</strong></span> <span class='ocrx_word' id='word_1_128' title='bbox 500 1527 570 1571; x_wconf 88' lang='grc' dir='ltr'><strong>μοί</strong></span> <span class='ocrx_word' id='word_1_129' title='bbox 591 1540 628 1561; x_wconf 87' lang='grc' dir='ltr'><strong>τι</strong></span> <span class='ocrx_word' id='word_1_130' title='bbox 651 1525 843 1572; x_wconf 78' lang='grc' dir='ltr'><strong><em>μέμψησθ</em></strong></span> <span class='ocrx_word' id='word_1_131' title='bbox 868 1533 876 1542; x_wconf 84' lang='grc'>·</span> <span class='ocrx_word' id='word_1_132' title='bbox 901 1524 995 1562; x_wconf 79' lang='grc' dir='ltr'><strong><em>οἶδα</em></strong></span> <span class='ocrx_word' id='word_1_133' title='bbox 1019 1523 1093 1572; x_wconf 79' lang='grc' dir='ltr'><strong>γὰρ</strong></span> <span class='ocrx_word' id='word_1_134' title='bbox 1116 1524 1281 1568; x_wconf 75' lang='grc' dir='ltr'><strong><em>πολλοὺς</em></strong></span> <span class='ocrx_word' id='word_1_135' title='bbox 1306 1528 1452 1573; x_wconf 79' lang='grc' dir='ltr'><strong><em>βροτῶν</em></strong></span> 
     </span>
    </p>

    <p class='ocr_par' dir='ltr' id='par_1_10' title="bbox 425 1568 1355 1619">
     <span class='ocr_line' id='line_1_21' title="bbox 425 1568 1355 1619; baseline 0.001 -12"><span class='ocrx_word' id='word_1_136' title='bbox 425 1568 589 1616; x_wconf 78' lang='grc' dir='ltr'>σεμνούς</span> <span class='ocrx_word' id='word_1_137' title='bbox 638 1571 798 1618; x_wconf 80' lang='grc' dir='ltr'><strong>εγῶτας,</strong></span> <span class='ocrx_word' id='word_1_138' title='bbox 824 1571 914 1613; x_wconf 77' lang='grc' dir='ltr'><strong>τούς</strong></span> <span class='ocrx_word' id='word_1_139' title='bbox 938 1569 1010 1618; x_wconf 72' lang='grc' dir='ltr'><strong>μὲν</strong></span> <span class='ocrx_word' id='word_1_140' title='bbox 1033 1568 1214 1618; x_wconf 78' lang='grc' dir='ltr'><strong><em>ὀμμάτων</em></strong></span> <span class='ocrx_word' id='word_1_141' title='bbox 1237 1569 1355 1619; x_wconf 33' lang='grc' dir='ltr'><strong>ἄπο,</strong></span> 
     </span>
    </p>

    <p class='ocr_par' dir='ltr' id='par_1_11' title="bbox 425 1584 1420 1664">
     <span class='ocr_line' id='line_1_22' title="bbox 425 1584 1420 1664; baseline 0.003 -12"><span class='ocrx_word' id='word_1_142' title='bbox 425 1614 515 1657; x_wconf 79' lang='grc' dir='ltr'><strong>τούς</strong></span> <span class='ocrx_word' id='word_1_143' title='bbox 540 1614 578 1652; x_wconf 81' lang='grc' dir='ltr'><strong>δ’</strong></span> <span class='ocrx_word' id='word_1_144' title='bbox 605 1584 647 1654; x_wconf 61' lang='grc' dir='ltr'><strong>ἕν</strong></span> <span class='ocrx_word' id='word_1_145' title='bbox 670 1620 870 1662; x_wconf 74' lang='grc' dir='ltr'><strong><em>θυραίοις·</em></strong></span> <span class='ocrx_word' id='word_1_146' title='bbox 897 1615 938 1653; x_wconf 83' lang='grc' dir='ltr'><strong>οἷ</strong></span> <span class='ocrx_word' id='word_1_147' title='bbox 960 1613 1000 1653; x_wconf 79' lang='grc' dir='ltr'><strong>δ’</strong></span> <span class='ocrx_word' id='word_1_148' title='bbox 1027 1615 1102 1663; x_wconf 73' lang='grc' dir='ltr'><strong>ἀφ’</strong></span> <span class='ocrx_word' id='word_1_149' title='bbox 1128 1615 1275 1664; x_wconf 78' lang='grc' dir='ltr'><strong><em>ἡσύχου</em></strong></span> <span class='ocrx_word' id='word_1_150' title='bbox 1298 1616 1420 1661; x_wconf 78' lang='grc' dir='ltr'><strong><em>ποδὸς</em></strong></span> 
     </span>
    </p>

    <p class='ocr_par' dir='ltr' id='par_1_12' title="bbox 152 1659 1690 2162">
     <span class='ocr_line' id='line_1_23' title="bbox 426 1659 1203 1709; baseline 0.001 -12"><span class='ocrx_word' id='word_1_151' title='bbox 426 1661 638 1699; x_wconf 77' lang='grc' dir='ltr'><strong><em>δύσκλειαν</em></strong></span> <span class='ocrx_word' id='word_1_152' title='bbox 663 1659 872 1709; x_wconf 73' lang='grc' dir='ltr'><strong><em>ἐκτήσαντο</em></strong></span> <span class='ocrx_word' id='word_1_153' title='bbox 897 1662 965 1698; x_wconf 82' lang='grc' dir='ltr'><strong>καὶ</strong></span> <span class='ocrx_word' id='word_1_154' title='bbox 989 1661 1203 1709; x_wconf 71' lang='grc' dir='ltr'><strong><em>ρᾳθυμίαν.</em></strong></span> 
     </span>
     <span class='ocr_line' id='line_1_24' title="bbox 154 1710 1690 1756; baseline 0.004 -14"><span class='ocrx_word' id='word_1_155' title='bbox 154 1719 305 1752; x_wconf 82' lang='lat' dir='ltr'><strong>quorum</strong></span> <span class='ocrx_word' id='word_1_156' title='bbox 337 1713 497 1743; x_wconf 82' lang='lat' dir='ltr'><strong>mentem</strong></span> <span class='ocrx_word' id='word_1_157' title='bbox 529 1720 601 1744; x_wconf 90' lang='lat' dir='ltr'><strong>non</strong></span> <span class='ocrx_word' id='word_1_158' title='bbox 631 1714 732 1743; x_wconf 85' lang='lat' dir='ltr'><strong>recte</strong></span> <span class='ocrx_word' id='word_1_159' title='bbox 765 1710 979 1744; x_wconf 81' lang='lat' dir='ltr'><strong>adsecutum</strong></span> <span class='ocrx_word' id='word_1_160' title='bbox 1013 1721 1095 1744; x_wconf 85' lang='lat' dir='ltr'><strong>esse</strong></span> <span class='ocrx_word' id='word_1_161' title='bbox 1127 1711 1286 1744; x_wconf 75' lang='lat' dir='ltr'><strong>Ennium</strong></span> <span class='ocrx_word' id='word_1_162' title='bbox 1316 1713 1458 1746; x_wconf 87' lang='lat' dir='ltr'><strong>monuit</strong></span> <span class='ocrx_word' id='word_1_163' title='bbox 1487 1719 1690 1756; x_wconf 84' lang='lat' dir='ltr'><strong>praeeunte</strong></span> 
     </span>
     <span class='ocr_line' id='line_1_25' title="bbox 156 1754 1688 1794; baseline 0.004 -6"><span class='ocrx_word' id='word_1_164' title='bbox 156 1755 301 1788; x_wconf 82' lang='lat' dir='ltr'><strong>Mureto</strong></span> <span class='ocrx_word' id='word_1_165' title='bbox 330 1765 410 1791; x_wconf 83' lang='lat' dir='ltr'><strong>nar.</strong></span> <span class='ocrx_word' id='word_1_166' title='bbox 441 1755 527 1788; x_wconf 90' lang='lat' dir='ltr'><strong>lect.</strong></span> <span class='ocrx_word' id='word_1_167' title='bbox 556 1756 645 1790; x_wconf 93' lang='lat' dir='ltr'>VIII</span> <span class='ocrx_word' id='word_1_168' title='bbox 670 1757 711 1790; x_wconf 85' lang='grc'><strong>17</strong></span> <span class='ocrx_word' id='word_1_169' title='bbox 735 1754 947 1789; x_wconf 72' lang='lat' dir='ltr'><strong>Elmsleius.</strong></span> <span class='ocrx_word' id='word_1_170' title='bbox 1079 1756 1129 1789; x_wconf 93' lang='lat' dir='ltr'><strong>v1</strong></span> <span class='ocrx_word' id='word_1_171' title='bbox 1154 1756 1270 1790; x_wconf 87' lang='lat' dir='ltr'><strong>Varro</strong></span> <span class='ocrx_word' id='word_1_172' title='bbox 1300 1757 1346 1790; x_wconf 90' lang='lat' dir='ltr'><strong>de</strong></span> <span class='ocrx_word' id='word_1_173' title='bbox 1377 1757 1400 1790; x_wconf 95' lang='lat' dir='ltr'><strong>l.</strong></span> <span class='ocrx_word' id='word_1_174' title='bbox 1425 1759 1470 1793; x_wconf 90' lang='lat' dir='ltr'><strong>L.</strong></span> <span class='ocrx_word' id='word_1_175' title='bbox 1499 1760 1546 1793; x_wconf 93' lang='lat' dir='ltr'>VI</span> <span class='ocrx_word' id='word_1_176' title='bbox 1571 1761 1613 1794; x_wconf 84' lang='lat'><strong>81</strong></span> <span class='ocrx_word' id='word_1_177' title='bbox 1639 1761 1688 1794; x_wconf 86' lang='lat' dir='ltr'><strong>M.</strong></span> 
     </span>
     <span class='ocr_line' id='line_1_26' title="bbox 157 1800 1690 1849; baseline 0.005 -17"><span class='ocrx_word' id='word_1_178' title='bbox 157 1803 314 1834; x_wconf 77' lang='lat' dir='ltr'><strong>‘cerno</strong></span> <span class='ocrx_word' id='word_1_179' title='bbox 345 1826 353 1833; x_wconf 90' lang='lat'><strong><em>.</em></strong></span> <span class='ocrx_word' id='word_1_180' title='bbox 368 1825 400 1835; x_wconf 92' lang='lat'><strong>..</strong></span> <span class='ocrx_word' id='word_1_181' title='bbox 429 1811 494 1844; x_wconf 90' lang='lat' dir='ltr'><strong>pro</strong></span> <span class='ocrx_word' id='word_1_182' title='bbox 525 1801 636 1834; x_wconf 88' lang='lat' dir='ltr'><strong>uideo</strong></span> <span class='ocrx_word' id='word_1_183' title='bbox 668 1802 723 1834; x_wconf 87' lang='lat' dir='ltr'><strong>ait</strong></span> <span class='ocrx_word' id='word_1_184' title='bbox 746 1802 888 1835; x_wconf 80' lang='lat' dir='ltr'><strong>Ennius</strong></span> <span class='ocrx_word' id='word_1_185' title='bbox 911 1826 919 1834; x_wconf 91' lang='lat'><strong><em>.</em></strong></span> <span class='ocrx_word' id='word_1_186' title='bbox 940 1827 949 1835; x_wconf 93' lang='lat'>.</span> <span class='ocrx_word' id='word_1_187' title='bbox 969 1826 978 1835; x_wconf 90' lang='lat'><strong>.</strong></span> <span class='ocrx_word' id='word_1_188' title='bbox 1001 1800 1139 1835; x_wconf 78' lang='lat' dir='ltr'><strong>Canius</strong></span> <span class='ocrx_word' id='word_1_189' title='bbox 1168 1826 1177 1834; x_wconf 89' lang='lat'><strong>.</strong></span> <span class='ocrx_word' id='word_1_190' title='bbox 1196 1826 1206 1835; x_wconf 93' lang='lat'><strong>.</strong></span> <span class='ocrx_word' id='word_1_191' title='bbox 1227 1826 1236 1834; x_wconf 93' lang='lat'>.</span> <span class='ocrx_word' id='word_1_192' title='bbox 1263 1802 1320 1835; x_wconf 88' lang='lat' dir='ltr'><strong>Ab</strong></span> <span class='ocrx_word' id='word_1_193' title='bbox 1351 1803 1478 1836; x_wconf 89' lang='lat' dir='ltr'><strong>eodem</strong></span> <span class='ocrx_word' id='word_1_194' title='bbox 1511 1809 1569 1838; x_wconf 84' lang='lat' dir='ltr'><strong>est</strong></span> <span class='ocrx_word' id='word_1_195' title='bbox 1594 1807 1690 1849; x_wconf 91' lang='lat' dir='ltr'><strong>quod</strong></span> 
     </span>
     <span class='ocr_line' id='line_1_27' title="bbox 156 1845 1690 1892; baseline 0.004 -14"><span class='ocrx_word' id='word_1_196' title='bbox 156 1846 210 1878; x_wconf 76' lang='lat' dir='ltr'><strong>ait</strong></span> <span class='ocrx_word' id='word_1_197' title='bbox 234 1845 386 1879; x_wconf 80' lang='lat' dir='ltr'><strong>Medea:</strong></span> <span class='ocrx_word' id='word_1_198' title='bbox 413 1849 490 1879; x_wconf 85' lang='lat' dir='ltr'><strong>ter&#39;</strong></span> <span class='ocrx_word' id='word_1_199' title='bbox 515 1857 547 1880; x_wconf 88' lang='lat' dir='ltr'><strong>e.</strong></span> <span class='ocrx_word' id='word_1_200' title='bbox 574 1857 608 1889; x_wconf 84' lang='lat' dir='ltr'><strong>q.</strong></span> <span class='ocrx_word' id='word_1_201' title='bbox 635 1857 664 1880; x_wconf 79' lang='lat' dir='ltr'><strong>s.</strong></span> <span class='ocrx_word' id='word_1_202' title='bbox 692 1846 828 1890; x_wconf 84' lang='lat' dir='ltr'><strong>‘quod‚</strong></span> <span class='ocrx_word' id='word_1_203' title='bbox 853 1850 895 1879; x_wconf 86' lang='lat' dir='ltr'><strong>ut</strong></span> <span class='ocrx_word' id='word_1_204' title='bbox 920 1847 1126 1880; x_wconf 89' lang='lat' dir='ltr'><strong>decernunt</strong></span> <span class='ocrx_word' id='word_1_205' title='bbox 1151 1847 1195 1880; x_wconf 88' lang='lat' dir='ltr'><strong>de</strong></span> <span class='ocrx_word' id='word_1_206' title='bbox 1220 1847 1302 1880; x_wconf 87' lang='lat' dir='ltr'><strong>uita</strong></span> <span class='ocrx_word' id='word_1_207' title='bbox 1328 1858 1372 1881; x_wconf 91' lang='lat' dir='ltr'><strong>eo</strong></span> <span class='ocrx_word' id='word_1_208' title='bbox 1397 1852 1573 1892; x_wconf 87' lang='lat' dir='ltr'><strong>tempore,</strong></span> <span class='ocrx_word' id='word_1_209' title='bbox 1598 1851 1690 1884; x_wconf 90' lang='lat' dir='ltr'><strong>mul—</strong></span> 
     </span>
     <span class='ocr_line' id='line_1_28' title="bbox 152 1891 1688 1930; baseline 0.004 -6"><span class='ocrx_word' id='word_1_210' title='bbox 152 1895 272 1925; x_wconf 85' lang='lat' dir='ltr'><strong>torum</strong></span> <span class='ocrx_word' id='word_1_211' title='bbox 301 1891 472 1924; x_wconf 87' lang='lat' dir='ltr'><strong>uideatur</strong></span> <span class='ocrx_word' id='word_1_212' title='bbox 502 1892 603 1925; x_wconf 87' lang='lat' dir='ltr'><strong>uitae</strong></span> <span class='ocrx_word' id='word_1_213' title='bbox 634 1891 746 1925; x_wconf 88' lang='lat' dir='ltr'><strong>finis.’</strong></span> <span class='ocrx_word' id='word_1_214' title='bbox 794 1892 886 1925; x_wconf 88' lang='lat' dir='ltr'><strong>Non.</strong></span> <span class='ocrx_word' id='word_1_215' title='bbox 918 1893 1002 1930; x_wconf 86' lang='grc'>261,</span> <span class='ocrx_word' id='word_1_216' title='bbox 1030 1893 1071 1926; x_wconf 87' lang='grc'><strong>18</strong></span> <span class='ocrx_word' id='word_1_217' title='bbox 1102 1895 1313 1926; x_wconf 78' lang='lat' dir='ltr'><strong>‘cernere</strong></span> <span class='ocrx_word' id='word_1_218' title='bbox 1347 1904 1488 1927; x_wconf 83' lang='lat' dir='ltr'><strong>rursum</strong></span> <span class='ocrx_word' id='word_1_219' title='bbox 1513 1895 1688 1930; x_wconf 84' lang='lat' dir='ltr'><strong>dimicare</strong></span> 
     </span>
     <span class='ocr_line' id='line_1_29' title="bbox 153 1935 1689 1983; baseline 0.003 -13"><span class='ocrx_word' id='word_1_220' title='bbox 153 1936 214 1970; x_wconf 86' lang='lat' dir='ltr'><strong>uel</strong></span> <span class='ocrx_word' id='word_1_221' title='bbox 231 1937 455 1971; x_wconf 83' lang='lat' dir='ltr'><strong>contendere</strong></span> <span class='ocrx_word' id='word_1_222' title='bbox 478 1962 487 1971; x_wconf 93' lang='lat'>.</span> <span class='ocrx_word' id='word_1_223' title='bbox 502 1962 533 1971; x_wconf 90' lang='lat'><strong>..</strong></span> <span class='ocrx_word' id='word_1_224' title='bbox 557 1938 698 1971; x_wconf 81' lang='lat' dir='ltr'><strong>Ennius</strong></span> <span class='ocrx_word' id='word_1_225' title='bbox 722 1938 760 1970; x_wconf 86' lang='lat' dir='ltr'><strong>in</strong></span> <span class='ocrx_word' id='word_1_226' title='bbox 785 1938 944 1971; x_wconf 86' lang='lat' dir='ltr'><strong>Medea</strong></span> <span class='ocrx_word' id='word_1_227' title='bbox 969 1938 1124 1971; x_wconf 84' lang='lat' dir='ltr'><strong>exsule</strong></span> <span class='ocrx_word' id='word_1_228' title='bbox 1152 1935 1280 1983; x_wconf 55' lang='lat' dir='ltr'><strong>[222]st</strong></span> <span class='ocrx_word' id='word_1_229' title='bbox 1314 1938 1414 1972; x_wconf 87' lang='lat' dir='ltr'><strong>Idem</strong></span> <span class='ocrx_word' id='word_1_230' title='bbox 1432 1941 1510 1983; x_wconf 85' lang='grc'>261,</span> <span class='ocrx_word' id='word_1_231' title='bbox 1529 1943 1550 1974; x_wconf 88' lang='grc'><strong>6</strong></span> <span class='ocrx_word' id='word_1_232' title='bbox 1579 1945 1689 1975; x_wconf 85' lang='lat' dir='ltr'><strong>‘cer-</strong></span> 
     </span>
     <span class='ocr_line' id='line_1_30' title="bbox 152 1980 1687 2028; baseline 0.003 -13"><span class='ocrx_word' id='word_1_233' title='bbox 152 1991 278 2024; x_wconf 88' lang='lat' dir='ltr'><strong>nere,</strong></span> <span class='ocrx_word' id='word_1_234' title='bbox 302 1983 482 2019; x_wconf 84' lang='lat' dir='ltr'><strong>amittere.</strong></span> <span class='ocrx_word' id='word_1_235' title='bbox 531 1984 649 2017; x_wconf 87' lang='lat' dir='ltr'><strong>Varro</strong></span> <span class='ocrx_word' id='word_1_236' title='bbox 676 1983 1051 2017; x_wconf 82' lang='lat' dir='ltr'><strong>Gerontoditlascalo:</strong></span> <span class='ocrx_word' id='word_1_237' title='bbox 1084 1982 1170 2016; x_wconf 75' lang='lat' dir='ltr'><strong>non</strong></span> <span class='ocrx_word' id='word_1_238' title='bbox 1194 1983 1323 2018; x_wconf 83' lang='lat' dir='ltr'><strong>uides</strong></span> <span class='ocrx_word' id='word_1_239' title='bbox 1347 1985 1464 2028; x_wconf 83' lang='lat' dir='ltr'><strong>apud</strong></span> <span class='ocrx_word' id='word_1_240' title='bbox 1489 1980 1687 2020; x_wconf 83' lang='lat' dir='ltr'><strong>&#39;Ennium</strong></span> 
     </span>
     <span class='ocr_line' id='line_1_31' title="bbox 152 2025 1688 2074; baseline 0.003 -13"><span class='ocrx_word' id='word_1_241' title='bbox 152 2025 279 2061; x_wconf 78' lang='lat' dir='ltr'><strong>‘Esse</strong></span> <span class='ocrx_word' id='word_1_242' title='bbox 310 2029 549 2072; x_wconf 74' lang='lat' dir='ltr'><strong>scriptum,</strong></span> <span class='ocrx_word' id='word_1_243' title='bbox 586 2027 657 2062; x_wconf 73' lang='lat' dir='ltr'><strong>ter</strong></span> <span class='ocrx_word' id='word_1_244' title='bbox 693 2029 772 2062; x_wconf 70' lang='lat' dir='ltr'><strong>cub</strong></span> <span class='ocrx_word' id='word_1_245' title='bbox 805 2030 942 2062; x_wconf 82' lang='lat' dir='ltr'><strong>armis</strong></span> <span class='ocrx_word' id='word_1_246' title='bbox 971 2028 1121 2061; x_wconf 64' lang='lat' dir='ltr'><strong>malim</strong></span> <span class='ocrx_word' id='word_1_247' title='bbox 1152 2029 1292 2062; x_wconf 81' lang='lat' dir='ltr'><strong>uitam</strong></span> <span class='ocrx_word' id='word_1_248' title='bbox 1329 2029 1520 2064; x_wconf 67' lang='lat' dir='ltr'><strong>cernere</strong></span> <span class='ocrx_word' id='word_1_249' title='bbox 1553 2033 1688 2074; x_wconf 54' lang='lat' dir='ltr'><strong>Quem</strong></span> 
     </span>
     <span class='ocr_line' id='line_1_32' title="bbox 153 2073 1687 2121; baseline 0.003 -15"><span class='ocrx_word' id='word_1_250' title='bbox 153 2073 292 2107; x_wconf 74' lang='lat' dir='ltr'><strong>semel</strong></span> <span class='ocrx_word' id='word_1_251' title='bbox 322 2073 450 2107; x_wconf 89' lang='lat' dir='ltr'><strong>modo</strong></span> <span class='ocrx_word' id='word_1_252' title='bbox 480 2074 689 2118; x_wconf 47' lang='lat' dir='ltr'><strong>parere?</strong></span> <span class='ocrx_word' id='word_1_253' title='bbox 732 2074 943 2118; x_wconf 82' lang='lat' dir='ltr'><strong>(Ennium</strong></span> <span class='ocrx_word' id='word_1_254' title='bbox 975 2073 1110 2108; x_wconf 85' lang='lat' dir='ltr'><strong>Aldina</strong></span> <span class='ocrx_word' id='word_1_255' title='bbox 1138 2075 1178 2107; x_wconf 89' lang='lat' dir='ltr'><strong>in</strong></span> <span class='ocrx_word' id='word_1_256' title='bbox 1208 2076 1454 2119; x_wconf 85' lang='lat' dir='ltr'><strong>corrigendis,</strong></span> <span class='ocrx_word' id='word_1_257' title='bbox 1486 2088 1558 2115; x_wconf 29' lang='lat' dir='ltr'><strong>om*</strong></span> <span class='ocrx_word' id='word_1_258' title='bbox 1588 2078 1687 2121; x_wconf 87' lang='lat' dir='ltr'>libri)</span> 
     </span>
     <span class='ocr_line' id='line_1_33' title="bbox 153 2118 519 2162; baseline 0.003 -11"><span class='ocrx_word' id='word_1_259' title='bbox 153 2118 350 2162; x_wconf 80' lang='lat' dir='ltr'><strong>Euripides</strong></span> <span class='ocrx_word' id='word_1_260' title='bbox 374 2130 408 2153; x_wconf 84' lang='lat' dir='ltr'><strong>u.</strong></span> <span class='ocrx_word' id='word_1_261' title='bbox 435 2120 519 2154; x_wconf 79' lang='lat'><strong>250:</strong></span> 
     </span>
    </p>

    <p class='ocr_par' dir='ltr' id='par_1_13' title="bbox 244 2157 1686 2300">
     <span class='ocr_line' id='line_1_34' title="bbox 477 2157 1401 2223; baseline 0.002 -25"><span class='ocrx_word' id='word_1_262' title='bbox 477 2210 491 2218; x_wconf 81' lang='lat'><strong>.</strong></span> <span class='ocrx_word' id='word_1_263' title='bbox 630 2208 638 2219; x_wconf 47' lang='grc'><strong><em>1</em></strong></span> <span class='ocrx_word' id='word_1_264' title='bbox 733 2205 744 2221; x_wconf 59' lang='lat'>,</span> <span class='ocrx_word' id='word_1_265' title='bbox 779 2204 793 2218; x_wconf 48' lang='lat' dir='ltr'>n</span> <span class='ocrx_word' id='word_1_266' title='bbox 878 2161 928 2218; x_wconf 73' lang='grc' dir='ltr'><strong>ᾡς</strong></span> <span class='ocrx_word' id='word_1_267' title='bbox 951 2163 1040 2219; x_wconf 55' lang='lat'><strong>²⁰²5.</strong></span> <span class='ocrx_word' id='word_1_268' title='bbox 1058 2157 1106 2198; x_wconf 76' lang='grc' dir='ltr'><strong>ἂν</strong></span> <span class='ocrx_word' id='word_1_269' title='bbox 1131 2164 1240 2223; x_wconf 56' lang='grc' dir='ltr'><strong>πριρή</strong></span> <span class='ocrx_word' id='word_1_270' title='bbox 1250 2160 1401 2201; x_wconf 73' lang='grc' dir='ltr'><strong><em>ἀσπίδα</em></strong></span> 
     </span>
     <span class='ocr_line' id='line_1_35' title="bbox 244 2211 1686 2300; baseline 0.003 -11"><span class='ocrx_word' id='word_1_271' title='bbox 244 2255 314 2289; x_wconf 86' lang='lat' dir='ltr'>VII</span> <span class='ocrx_word' id='word_1_272' title='bbox 338 2220 563 2300; x_wconf 50' lang='lat' dir='ltr'><strong>Ciceggngffd</strong></span> <span class='ocrx_word' id='word_1_273' title='bbox 585 2211 740 2290; x_wconf 49' lang='lat' dir='ltr'>gssfflffi,</span> <span class='ocrx_word' id='word_1_274' title='bbox 766 2211 1371 2300; x_wconf 46' lang='grc' dir='ltr'><strong>ἕέεὲαέἓῗέξῃᾷεέἑῗωαζὲἒὲιη</strong></span> <span class='ocrx_word' id='word_1_275' title='bbox 1396 2262 1481 2292; x_wconf 81' lang='lat' dir='ltr'><strong>sunt</strong></span> <span class='ocrx_word' id='word_1_276' title='bbox 1506 2260 1597 2293; x_wconf 83' lang='lat' dir='ltr'><strong>haec</strong></span> <span class='ocrx_word' id='word_1_277' title='bbox 1623 2262 1686 2293; x_wconf 91' lang='lat' dir='ltr'><strong>im-</strong></span> 
     </span>
    </p>

    <p class='ocr_par' dir='ltr' id='par_1_14' title="bbox 153 2300 1687 2437">
     <span class='ocr_line' id='line_1_36' title="bbox 155 2300 1686 2347; baseline 0.003 -13"><span class='ocrx_word' id='word_1_278' title='bbox 155 2303 260 2344; x_wconf 78' lang='lat' dir='ltr'><strong>peria</strong></span> <span class='ocrx_word' id='word_1_279' title='bbox 286 2300 373 2344; x_wconf 85' lang='lat' dir='ltr'><strong>[inc.</strong></span> <span class='ocrx_word' id='word_1_280' title='bbox 399 2302 470 2335; x_wconf 88' lang='lat' dir='ltr'><strong>inc.</strong></span> <span class='ocrx_word' id='word_1_281' title='bbox 498 2302 574 2335; x_wconf 83' lang='lat' dir='ltr'><strong>fab.</strong></span> <span class='ocrx_word' id='word_1_282' title='bbox 600 2301 825 2346; x_wconf 86' lang='lat' dir='ltr'>LXXXVII]</span> <span class='ocrx_word' id='word_1_283' title='bbox 850 2306 890 2336; x_wconf 84' lang='lat' dir='ltr'><strong>et</strong></span> <span class='ocrx_word' id='word_1_284' title='bbox 912 2302 1002 2336; x_wconf 88' lang='lat' dir='ltr'><strong>illae</strong></span> <span class='ocrx_word' id='word_1_285' title='bbox 1026 2303 1166 2336; x_wconf 86' lang='lat' dir='ltr'><strong>minae:</strong></span> <span class='ocrx_word' id='word_1_286' title='bbox 1193 2304 1225 2336; x_wconf 79' lang='lat' dir='ltr'><strong>si</strong></span> <span class='ocrx_word' id='word_1_287' title='bbox 1249 2307 1307 2337; x_wconf 86' lang='lat' dir='ltr'><strong>te’</strong></span> <span class='ocrx_word' id='word_1_288' title='bbox 1335 2314 1366 2337; x_wconf 87' lang='lat' dir='ltr'><strong>e.</strong></span> <span class='ocrx_word' id='word_1_289' title='bbox 1391 2315 1425 2347; x_wconf 92' lang='lat' dir='ltr'><strong>q.</strong></span> <span class='ocrx_word' id='word_1_290' title='bbox 1450 2315 1478 2337; x_wconf 77' lang='lat' dir='ltr'><strong>s,</strong></span> <span class='ocrx_word' id='word_1_291' title='bbox 1513 2306 1614 2338; x_wconf 82' lang='lat' dir='ltr'><strong>Idem</strong></span> <span class='ocrx_word' id='word_1_292' title='bbox 1640 2307 1686 2338; x_wconf 84' lang='lat' dir='ltr'><strong>ad</strong></span> 
     </span>
     <span class='ocr_line' id='line_1_37' title="bbox 153 2346 1687 2392; baseline 0.003 -13"><span class='ocrx_word' id='word_1_293' title='bbox 153 2346 268 2382; x_wconf 78' lang='lat' dir='ltr'><strong>Attio.</strong></span> <span class='ocrx_word' id='word_1_294' title='bbox 297 2346 367 2380; x_wconf 88' lang='lat' dir='ltr'><strong>v11</strong></span> <span class='ocrx_word' id='word_1_295' title='bbox 395 2348 456 2388; x_wconf 84' lang='grc'>26,</span> <span class='ocrx_word' id='word_1_296' title='bbox 491 2349 509 2380; x_wconf 90' lang='grc'><strong>1</strong></span> <span class='ocrx_word' id='word_1_297' title='bbox 541 2346 737 2381; x_wconf 79' lang='lat' dir='ltr'><strong>‘Caesaris</strong></span> <span class='ocrx_word' id='word_1_298' title='bbox 767 2348 966 2382; x_wconf 86' lang='lat' dir='ltr'><strong>interdicta</strong></span> <span class='ocrx_word' id='word_1_299' title='bbox 1000 2346 1098 2392; x_wconf 83' lang='grc'>[224]</span> <span class='ocrx_word' id='word_1_300' title='bbox 1131 2353 1381 2392; x_wconf 57' lang='lat' dir='ltr'><strong>respuuntur!</strong></span> <span class='ocrx_word' id='word_1_301' title='bbox 1430 2350 1512 2383; x_wconf 85' lang='lat' dir='ltr'><strong>Huc</strong></span> <span class='ocrx_word' id='word_1_302' title='bbox 1544 2352 1687 2384; x_wconf 84' lang='lat' dir='ltr'><strong>rettulit</strong></span> 
     </span>
     <span class='ocr_line' id='line_1_38' title="bbox 156 2390 1103 2437; baseline 0.001 -13"><span class='ocrx_word' id='word_1_303' title='bbox 156 2391 323 2435; x_wconf 81' lang='lat' dir='ltr'><strong>Scaliger</strong></span> <span class='ocrx_word' id='word_1_304' title='bbox 346 2390 449 2426; x_wconf 84' lang='lat' dir='ltr'><strong>Coni.</strong></span> <span class='ocrx_word' id='word_1_305' title='bbox 475 2403 510 2436; x_wconf 88' lang='lat' dir='ltr'><strong>p.</strong></span> <span class='ocrx_word' id='word_1_306' title='bbox 535 2394 591 2427; x_wconf 82' lang='lat'><strong>60.</strong></span> <span class='ocrx_word' id='word_1_307' title='bbox 637 2393 825 2437; x_wconf 84' lang='lat' dir='ltr'><strong>Euripidis</strong></span> <span class='ocrx_word' id='word_1_308' title='bbox 850 2397 936 2427; x_wconf 81' lang='lat' dir='ltr'><strong>sunt</strong></span> <span class='ocrx_word' id='word_1_309' title='bbox 958 2404 994 2430; x_wconf 88' lang='lat' dir='ltr'><strong>u.</strong></span> <span class='ocrx_word' id='word_1_310' title='bbox 1018 2394 1103 2428; x_wconf 80' lang='lat'>352:</span> 
     </span>
    </p>
   </div>
   <div class='ocr_carea' id='block_1_8' title="bbox 154 2464 437 2469">
    <p class='ocr_par' dir='ltr' id='par_1_15' title="bbox 154 2464 437 2469">
     <span class='ocr_line' id='line_1_39' title="bbox 154 2464 437 2469; baseline 0 0"><span class='ocrx_word' id='word_1_311' title='bbox 154 2464 437 2469; x_wconf 95' lang='lat' dir='ltr'><strong> </strong></span> 
     </span>
    </p>
   </div>
   <div class='ocr_carea' id='block_1_9' title="bbox 151 2505 1684 2956">
    <p class='ocr_par' dir='ltr' id='par_1_16' title="bbox 153 2505 1684 2842">
     <span class='ocr_line' id='line_1_40' title="bbox 154 2505 1683 2557; baseline 0.003 -14"><span class='ocrx_word' id='word_1_312' title='bbox 154 2507 178 2543; x_wconf 94' lang='lat'><em>1</em></span> <span class='ocrx_word' id='word_1_313' title='bbox 204 2505 259 2543; x_wconf 88' lang='grc'><strong>44</strong></span> <span class='ocrx_word' id='word_1_314' title='bbox 291 2506 454 2544; x_wconf 74' lang='lat' dir='ltr'><strong>Corinthi</strong></span> <span class='ocrx_word' id='word_1_315' title='bbox 484 2508 707 2557; x_wconf 79' lang='lat' dir='ltr'><strong>Lambinus,</strong></span> <span class='ocrx_word' id='word_1_316' title='bbox 739 2509 783 2546; x_wconf 87' lang='lat' dir='ltr'><strong>G.</strong></span> <span class='ocrx_word' id='word_1_317' title='bbox 807 2508 1062 2546; x_wconf 79' lang='lat' dir='ltr'><strong>Her-mannus</strong></span> <span class='ocrx_word' id='word_1_318' title='bbox 1090 2510 1137 2545; x_wconf 81' lang='lat' dir='ltr'><strong>de</strong></span> <span class='ocrx_word' id='word_1_319' title='bbox 1165 2514 1275 2546; x_wconf 82' lang='lat' dir='ltr'><strong>metr.</strong></span> <span class='ocrx_word' id='word_1_320' title='bbox 1308 2509 1358 2546; x_wconf 90' lang='lat' dir='ltr'><strong>II</strong></span> <span class='ocrx_word' id='word_1_321' title='bbox 1386 2510 1477 2547; x_wconf 88' lang='grc'>132.</span> <span class='ocrx_word' id='word_1_322' title='bbox 1568 2512 1683 2556; x_wconf 75' lang='lat' dir='ltr'><strong>Quem</strong></span> 
     </span>
     <span class='ocr_line' id='line_1_41' title="bbox 153 2563 1684 2614; baseline 0.005 -14"><span class='ocrx_word' id='word_1_323' title='bbox 153 2565 256 2600; x_wconf 82' lang='lat' dir='ltr'><strong>inter</strong></span> <span class='ocrx_word' id='word_1_324' title='bbox 286 2563 367 2601; x_wconf 86' lang='lat'><strong>219</strong></span> <span class='ocrx_word' id='word_1_325' title='bbox 398 2570 435 2601; x_wconf 82' lang='lat' dir='ltr'><strong>et</strong></span> <span class='ocrx_word' id='word_1_326' title='bbox 467 2564 550 2604; x_wconf 87' lang='grc'><strong>220</strong></span> <span class='ocrx_word' id='word_1_327' title='bbox 579 2567 665 2603; x_wconf 79' lang='lat' dir='ltr'><strong>olim</strong></span> <span class='ocrx_word' id='word_1_328' title='bbox 691 2566 820 2614; x_wconf 81' lang='lat' dir='ltr'><strong>fuisse</strong></span> <span class='ocrx_word' id='word_1_329' title='bbox 846 2567 1068 2613; x_wconf 71' lang='lat' dir='ltr'><strong>siqnificaui</strong></span> <span class='ocrx_word' id='word_1_330' title='bbox 1097 2575 1251 2602; x_wconf 77' lang='lat' dir='ltr'><strong>uersum</strong></span> <span class='ocrx_word' id='word_1_331' title='bbox 1283 2569 1488 2606; x_wconf 81' lang='lat' dir='ltr'><strong>Elmsleius</strong></span> <span class='ocrx_word' id='word_1_332' title='bbox 1515 2569 1568 2604; x_wconf 79' lang='lat' dir='ltr'><strong>ad</strong></span> <span class='ocrx_word' id='word_1_333' title='bbox 1587 2570 1684 2606; x_wconf 81' lang='lat' dir='ltr'><strong>Eur.</strong></span> 
     </span>
     <span class='ocr_line' id='line_1_42' title="bbox 154 2619 1683 2673; baseline 0.005 -17"><span class='ocrx_word' id='word_1_334' title='bbox 154 2620 255 2657; x_wconf 77' lang='lat' dir='ltr'><strong>Med.</strong></span> <span class='ocrx_word' id='word_1_335' title='bbox 289 2619 370 2658; x_wconf 83' lang='lat'><strong>209</strong></span> <span class='ocrx_word' id='word_1_336' title='bbox 400 2631 421 2657; x_wconf 88' lang='lat' dir='ltr'><strong>e</strong></span> <span class='ocrx_word' id='word_1_337' title='bbox 452 2622 636 2660; x_wconf 80' lang='lat' dir='ltr'><strong>Cicerone</strong></span> <span class='ocrx_word' id='word_1_338' title='bbox 668 2624 773 2661; x_wconf 79' lang='lat' dir='ltr'><strong>hunc</strong></span> <span class='ocrx_word' id='word_1_339' title='bbox 804 2625 1070 2661; x_wconf 75' lang='lat' dir='ltr'><strong>conrirmauit:</strong></span> <span class='ocrx_word' id='word_1_340' title='bbox 1102 2621 1151 2658; x_wconf 74' lang='lat' dir='ltr'><strong>Ne</strong></span> <span class='ocrx_word' id='word_1_341' title='bbox 1183 2622 1266 2658; x_wconf 82' lang='lat' dir='ltr'><strong>mihi</strong></span> <span class='ocrx_word' id='word_1_342' title='bbox 1299 2625 1388 2661; x_wconf 75' lang='lat' dir='ltr'><strong>uitio</strong></span> <span class='ocrx_word' id='word_1_343' title='bbox 1421 2623 1484 2660; x_wconf 74' lang='grc' dir='ltr'><strong>ιιύε</strong></span> <span class='ocrx_word' id='word_1_344' title='bbox 1517 2629 1683 2673; x_wconf 74' lang='grc' dir='ltr'><strong>ιιοι·ι.·ιιὶε,</strong></span> 
     </span>
     <span class='ocr_line' id='line_1_43' title="bbox 153 2677 1682 2730; baseline 0.005 -18"><span class='ocrx_word' id='word_1_345' title='bbox 153 2677 172 2713; x_wconf 70' lang='grc' dir='ltr'><strong>ἐι</strong></span> <span class='ocrx_word' id='word_1_346' title='bbox 203 2678 316 2727; x_wconf 78' lang='lat' dir='ltr'><strong>pau-ia</strong></span> <span class='ocrx_word' id='word_1_347' title='bbox 348 2678 446 2726; x_wconf 84' lang='lat' dir='ltr'><strong>quod</strong></span> <span class='ocrx_word' id='word_1_348' title='bbox 477 2678 611 2718; x_wconf 65' lang='lat' dir='ltr'><strong>{nhsiem</strong></span> <span class='ocrx_word' id='word_1_349' title='bbox 727 2679 805 2718; x_wconf 85' lang='lat'><strong>221</strong></span> <span class='ocrx_word' id='word_1_350' title='bbox 840 2680 936 2717; x_wconf 80' lang='lat' dir='ltr'><strong>(lomi</strong></span> <span class='ocrx_word' id='word_1_351' title='bbox 968 2680 1030 2728; x_wconf 87' lang='lat' dir='ltr'><strong>qui</strong></span> <span class='ocrx_word' id='word_1_352' title='bbox 1060 2684 1212 2715; x_wconf 75' lang='lat' dir='ltr'><strong>aetatem</strong></span> <span class='ocrx_word' id='word_1_353' title='bbox 1244 2688 1399 2730; x_wconf 76' lang='lat' dir='ltr'><strong>egerunt</strong></span> <span class='ocrx_word' id='word_1_354' title='bbox 1431 2681 1608 2718; x_wconf 75' lang='lat' dir='ltr'><strong>Muretus</strong></span> <span class='ocrx_word' id='word_1_355' title='bbox 1643 2684 1682 2720; x_wconf 70' lang='lat'><strong>1⁷.</strong></span> 
     </span>
     <span class='ocr_line' id='line_1_44' title="bbox 154 2733 1682 2788; baseline 0.004 -18"><span class='ocrx_word' id='word_1_356' title='bbox 154 2734 196 2770; x_wconf 89' lang='lat' dir='ltr'><strong>L.</strong></span> <span class='ocrx_word' id='word_1_357' title='bbox 241 2734 341 2771; x_wconf 90' lang='lat' dir='ltr'><strong>VIII</strong></span> <span class='ocrx_word' id='word_1_358' title='bbox 369 2736 435 2782; x_wconf 79' lang='lat'><strong>17,</strong></span> <span class='ocrx_word' id='word_1_359' title='bbox 466 2739 532 2773; x_wconf 76' lang='lat' dir='ltr'><strong>cui</strong></span> <span class='ocrx_word' id='word_1_360' title='bbox 559 2739 708 2774; x_wconf 80' lang='lat' dir='ltr'><strong>senarii</strong></span> <span class='ocrx_word' id='word_1_361' title='bbox 730 2739 988 2785; x_wconf 80' lang='lat' dir='ltr'><strong>placuerunt,</strong></span> <span class='ocrx_word' id='word_1_362' title='bbox 1031 2733 1229 2772; x_wconf 78' lang='lat' dir='ltr'><strong>‘ueteres&#39;</strong></span> <span class='ocrx_word' id='word_1_363' title='bbox 1263 2751 1336 2785; x_wconf 80' lang='lat' dir='ltr'><strong>pro</strong></span> <span class='ocrx_word' id='word_1_364' title='bbox 1368 2740 1566 2784; x_wconf 78' lang='lat' dir='ltr'><strong>scriptura</strong></span> <span class='ocrx_word' id='word_1_365' title='bbox 1598 2750 1682 2788; x_wconf 80' lang='lat' dir='ltr'><strong>ege-</strong></span> 
     </span>
     <span class='ocr_line' id='line_1_45' title="bbox 154 2789 1682 2842; baseline 0.003 -15"><span class='ocrx_word' id='word_1_366' title='bbox 154 2797 239 2828; x_wconf 75' lang='lat' dir='ltr'><strong>runt</strong></span> <span class='ocrx_word' id='word_1_367' title='bbox 270 2789 435 2829; x_wconf 76' lang='lat' dir='ltr'><strong>‘libros&#39;</strong></span> <span class='ocrx_word' id='word_1_368' title='bbox 467 2798 670 2831; x_wconf 78' lang='lat' dir='ltr'><strong>antestans</strong></span> <span class='ocrx_word' id='word_1_369' title='bbox 772 2794 852 2831; x_wconf 91' lang='grc'><strong>222</strong></span> <span class='ocrx_word' id='word_1_370' title='bbox 885 2792 964 2829; x_wconf 73' lang='lat' dir='ltr'><strong>nam</strong></span> <span class='ocrx_word' id='word_1_371' title='bbox 996 2793 1145 2829; x_wconf 79' lang='lat' dir='ltr'><strong>Nonius</strong></span> <span class='ocrx_word' id='word_1_372' title='bbox 1171 2804 1211 2838; x_wconf 80' lang='lat' dir='ltr'><strong>p.</strong></span> <span class='ocrx_word' id='word_1_373' title='bbox 1235 2795 1331 2842; x_wconf 77' lang='grc'>261,</span> <span class='ocrx_word' id='word_1_374' title='bbox 1362 2796 1422 2840; x_wconf 84' lang='grc'><strong>18,</strong></span> <span class='ocrx_word' id='word_1_375' title='bbox 1454 2807 1523 2832; x_wconf 81' lang='lat' dir='ltr'><strong>om.</strong></span> <span class='ocrx_word' id='word_1_376' title='bbox 1558 2796 1682 2832; x_wconf 78' lang='lat' dir='ltr'><em>Varro</em></span> 
     </span>
    </p>

    <p class='ocr_par' dir='ltr' id='par_1_17' title="bbox 151 2845 1683 2956">
     <span class='ocr_line' id='line_1_46' title="bbox 268 2845 1683 2899; baseline 0.004 -15"><span class='ocrx_word' id='word_1_377' title='bbox 268 2845 343 2899; x_wconf 75' lang='lat' dir='ltr'><strong>ter]</strong></span> <span class='ocrx_word' id='word_1_378' title='bbox 377 2854 411 2885; x_wconf 75' lang='lat' dir='ltr'><strong>te</strong></span> <span class='ocrx_word' id='word_1_379' title='bbox 444 2850 593 2888; x_wconf 79' lang='lat' dir='ltr'><strong>Nonius</strong></span> <span class='ocrx_word' id='word_1_380' title='bbox 616 2862 659 2898; x_wconf 85' lang='lat' dir='ltr'><strong>p.</strong></span> <span class='ocrx_word' id='word_1_381' title='bbox 693 2851 789 2898; x_wconf 83' lang='grc'>261,</span> <span class='ocrx_word' id='word_1_382' title='bbox 825 2853 874 2889; x_wconf 86' lang='grc'><strong>18</strong></span> <span class='ocrx_word' id='word_1_383' title='bbox 992 2846 1122 2899; x_wconf 75' lang='lat' dir='ltr'><strong>uitam]</strong></span> <span class='ocrx_word' id='word_1_384' title='bbox 1156 2847 1264 2886; x_wconf 77' lang='lat' dir='ltr'><strong>mulla</strong></span> <span class='ocrx_word' id='word_1_385' title='bbox 1309 2852 1451 2897; x_wconf 71' lang='lat' dir='ltr'><strong><em>Varro,</em></strong></span> <span class='ocrx_word' id='word_1_386' title='bbox 1484 2853 1596 2899; x_wconf 76' lang='lat' dir='ltr'><strong>idque</strong></span> <span class='ocrx_word' id='word_1_387' title='bbox 1627 2853 1683 2889; x_wconf 77' lang='lat' dir='ltr'><strong>his</strong></span> 
     </span>
     <span class='ocr_line' id='line_1_47' title="bbox 151 2906 1049 2956; baseline 0.002 -15"><span class='ocrx_word' id='word_1_388' title='bbox 151 2907 259 2952; x_wconf 78' lang='lat' dir='ltr'><strong>ponit</strong></span> <span class='ocrx_word' id='word_1_389' title='bbox 289 2907 397 2944; x_wconf 77' lang='lat' dir='ltr'><em>Goth.</em></span> <span class='ocrx_word' id='word_1_390' title='bbox 516 2906 597 2943; x_wconf 85' lang='lat'><strong>224</strong></span> <span class='ocrx_word' id='word_1_391' title='bbox 630 2908 698 2944; x_wconf 80' lang='lat' dir='ltr'><strong>hoc</strong></span> <span class='ocrx_word' id='word_1_392' title='bbox 726 2908 820 2945; x_wconf 84' lang='lat' dir='ltr'><strong>libri</strong></span> <span class='ocrx_word' id='word_1_393' title='bbox 845 2916 923 2956; x_wconf 68' lang='lat' dir='ltr'><strong>pra</strong></span> <span class='ocrx_word' id='word_1_394' title='bbox 950 2909 1049 2945; x_wconf 81' lang='lat' dir='ltr'><em>Rab.</em></span> 
     </span>
    </p>
   </div>
  </div>
 </body>
</html>
