<?xml version="1.0" encoding="UTF-8"?>
<!DOCTYPE html PUBLIC "-//W3C//DTD XHTML 1.0 Transitional//EN"
    "http://www.w3.org/TR/xhtml1/DTD/xhtml1-transitional.dtd">
<html xmlns="http://www.w3.org/1999/xhtml" xml:lang="en" lang="en">
 <head>
  <title>
</title>
<meta http-equiv="Content-Type" content="text/html;charset=utf-8" />
  <meta name='ocr-system' content='tesseract 3.04.00' />
  <meta name='ocr-capabilities' content='ocr_page ocr_carea ocr_par ocr_line ocrx_word'/>
</head>
<body>
  <div class='ocr_page' id='page_1' title='image "./romanorumpoes01ribbuoft_0158.png"; bbox 0 0 1942 3204; ppageno 0'>
   <div class='ocr_carea' id='block_1_1' title="bbox 229 184 1110 227">
    <p class='ocr_par' dir='ltr' id='par_1_1' title="bbox 229 184 1110 227">
     <span class='ocr_line' id='line_1_1' title="bbox 229 184 1110 227; baseline -0.011 -1"><span class='ocrx_word' id='word_1_1' title='bbox 229 184 282 226; x_wconf 87' lang='lat'><strong>74</strong></span> <span class='ocrx_word' id='word_1_2' title='bbox 865 186 908 227; x_wconf 79' lang='lat' dir='ltr'><strong>Q.</strong></span> <span class='ocrx_word' id='word_1_3' title='bbox 935 185 1110 218; x_wconf 69' lang='lat' dir='ltr'><strong>eumve</strong></span> 
     </span>
    </p>
   </div>
   <div class='ocr_carea' id='block_1_2' title="bbox 228 286 1570 422">
    <p class='ocr_par' dir='ltr' id='par_1_2' title="bbox 228 286 1570 422">
     <span class='ocr_line' id='line_1_2' title="bbox 867 286 1112 345; baseline -0.024 -14"><span class='ocrx_word' id='word_1_4' title='bbox 867 288 945 331; x_wconf 89' lang='lat' dir='ltr'><strong>LV</strong></span> <span class='ocrx_word' id='word_1_5' title='bbox 972 286 1112 345; x_wconf 89' lang='lat' dir='ltr'><strong>(LVII)</strong></span> 
     </span>
     <span class='ocr_line' id='line_1_3' title="bbox 228 365 1570 422; baseline 0 -13"><span class='ocrx_word' id='word_1_6' title='bbox 228 368 316 410; x_wconf 82' lang='lat'><strong>402</strong></span> <span class='ocrx_word' id='word_1_7' title='bbox 349 366 436 422; x_wconf 83' lang='lat' dir='ltr'><strong>Eu,</strong></span> <span class='ocrx_word' id='word_1_8' title='bbox 466 368 561 409; x_wconf 78' lang='lat' dir='ltr'><strong>mea</strong></span> <span class='ocrx_word' id='word_1_9' title='bbox 591 367 751 422; x_wconf 82' lang='lat' dir='ltr'><strong>puella,</strong></span> <span class='ocrx_word' id='word_1_10' title='bbox 783 382 804 407; x_wconf 83' lang='lat' dir='ltr'><strong>e</strong></span> <span class='ocrx_word' id='word_1_11' title='bbox 838 367 912 421; x_wconf 74' lang='lat' dir='ltr'><strong>spe</strong></span> <span class='ocrx_word' id='word_1_12' title='bbox 944 366 1115 421; x_wconf 88' lang='lat' dir='ltr'><strong>quidem</strong></span> <span class='ocrx_word' id='word_1_13' title='bbox 1145 366 1189 407; x_wconf 82' lang='lat' dir='ltr'><strong>id</strong></span> <span class='ocrx_word' id='word_1_14' title='bbox 1221 365 1424 409; x_wconf 70' lang='lat' dir='ltr'><strong>successit</strong></span> <span class='ocrx_word' id='word_1_15' title='bbox 1454 367 1570 410; x_wconf 72' lang='lat' dir='ltr'><strong>tibi.-</strong></span> 
     </span>
    </p>
   </div>
   <div class='ocr_carea' id='block_1_3' title="bbox 841 452 1131 511">
    <p class='ocr_par' dir='ltr' id='par_1_3' title="bbox 841 452 1131 511">
     <span class='ocr_line' id='line_1_4' title="bbox 841 452 1131 511; baseline -0.007 -15"><span class='ocrx_word' id='word_1_16' title='bbox 841 454 941 497; x_wconf 85' lang='lat' dir='ltr'><strong>LVI</strong></span> <span class='ocrx_word' id='word_1_17' title='bbox 972 452 1131 511; x_wconf 82' lang='lat' dir='ltr'><strong>(Lvm)</strong></span> 
     </span>
    </p>
   </div>
   <div class='ocr_carea' id='block_1_4' title="bbox 1006 530 1290 588">
    <p class='ocr_par' dir='ltr' id='par_1_4' title="bbox 1006 530 1290 588">
     <span class='ocr_line' id='line_1_5' title="bbox 1006 530 1290 588; baseline 0.004 -15"><span class='ocrx_word' id='word_1_18' title='bbox 1006 532 1101 574; x_wconf 82' lang='lat' dir='ltr'><strong>aeui</strong></span> <span class='ocrx_word' id='word_1_19' title='bbox 1132 530 1290 588; x_wconf 77' lang='lat' dir='ltr'><strong>integri</strong></span> 
     </span>
    </p>
   </div>
   <div class='ocr_carea' id='block_1_5' title="bbox 231 619 1130 896">
    <p class='ocr_par' dir='ltr' id='par_1_5' title="bbox 231 619 1130 896">
     <span class='ocr_line' id='line_1_6' title="bbox 851 619 1129 677; baseline -0.011 -14"><span class='ocrx_word' id='word_1_20' title='bbox 851 621 974 664; x_wconf 90' lang='lat' dir='ltr'><strong>LVII</strong></span> <span class='ocrx_word' id='word_1_21' title='bbox 1008 619 1129 677; x_wconf 75' lang='lat' dir='ltr'><strong>(LIX)</strong></span> 
     </span>
     <span class='ocr_line' id='line_1_7' title="bbox 348 697 1017 758; baseline -0.001 -17"><span class='ocrx_word' id='word_1_22' title='bbox 348 732 520 741; x_wconf 92' lang='grc'><strong>.....</strong></span> <span class='ocrx_word' id='word_1_23' title='bbox 553 700 693 755; x_wconf 66' lang='lat' dir='ltr'><strong>angue</strong></span> <span class='ocrx_word' id='word_1_24' title='bbox 724 697 871 758; x_wconf 78' lang='lat' dir='ltr'><strong>uilloss</strong></span> <span class='ocrx_word' id='word_1_25' title='bbox 901 699 1017 741; x_wconf 83' lang='lat' dir='ltr'><strong>canis</strong></span> 
     </span>
     <span class='ocr_line' id='line_1_8' title="bbox 538 774 1130 833; baseline 0.002 -15"><span class='ocrx_word' id='word_1_26' title='bbox 538 824 544 828; x_wconf 49' lang='grc'><strong>,</strong></span> <span class='ocrx_word' id='word_1_27' title='bbox 849 775 995 818; x_wconf 84' lang='lat' dir='ltr'><strong>LVIII</strong></span> <span class='ocrx_word' id='word_1_28' title='bbox 1027 774 1130 833; x_wconf 73' lang='lat' dir='ltr'><strong>(Lx)</strong></span> 
     </span>
     <span class='ocr_line' id='line_1_9' title="bbox 231 837 795 896; baseline -0.002 0"><span class='ocrx_word' id='word_1_29' title='bbox 231 853 317 896; x_wconf 81' lang='lat'><strong>405</strong></span> <span class='ocrx_word' id='word_1_30' title='bbox 349 837 507 895; x_wconf 71' lang='lat' dir='ltr'><strong>Versat</strong></span> <span class='ocrx_word' id='word_1_31' title='bbox 538 868 795 896; x_wconf 86' lang='lat' dir='ltr'><strong>mucronem.</strong></span> 
     </span>
    </p>
   </div>
   <div class='ocr_carea' id='block_1_6' title="bbox 863 929 1117 988">
    <p class='ocr_par' dir='ltr' id='par_1_6' title="bbox 863 929 1117 988">
     <span class='ocr_line' id='line_1_10' title="bbox 863 929 1117 988; baseline -0.02 -15"><span class='ocrx_word' id='word_1_32' title='bbox 863 930 961 973; x_wconf 90' lang='lat' dir='ltr'><strong>LIX</strong></span> <span class='ocrx_word' id='word_1_33' title='bbox 995 929 1117 988; x_wconf 85' lang='lat' dir='ltr'><strong>(LXI)</strong></span> 
     </span>
    </p>
   </div>
   <div class='ocr_carea' id='block_1_7' title="bbox 1039 1001 1556 1045">
    <p class='ocr_par' dir='ltr' id='par_1_7' title="bbox 1039 1001 1556 1045">
     <span class='ocr_line' id='line_1_11' title="bbox 1039 1001 1556 1045; baseline 0 -1"><span class='ocrx_word' id='word_1_34' title='bbox 1039 1020 1041 1022; x_wconf 94' lang='lat'>·</span> <span class='ocrx_word' id='word_1_35' title='bbox 1066 1002 1180 1045; x_wconf 75' lang='lat' dir='ltr'><strong>ferro</strong></span> <span class='ocrx_word' id='word_1_36' title='bbox 1211 1001 1378 1044; x_wconf 72' lang='lat' dir='ltr'><strong>foedati</strong></span> <span class='ocrx_word' id='word_1_37' title='bbox 1405 1002 1556 1044; x_wconf 78' lang='lat' dir='ltr'><strong>iacent.</strong></span> 
     </span>
    </p>
   </div>
   <div class='ocr_carea' id='block_1_8' title="bbox 226 1119 1778 2112">
    <p class='ocr_par' dir='ltr' id='par_1_8' title="bbox 226 1119 1778 2112">
     <span class='ocr_line' id='line_1_12' title="bbox 230 1119 1752 1163; baseline 0 -9"><span class='ocrx_word' id='word_1_38' title='bbox 230 1121 383 1155; x_wconf 78' lang='lat' dir='ltr'>dicere</span> <span class='ocrx_word' id='word_1_39' title='bbox 408 1122 519 1154; x_wconf 89' lang='lat' dir='ltr'><strong>enim</strong></span> <span class='ocrx_word' id='word_1_40' title='bbox 546 1122 676 1154; x_wconf 81' lang='lat' dir='ltr'><strong>aiunt</strong></span> <span class='ocrx_word' id='word_1_41' title='bbox 701 1121 887 1154; x_wconf 81' lang='lat' dir='ltr'><strong>Ennium</strong></span> <span class='ocrx_word' id='word_1_42' title='bbox 914 1120 1111 1154; x_wconf 87' lang='lat' dir='ltr'><strong>secundum</strong></span> <span class='ocrx_word' id='word_1_43' title='bbox 1136 1120 1248 1153; x_wconf 78' lang='lat' dir='ltr'><strong>libros</strong></span> <span class='ocrx_word' id='word_1_44' title='bbox 1273 1119 1394 1163; x_wconf 87' lang='lat' dir='ltr'><strong>uulgo.</strong></span> <span class='ocrx_word' id='word_1_45' title='bbox 1447 1119 1520 1153; x_wconf 82' lang='lat' dir='ltr'><strong>Sed</strong></span> <span class='ocrx_word' id='word_1_46' title='bbox 1544 1121 1583 1153; x_wconf 93' lang='lat' dir='ltr'><strong>in</strong></span> <span class='ocrx_word' id='word_1_47' title='bbox 1606 1119 1752 1154; x_wconf 86' lang='lat' dir='ltr'><strong>Abrinc.</strong></span> 
     </span>
     <span class='ocr_line' id='line_1_13' title="bbox 230 1165 1750 1208; baseline 0.001 -9"><span class='ocrx_word' id='word_1_48' title='bbox 230 1171 268 1200; x_wconf 89' lang='lat' dir='ltr'><strong>et</strong></span> <span class='ocrx_word' id='word_1_49' title='bbox 291 1166 366 1199; x_wconf 84' lang='lat' dir='ltr'><strong>Erl.</strong></span> <span class='ocrx_word' id='word_1_50' title='bbox 392 1178 413 1200; x_wconf 87' lang='lat' dir='ltr'><strong>a</strong></span> <span class='ocrx_word' id='word_1_51' title='bbox 438 1167 531 1200; x_wconf 83' lang='lat' dir='ltr'><strong>haec</strong></span> <span class='ocrx_word' id='word_1_52' title='bbox 556 1169 698 1199; x_wconf 84' lang='lat' dir='ltr'><strong>tantum</strong></span> <span class='ocrx_word' id='word_1_53' title='bbox 725 1169 870 1199; x_wconf 81' lang='lat' dir='ltr'>extant:</span> <span class='ocrx_word' id='word_1_54' title='bbox 909 1165 1064 1199; x_wconf 80' lang='lat' dir='ltr'><strong>dicere</strong></span> <span class='ocrx_word' id='word_1_55' title='bbox 1090 1167 1203 1199; x_wconf 89' lang='lat' dir='ltr'><strong>enim</strong></span> <span class='ocrx_word' id='word_1_56' title='bbox 1229 1169 1306 1198; x_wconf 85' lang='lat' dir='ltr'><strong>aut</strong></span> <span class='ocrx_word' id='word_1_57' title='bbox 1329 1167 1475 1208; x_wconf 83' lang='lat' dir='ltr'>pienti</span> <span class='ocrx_word' id='word_1_58' title='bbox 1503 1166 1694 1199; x_wconf 79' lang='lat' dir='ltr'><strong>facilius</strong></span> <span class='ocrx_word' id='word_1_59' title='bbox 1719 1178 1750 1201; x_wconf 85' lang='lat' dir='ltr'><strong>e.</strong></span> 
     </span>
     <span class='ocr_line' id='line_1_14' title="bbox 230 1211 1752 1255; baseline -0.001 -9"><span class='ocrx_word' id='word_1_60' title='bbox 230 1222 263 1254; x_wconf 93' lang='lat' dir='ltr'><strong>q.</strong></span> <span class='ocrx_word' id='word_1_61' title='bbox 282 1222 325 1253; x_wconf 85' lang='lat' dir='ltr'><strong>s.,</strong></span> <span class='ocrx_word' id='word_1_62' title='bbox 349 1212 422 1244; x_wconf 84' lang='lat' dir='ltr'><strong>nisi</strong></span> <span class='ocrx_word' id='word_1_63' title='bbox 447 1211 541 1255; x_wconf 85' lang='lat' dir='ltr'><strong>quod</strong></span> <span class='ocrx_word' id='word_1_64' title='bbox 567 1212 604 1244; x_wconf 90' lang='lat' dir='ltr'><strong>in</strong></span> <span class='ocrx_word' id='word_1_65' title='bbox 622 1211 697 1246; x_wconf 86' lang='lat' dir='ltr'><strong>Erl.</strong></span> <span class='ocrx_word' id='word_1_66' title='bbox 726 1213 858 1244; x_wconf 82' lang='lat' dir='ltr'><strong>aiunt</strong></span> <span class='ocrx_word' id='word_1_67' title='bbox 883 1212 1171 1254; x_wconf 86' lang='lat' dir='ltr'><strong>suprascriptum</strong></span> <span class='ocrx_word' id='word_1_68' title='bbox 1194 1221 1304 1254; x_wconf 86' lang='lat' dir='ltr'><strong>supra</strong></span> <span class='ocrx_word' id='word_1_69' title='bbox 1329 1214 1404 1243; x_wconf 82' lang='lat' dir='ltr'><strong>aut</strong></span> <span class='ocrx_word' id='word_1_70' title='bbox 1428 1211 1574 1254; x_wconf 87' lang='lat' dir='ltr'><strong>legitur.</strong></span> <span class='ocrx_word' id='word_1_71' title='bbox 1601 1211 1752 1244; x_wconf 87' lang='lat' dir='ltr'><strong>dicere</strong></span> 
     </span>
     <span class='ocr_line' id='line_1_15' title="bbox 230 1256 1752 1299; baseline 0 -10"><span class='ocrx_word' id='word_1_72' title='bbox 230 1258 359 1290; x_wconf 84' lang='lat' dir='ltr'><strong>aiunt</strong></span> <span class='ocrx_word' id='word_1_73' title='bbox 383 1258 573 1290; x_wconf 90' lang='lat' dir='ltr'><strong>Ennium</strong></span> <span class='ocrx_word' id='word_1_74' title='bbox 599 1257 752 1290; x_wconf 82' lang='lat' dir='ltr'><strong>inclusis</strong></span> <span class='ocrx_word' id='word_1_75' title='bbox 770 1257 904 1290; x_wconf 87' lang='lat' dir='ltr'><strong>ceteris</strong></span> <span class='ocrx_word' id='word_1_76' title='bbox 922 1256 1137 1299; x_wconf 83' lang='lat' dir='ltr'><strong>Kayserus.)</strong></span> <span class='ocrx_word' id='word_1_77' title='bbox 1169 1257 1309 1289; x_wconf 85' lang='lat' dir='ltr'><strong>Imitati</strong></span> <span class='ocrx_word' id='word_1_78' title='bbox 1326 1261 1410 1288; x_wconf 85' lang='lat' dir='ltr'><strong>sunt</strong></span> <span class='ocrx_word' id='word_1_79' title='bbox 1425 1257 1620 1289; x_wconf 76' lang='lat' dir='ltr'><strong>Petronius</strong></span> <span class='ocrx_word' id='word_1_80' title='bbox 1637 1267 1670 1299; x_wconf 89' lang='lat' dir='ltr'><strong>p.</strong></span> <span class='ocrx_word' id='word_1_81' title='bbox 1687 1258 1752 1289; x_wconf 81' lang='lat'><strong>216</strong></span> 
     </span>
     <span class='ocr_line' id='line_1_16' title="bbox 228 1302 1752 1344; baseline 0 -10"><span class='ocrx_word' id='word_1_82' title='bbox 228 1303 270 1338; x_wconf 87' lang='lat' dir='ltr'><strong>B.</strong></span> <span class='ocrx_word' id='word_1_83' title='bbox 292 1302 446 1344; x_wconf 88' lang='lat' dir='ltr'><strong>(anthol.</strong></span> <span class='ocrx_word' id='word_1_84' title='bbox 471 1304 552 1335; x_wconf 81' lang='lat' dir='ltr'><strong>Lat.</strong></span> <span class='ocrx_word' id='word_1_85' title='bbox 571 1302 587 1334; x_wconf 90' lang='grc' dir='ltr'><strong>Ι</strong></span> <span class='ocrx_word' id='word_1_86' title='bbox 612 1303 728 1335; x_wconf 82' lang='grc' dir='ltr'>η.476</span> <span class='ocrx_word' id='word_1_87' title='bbox 746 1302 803 1342; x_wconf 86' lang='lat' dir='ltr'><strong>R.)</strong></span> <span class='ocrx_word' id='word_1_88' title='bbox 829 1302 866 1334; x_wconf 91' lang='lat' dir='ltr'><strong>in</strong></span> <span class='ocrx_word' id='word_1_89' title='bbox 892 1302 1073 1335; x_wconf 82' lang='lat' dir='ltr'><strong>carmine:</strong></span> <span class='ocrx_word' id='word_1_90' title='bbox 1099 1305 1219 1335; x_wconf 74' lang='lat' dir='ltr'><strong>‘nam</strong></span> <span class='ocrx_word' id='word_1_91' title='bbox 1245 1302 1385 1335; x_wconf 84' lang='lat' dir='ltr'><strong>citius</strong></span> <span class='ocrx_word' id='word_1_92' title='bbox 1410 1302 1619 1334; x_wconf 83' lang='lat' dir='ltr'><strong>flammas</strong></span> <span class='ocrx_word' id='word_1_93' title='bbox 1646 1312 1752 1334; x_wconf 85' lang='lat' dir='ltr'><strong>mor-</strong></span> 
     </span>
     <span class='ocr_line' id='line_1_17' title="bbox 229 1346 1750 1390; baseline -0.001 -10"><span class='ocrx_word' id='word_1_94' title='bbox 229 1348 347 1381; x_wconf 81' lang='lat' dir='ltr'><strong>tales</strong></span> <span class='ocrx_word' id='word_1_95' title='bbox 373 1358 446 1381; x_wconf 91' lang='lat' dir='ltr'><strong>ore</strong></span> <span class='ocrx_word' id='word_1_96' title='bbox 472 1347 691 1381; x_wconf 86' lang='lat' dir='ltr'><strong>tenebunt</strong></span> <span class='ocrx_word' id='word_1_97' title='bbox 717 1349 851 1389; x_wconf 82' lang='lat' dir='ltr'><strong>Quam</strong></span> <span class='ocrx_word' id='word_1_98' title='bbox 877 1350 1022 1380; x_wconf 84' lang='lat' dir='ltr'><strong>secreta</strong></span> <span class='ocrx_word' id='word_1_99' title='bbox 1045 1349 1203 1390; x_wconf 87' lang='lat' dir='ltr'><strong>tegant,’</strong></span> <span class='ocrx_word' id='word_1_100' title='bbox 1229 1350 1267 1380; x_wconf 90' lang='lat' dir='ltr'><strong>et</strong></span> <span class='ocrx_word' id='word_1_101' title='bbox 1284 1346 1522 1389; x_wconf 80' lang='lat' dir='ltr'><strong>Symmachus</strong></span> <span class='ocrx_word' id='word_1_102' title='bbox 1550 1348 1656 1390; x_wconf 82' lang='lat' dir='ltr'><strong>epist.</strong></span> <span class='ocrx_word' id='word_1_103' title='bbox 1676 1348 1750 1380; x_wconf 83' lang='lat'><strong>131</strong></span> 
     </span>
     <span class='ocr_line' id='line_1_18' title="bbox 229 1392 1752 1435; baseline -0.001 -9"><span class='ocrx_word' id='word_1_104' title='bbox 229 1397 341 1426; x_wconf 82' lang='lat' dir='ltr'><strong>‘nam</strong></span> <span class='ocrx_word' id='word_1_105' title='bbox 367 1392 561 1426; x_wconf 82' lang='lat' dir='ltr'><strong>facilius</strong></span> <span class='ocrx_word' id='word_1_106' title='bbox 587 1396 658 1426; x_wconf 88' lang='lat' dir='ltr'><strong>est</strong></span> <span class='ocrx_word' id='word_1_107' title='bbox 676 1392 887 1426; x_wconf 82' lang='lat' dir='ltr'><strong>ardentes</strong></span> <span class='ocrx_word' id='word_1_108' title='bbox 915 1392 1106 1426; x_wconf 84' lang='lat' dir='ltr'><strong>fauillas</strong></span> <span class='ocrx_word' id='word_1_109' title='bbox 1131 1403 1205 1425; x_wconf 91' lang='lat' dir='ltr'><strong>ore</strong></span> <span class='ocrx_word' id='word_1_110' title='bbox 1232 1393 1525 1435; x_wconf 84' lang='lat' dir='ltr'><strong>comprimere</strong></span> <span class='ocrx_word' id='word_1_111' title='bbox 1552 1392 1752 1434; x_wconf 79' lang='lat' dir='ltr'><strong>quamiu-</strong></span> 
     </span>
     <span class='ocr_line' id='line_1_19' title="bbox 228 1437 1753 1482; baseline -0.001 -11"><span class='ocrx_word' id='word_1_112' title='bbox 228 1438 365 1471; x_wconf 87' lang='lat' dir='ltr'><strong>culenti</strong></span> <span class='ocrx_word' id='word_1_113' title='bbox 394 1439 518 1482; x_wconf 86' lang='lat' dir='ltr'><strong>operis</strong></span> <span class='ocrx_word' id='word_1_114' title='bbox 547 1448 692 1472; x_wconf 87' lang='lat' dir='ltr'><strong>seruare</strong></span> <span class='ocrx_word' id='word_1_115' title='bbox 723 1441 932 1471; x_wconf 83' lang='lat' dir='ltr'><strong>secretum.’</strong></span> <span class='ocrx_word' id='word_1_116' title='bbox 1048 1438 1132 1471; x_wconf 89' lang='lat' dir='ltr'><strong>LIV</strong></span> <span class='ocrx_word' id='word_1_117' title='bbox 1155 1437 1262 1470; x_wconf 86' lang='lat' dir='ltr'><strong>Rhet.</strong></span> <span class='ocrx_word' id='word_1_118' title='bbox 1290 1437 1337 1470; x_wconf 85' lang='lat' dir='ltr'><strong>ad</strong></span> <span class='ocrx_word' id='word_1_119' title='bbox 1362 1438 1521 1471; x_wconf 87' lang='lat' dir='ltr'><strong>Herenn.</strong></span> <span class='ocrx_word' id='word_1_120' title='bbox 1547 1437 1599 1470; x_wconf 90' lang='lat' dir='ltr'><strong>IV</strong></span> <span class='ocrx_word' id='word_1_121' title='bbox 1625 1438 1684 1479; x_wconf 81' lang='lat'><strong>12,</strong></span> <span class='ocrx_word' id='word_1_122' title='bbox 1713 1438 1753 1469; x_wconf 88' lang='lat'><strong>18</strong></span> 
     </span>
     <span class='ocr_line' id='line_1_20' title="bbox 230 1482 1754 1524; baseline -0.002 -7"><span class='ocrx_word' id='word_1_123' title='bbox 230 1486 288 1517; x_wconf 86' lang='lat' dir='ltr'><strong>‘et</strong></span> <span class='ocrx_word' id='word_1_124' title='bbox 312 1484 343 1517; x_wconf 91' lang='lat' dir='ltr'><strong>si</strong></span> <span class='ocrx_word' id='word_1_125' title='bbox 366 1483 563 1517; x_wconf 85' lang='lat' dir='ltr'><strong>uitabimus</strong></span> <span class='ocrx_word' id='word_1_126' title='bbox 588 1483 750 1516; x_wconf 87' lang='lat' dir='ltr'><strong>eiusdem</strong></span> <span class='ocrx_word' id='word_1_127' title='bbox 774 1483 924 1516; x_wconf 79' lang='lat' dir='ltr'><strong>litterae</strong></span> <span class='ocrx_word' id='word_1_128' title='bbox 949 1484 1098 1516; x_wconf 77' lang='lat' dir='ltr'><strong>nimiam</strong></span> <span class='ocrx_word' id='word_1_129' title='bbox 1122 1483 1395 1524; x_wconf 81' lang='lat' dir='ltr'><strong>assiduitatem,</strong></span> <span class='ocrx_word' id='word_1_130' title='bbox 1427 1484 1486 1515; x_wconf 88' lang='lat' dir='ltr'><strong>cui</strong></span> <span class='ocrx_word' id='word_1_131' title='bbox 1509 1482 1602 1515; x_wconf 82' lang='lat' dir='ltr'><strong>uitio</strong></span> <span class='ocrx_word' id='word_1_132' title='bbox 1626 1492 1754 1515; x_wconf 88' lang='lat' dir='ltr'><strong>uersus</strong></span> 
     </span>
     <span class='ocr_line' id='line_1_21' title="bbox 228 1527 1778 1572; baseline 0.001 -11"><span class='ocrx_word' id='word_1_133' title='bbox 228 1529 289 1561; x_wconf 89' lang='lat' dir='ltr'><strong>hic</strong></span> <span class='ocrx_word' id='word_1_134' title='bbox 313 1530 386 1562; x_wconf 88' lang='lat' dir='ltr'><strong>erit</strong></span> <span class='ocrx_word' id='word_1_135' title='bbox 411 1528 576 1572; x_wconf 83' lang='lat' dir='ltr'><strong>exemplo</strong></span> <span class='ocrx_word' id='word_1_136' title='bbox 603 1529 702 1570; x_wconf 85' lang='lat' dir='ltr'><strong>(nam</strong></span> <span class='ocrx_word' id='word_1_137' title='bbox 726 1528 786 1562; x_wconf 89' lang='lat' dir='ltr'><strong>hic</strong></span> <span class='ocrx_word' id='word_1_138' title='bbox 811 1528 904 1561; x_wconf 89' lang='lat' dir='ltr'><strong>nihil</strong></span> <span class='ocrx_word' id='word_1_139' title='bbox 929 1528 1099 1572; x_wconf 88' lang='lat' dir='ltr'><strong>prohibet</strong></span> <span class='ocrx_word' id='word_1_140' title='bbox 1123 1529 1161 1561; x_wconf 84' lang='lat' dir='ltr'><strong>in</strong></span> <span class='ocrx_word' id='word_1_141' title='bbox 1185 1529 1288 1561; x_wconf 87' lang='lat' dir='ltr'><strong>uitiis</strong></span> <span class='ocrx_word' id='word_1_142' title='bbox 1314 1528 1443 1560; x_wconf 81' lang='lat' dir='ltr'><strong>alienis</strong></span> <span class='ocrx_word' id='word_1_143' title='bbox 1468 1527 1644 1570; x_wconf 86' lang='lat' dir='ltr'><strong>exemplis</strong></span> <span class='ocrx_word' id='word_1_144' title='bbox 1667 1527 1752 1569; x_wconf 83' lang='lat' dir='ltr'><strong>uti):</strong></span> <span class='ocrx_word' id='word_1_145' title='bbox 1774 1558 1778 1562; x_wconf 81' lang='grc'><strong>.</strong></span> 
     </span>
     <span class='ocr_line' id='line_1_22' title="bbox 229 1570 1754 1618; baseline -0.001 -11"><span class='ocrx_word' id='word_1_146' title='bbox 229 1585 249 1607; x_wconf 92' lang='grc' dir='ltr'>ο</span> <span class='ocrx_word' id='word_1_147' title='bbox 274 1575 379 1607; x_wconf 86' lang='lat' dir='ltr'><strong>Tite&#39;</strong></span> <span class='ocrx_word' id='word_1_148' title='bbox 407 1585 437 1608; x_wconf 89' lang='lat' dir='ltr'><strong>e.</strong></span> <span class='ocrx_word' id='word_1_149' title='bbox 466 1585 499 1618; x_wconf 92' lang='lat' dir='ltr'><strong>q.</strong></span> <span class='ocrx_word' id='word_1_150' title='bbox 525 1585 552 1607; x_wconf 90' lang='lat' dir='ltr'><strong>s.</strong></span> <span class='ocrx_word' id='word_1_151' title='bbox 589 1570 659 1607; x_wconf 59' lang='lat' dir='ltr'><strong>&#39;‘et</strong></span> <span class='ocrx_word' id='word_1_152' title='bbox 682 1574 743 1607; x_wconf 89' lang='lat' dir='ltr'><strong>hic</strong></span> <span class='ocrx_word' id='word_1_153' title='bbox 768 1574 932 1607; x_wconf 89' lang='lat' dir='ltr'><strong>eiusdem</strong></span> <span class='ocrx_word' id='word_1_154' title='bbox 955 1577 1090 1617; x_wconf 78' lang='lat' dir='ltr'><strong>poetae</strong></span> <span class='ocrx_word' id='word_1_155' title='bbox 1114 1599 1145 1607; x_wconf 87' lang='lat'><strong>..</strong></span> <span class='ocrx_word' id='word_1_156' title='bbox 1161 1576 1188 1607; x_wconf 90' lang='lat'><strong>.’</strong></span> <span class='ocrx_word' id='word_1_157' title='bbox 1227 1573 1270 1606; x_wconf 92' lang='lat' dir='ltr'><strong>In</strong></span> <span class='ocrx_word' id='word_1_158' title='bbox 1299 1574 1429 1612; x_wconf 82' lang='lat' dir='ltr'><strong>satira,</strong></span> <span class='ocrx_word' id='word_1_159' title='bbox 1455 1583 1527 1606; x_wconf 88' lang='lat' dir='ltr'><strong>non</strong></span> <span class='ocrx_word' id='word_1_160' title='bbox 1551 1573 1589 1606; x_wconf 89' lang='lat' dir='ltr'><strong>in</strong></span> <span class='ocrx_word' id='word_1_161' title='bbox 1614 1576 1754 1616; x_wconf 75' lang='lat' dir='ltr'><strong>tragoe-</strong></span> 
     </span>
     <span class='ocr_line' id='line_1_23' title="bbox 228 1618 1754 1663; baseline -0.001 -11"><span class='ocrx_word' id='word_1_162' title='bbox 228 1619 290 1652; x_wconf 86' lang='lat' dir='ltr'><strong>dia</strong></span> <span class='ocrx_word' id='word_1_163' title='bbox 314 1623 463 1663; x_wconf 83' lang='lat' dir='ltr'><strong>poetam</strong></span> <span class='ocrx_word' id='word_1_164' title='bbox 487 1620 581 1652; x_wconf 88' lang='lat' dir='ltr'><strong>haec</strong></span> <span class='ocrx_word' id='word_1_165' title='bbox 603 1619 737 1652; x_wconf 82' lang='lat' dir='ltr'><strong>lusisse</strong></span> <span class='ocrx_word' id='word_1_166' title='bbox 762 1623 861 1662; x_wconf 88' lang='lat' dir='ltr'><strong>puto.</strong></span> <span class='ocrx_word' id='word_1_167' title='bbox 961 1620 1026 1653; x_wconf 87' lang='lat' dir='ltr'><strong>LV</strong></span> <span class='ocrx_word' id='word_1_168' title='bbox 1051 1621 1166 1653; x_wconf 84' lang='lat' dir='ltr'><strong>Varro</strong></span> <span class='ocrx_word' id='word_1_169' title='bbox 1192 1618 1236 1652; x_wconf 90' lang='lat' dir='ltr'><strong>de</strong></span> <span class='ocrx_word' id='word_1_170' title='bbox 1260 1618 1283 1653; x_wconf 97' lang='lat' dir='ltr'><strong>l.</strong></span> <span class='ocrx_word' id='word_1_171' title='bbox 1310 1619 1353 1652; x_wconf 87' lang='lat' dir='ltr'><strong>L.</strong></span> <span class='ocrx_word' id='word_1_172' title='bbox 1379 1619 1450 1652; x_wconf 93' lang='lat' dir='ltr'><strong>VII</strong></span> <span class='ocrx_word' id='word_1_173' title='bbox 1474 1620 1517 1652; x_wconf 83' lang='lat'><strong>93</strong></span> <span class='ocrx_word' id='word_1_174' title='bbox 1542 1619 1591 1652; x_wconf 88' lang='lat' dir='ltr'><strong>M.</strong></span> <span class='ocrx_word' id='word_1_175' title='bbox 1618 1621 1754 1651; x_wconf 79' lang='lat' dir='ltr'><strong>‘euax</strong></span> 
     </span>
     <span class='ocr_line' id='line_1_24' title="bbox 226 1663 1752 1707; baseline -0.001 -10"><span class='ocrx_word' id='word_1_176' title='bbox 226 1666 378 1698; x_wconf 89' lang='lat' dir='ltr'><strong>uerbum</strong></span> <span class='ocrx_word' id='word_1_177' title='bbox 403 1664 496 1698; x_wconf 90' lang='lat' dir='ltr'><strong>nihil</strong></span> <span class='ocrx_word' id='word_1_178' title='bbox 520 1664 721 1707; x_wconf 82' lang='lat' dir='ltr'><strong>significat,</strong></span> <span class='ocrx_word' id='word_1_179' title='bbox 747 1665 810 1698; x_wconf 86' lang='lat' dir='ltr'><strong>sed</strong></span> <span class='ocrx_word' id='word_1_180' title='bbox 836 1664 1034 1698; x_wconf 87' lang='lat' dir='ltr'><strong>effutitium</strong></span> <span class='ocrx_word' id='word_1_181' title='bbox 1058 1665 1281 1697; x_wconf 85' lang='lat' dir='ltr'><strong>naturaliter</strong></span> <span class='ocrx_word' id='word_1_182' title='bbox 1306 1667 1378 1703; x_wconf 82' lang='lat' dir='ltr'><strong>est,</strong></span> <span class='ocrx_word' id='word_1_183' title='bbox 1410 1667 1450 1696; x_wconf 89' lang='lat' dir='ltr'><strong>ut</strong></span> <span class='ocrx_word' id='word_1_184' title='bbox 1476 1663 1572 1706; x_wconf 89' lang='lat' dir='ltr'><strong>apud</strong></span> <span class='ocrx_word' id='word_1_185' title='bbox 1597 1664 1752 1696; x_wconf 86' lang='lat' dir='ltr'><strong>Ennium</strong></span> 
     </span>
     <span class='ocr_line' id='line_1_25' title="bbox 228 1709 1753 1754; baseline -0.001 -11"><span class='ocrx_word' id='word_1_186' title='bbox 228 1709 348 1754; x_wconf 89' lang='lat' dir='ltr'><strong>[VIII]</strong></span> <span class='ocrx_word' id='word_1_187' title='bbox 366 1710 474 1754; x_wconf 64' lang='lat' dir='ltr'><strong>&gt;apud</strong></span> <span class='ocrx_word' id='word_1_188' title='bbox 497 1711 672 1743; x_wconf 84' lang='lat' dir='ltr'><strong>Ennium:</strong></span> <span class='ocrx_word' id='word_1_189' title='bbox 700 1720 758 1752; x_wconf 87' lang='lat' dir='ltr'><strong>eu,</strong></span> <span class='ocrx_word' id='word_1_190' title='bbox 784 1721 865 1743; x_wconf 85' lang='lat' dir='ltr'><strong>mea</strong></span> <span class='ocrx_word' id='word_1_191' title='bbox 890 1712 939 1753; x_wconf 89' lang='lat' dir='ltr'><strong>p.&#39;</strong></span> <span class='ocrx_word' id='word_1_192' title='bbox 965 1720 994 1746; x_wconf 83' lang='lat' dir='ltr'><strong>e.</strong></span> <span class='ocrx_word' id='word_1_193' title='bbox 1012 1720 1046 1753; x_wconf 86' lang='lat' dir='ltr'><strong>q.</strong></span> <span class='ocrx_word' id='word_1_194' title='bbox 1067 1720 1094 1742; x_wconf 88' lang='lat' dir='ltr'><strong>s.</strong></span> <span class='ocrx_word' id='word_1_195' title='bbox 1121 1709 1234 1752; x_wconf 82' lang='lat' dir='ltr'><strong>‘apud</strong></span> <span class='ocrx_word' id='word_1_196' title='bbox 1259 1709 1496 1752; x_wconf 88' lang='lat' dir='ltr'><strong>Pompilium:</strong></span> <span class='ocrx_word' id='word_1_197' title='bbox 1520 1709 1606 1741; x_wconf 88' lang='lat' dir='ltr'><strong>heu&#39;</strong></span> <span class='ocrx_word' id='word_1_198' title='bbox 1625 1719 1654 1742; x_wconf 90' lang='lat' dir='ltr'><strong>e.</strong></span> <span class='ocrx_word' id='word_1_199' title='bbox 1673 1718 1706 1752; x_wconf 86' lang='lat' dir='ltr'><strong>q.</strong></span> <span class='ocrx_word' id='word_1_200' title='bbox 1725 1719 1753 1741; x_wconf 88' lang='lat' dir='ltr'><strong>s.</strong></span> 
     </span>
     <span class='ocr_line' id='line_1_26' title="bbox 229 1754 1751 1798; baseline -0.001 -10"><span class='ocrx_word' id='word_1_201' title='bbox 229 1756 456 1797; x_wconf 82' lang='lat' dir='ltr'><strong>(Naeuium</strong></span> <span class='ocrx_word' id='word_1_202' title='bbox 487 1756 565 1789; x_wconf 90' lang='lat' dir='ltr'><strong>cod.</strong></span> <span class='ocrx_word' id='word_1_203' title='bbox 591 1754 635 1798; x_wconf 89' lang='lat' dir='ltr'><strong>B)</strong></span> <span class='ocrx_word' id='word_1_204' title='bbox 751 1756 835 1788; x_wconf 90' lang='lat' dir='ltr'><strong>LVI</strong></span> <span class='ocrx_word' id='word_1_205' title='bbox 859 1756 1008 1789; x_wconf 85' lang='lat' dir='ltr'><strong>Seruius</strong></span> <span class='ocrx_word' id='word_1_206' title='bbox 1038 1756 1075 1788; x_wconf 89' lang='lat' dir='ltr'><strong>in</strong></span> <span class='ocrx_word' id='word_1_207' title='bbox 1100 1755 1188 1788; x_wconf 88' lang='lat' dir='ltr'><strong>Aen.</strong></span> <span class='ocrx_word' id='word_1_208' title='bbox 1213 1754 1264 1787; x_wconf 92' lang='lat' dir='ltr'><strong>IX</strong></span> <span class='ocrx_word' id='word_1_209' title='bbox 1295 1756 1361 1788; x_wconf 83' lang='lat'><strong>255</strong></span> <span class='ocrx_word' id='word_1_210' title='bbox 1392 1755 1597 1797; x_wconf 84' lang='lat' dir='ltr'><strong>‘integer</strong></span> <span class='ocrx_word' id='word_1_211' title='bbox 1629 1754 1751 1794; x_wconf 82' lang='lat' dir='ltr'><strong>aeui,</strong></span> 
     </span>
     <span class='ocr_line' id='line_1_27' title="bbox 228 1799 1751 1843; baseline -0.001 -10"><span class='ocrx_word' id='word_1_212' title='bbox 228 1802 365 1843; x_wconf 87' lang='lat' dir='ltr'><strong>integri</strong></span> <span class='ocrx_word' id='word_1_213' title='bbox 397 1801 499 1843; x_wconf 88' lang='lat' dir='ltr'><strong>aeui,</strong></span> <span class='ocrx_word' id='word_1_214' title='bbox 530 1803 554 1835; x_wconf 91' lang='lat' dir='ltr'><strong>i.</strong></span> <span class='ocrx_word' id='word_1_215' title='bbox 581 1813 611 1836; x_wconf 86' lang='lat' dir='ltr'><strong>e.</strong></span> <span class='ocrx_word' id='word_1_216' title='bbox 639 1800 869 1839; x_wconf 84' lang='lat' dir='ltr'><strong>adulescens,</strong></span> <span class='ocrx_word' id='word_1_217' title='bbox 900 1802 958 1833; x_wconf 89' lang='lat' dir='ltr'><strong>cui</strong></span> <span class='ocrx_word' id='word_1_218' title='bbox 991 1804 1095 1833; x_wconf 82' lang='lat' dir='ltr'><strong>aetas</strong></span> <span class='ocrx_word' id='word_1_219' title='bbox 1127 1800 1273 1842; x_wconf 81' lang='lat' dir='ltr'><strong>integra</strong></span> <span class='ocrx_word' id='word_1_220' title='bbox 1305 1803 1485 1842; x_wconf 86' lang='lat' dir='ltr'><strong>superest.</strong></span> <span class='ocrx_word' id='word_1_221' title='bbox 1535 1799 1639 1831; x_wconf 89' lang='lat' dir='ltr'><strong>Vnde</strong></span> <span class='ocrx_word' id='word_1_222' title='bbox 1664 1800 1751 1832; x_wconf 85' lang='lat' dir='ltr'><strong>En·</strong></span> 
     </span>
     <span class='ocr_line' id='line_1_28' title="bbox 229 1844 1645 1888; baseline -0.002 -9"><span class='ocrx_word' id='word_1_223' title='bbox 229 1847 332 1879; x_wconf 88' lang='lat' dir='ltr'><strong>nius</strong></span> <span class='ocrx_word' id='word_1_224' title='bbox 357 1847 464 1880; x_wconf 87' lang='lat' dir='ltr'><strong>deos</strong></span> <span class='ocrx_word' id='word_1_225' title='bbox 490 1846 593 1879; x_wconf 88' lang='lat' dir='ltr'><strong>aeui</strong></span> <span class='ocrx_word' id='word_1_226' title='bbox 617 1847 824 1888; x_wconf 86' lang='lat' dir='ltr'><strong>integros</strong></span> <span class='ocrx_word' id='word_1_227' title='bbox 848 1846 981 1886; x_wconf 87' lang='lat' dir='ltr'><strong>dicit,</strong></span> <span class='ocrx_word' id='word_1_228' title='bbox 1008 1846 1140 1888; x_wconf 86' lang='lat' dir='ltr'><strong>quibus</strong></span> <span class='ocrx_word' id='word_1_229' title='bbox 1164 1844 1316 1882; x_wconf 86' lang='lat' dir='ltr'><strong>multum</strong></span> <span class='ocrx_word' id='word_1_230' title='bbox 1340 1845 1424 1877; x_wconf 86' lang='lat' dir='ltr'><strong>aeui</strong></span> <span class='ocrx_word' id='word_1_231' title='bbox 1448 1847 1645 1887; x_wconf 61' lang='lat' dir='ltr'><strong>superest!</strong></span> 
     </span>
     <span class='ocr_line' id='line_1_29' title="bbox 230 1888 1754 1933; baseline -0.002 -9"><span class='ocrx_word' id='word_1_232' title='bbox 230 1892 332 1925; x_wconf 89' lang='lat' dir='ltr'><strong>LVII</strong></span> <span class='ocrx_word' id='word_1_233' title='bbox 356 1892 452 1925; x_wconf 89' lang='lat' dir='ltr'><strong>Acro</strong></span> <span class='ocrx_word' id='word_1_234' title='bbox 484 1892 520 1923; x_wconf 91' lang='lat' dir='ltr'><strong>in</strong></span> <span class='ocrx_word' id='word_1_235' title='bbox 551 1892 639 1924; x_wconf 88' lang='lat' dir='ltr'><strong>Hor.</strong></span> <span class='ocrx_word' id='word_1_236' title='bbox 666 1890 783 1924; x_wconf 85' lang='lat' dir='ltr'><strong>Carm.</strong></span> <span class='ocrx_word' id='word_1_237' title='bbox 814 1892 870 1925; x_wconf 88' lang='lat'><strong>111</strong></span> <span class='ocrx_word' id='word_1_238' title='bbox 897 1892 954 1929; x_wconf 84' lang='lat'><strong>11,</strong></span> <span class='ocrx_word' id='word_1_239' title='bbox 982 1892 1022 1923; x_wconf 85' lang='lat'><strong>18</strong></span> <span class='ocrx_word' id='word_1_240' title='bbox 1054 1890 1242 1924; x_wconf 83' lang='lat' dir='ltr'><strong>‘muniant</strong></span> <span class='ocrx_word' id='word_1_241' title='bbox 1275 1900 1413 1933; x_wconf 83' lang='lat' dir='ltr'><strong>angues</strong></span> <span class='ocrx_word' id='word_1_242' title='bbox 1444 1892 1554 1932; x_wconf 85' lang='lat' dir='ltr'><strong>caput</strong></span> <span class='ocrx_word' id='word_1_243' title='bbox 1586 1888 1680 1931; x_wconf 86' lang='lat' dir='ltr'><strong>eius]</strong></span> <span class='ocrx_word' id='word_1_244' title='bbox 1714 1892 1754 1922; x_wconf 85' lang='lat' dir='ltr'><strong>ut</strong></span> 
     </span>
     <span class='ocr_line' id='line_1_30' title="bbox 228 1935 1753 1979; baseline -0.003 -9"><span class='ocrx_word' id='word_1_245' title='bbox 228 1938 284 1970; x_wconf 80' lang='lat' dir='ltr'><strong>ait</strong></span> <span class='ocrx_word' id='word_1_246' title='bbox 317 1937 476 1969; x_wconf 87' lang='lat' dir='ltr'><strong>Ennius:</strong></span> <span class='ocrx_word' id='word_1_247' title='bbox 509 1947 628 1979; x_wconf 86' lang='lat' dir='ltr'><strong>angue</strong></span> <span class='ocrx_word' id='word_1_248' title='bbox 659 1947 693 1969; x_wconf 90' lang='lat' dir='ltr'><strong>u.</strong></span> <span class='ocrx_word' id='word_1_249' title='bbox 723 1939 768 1970; x_wconf 87' lang='lat' dir='ltr'><strong>c.&#39;</strong></span> <span class='ocrx_word' id='word_1_250' title='bbox 861 1936 983 1969; x_wconf 89' lang='lat' dir='ltr'><strong>LVIII</strong></span> <span class='ocrx_word' id='word_1_251' title='bbox 1017 1935 1164 1969; x_wconf 85' lang='lat' dir='ltr'><strong>Seruius</strong></span> <span class='ocrx_word' id='word_1_252' title='bbox 1193 1936 1231 1968; x_wconf 89' lang='lat' dir='ltr'><strong>in</strong></span> <span class='ocrx_word' id='word_1_253' title='bbox 1260 1935 1351 1969; x_wconf 90' lang='lat' dir='ltr'><strong>Aen.</strong></span> <span class='ocrx_word' id='word_1_254' title='bbox 1378 1935 1430 1968; x_wconf 92' lang='lat' dir='ltr'><strong>IX</strong></span> <span class='ocrx_word' id='word_1_255' title='bbox 1461 1935 1527 1968; x_wconf 81' lang='grc'><strong>748</strong></span> <span class='ocrx_word' id='word_1_256' title='bbox 1559 1938 1753 1976; x_wconf 81' lang='lat' dir='ltr'><strong>‘uersat‚</strong></span> 
     </span>
     <span class='ocr_line' id='line_1_31' title="bbox 230 1978 1755 2023; baseline -0.002 -9"><span class='ocrx_word' id='word_1_257' title='bbox 230 1981 360 2023; x_wconf 85' lang='lat' dir='ltr'><strong>librat,</strong></span> <span class='ocrx_word' id='word_1_258' title='bbox 387 1983 524 2014; x_wconf 81' lang='lat' dir='ltr'><strong>iactat:</strong></span> <span class='ocrx_word' id='word_1_259' title='bbox 558 1984 595 2014; x_wconf 83' lang='lat' dir='ltr'><strong>et</strong></span> <span class='ocrx_word' id='word_1_260' title='bbox 621 1985 677 2014; x_wconf 88' lang='lat' dir='ltr'><strong>est</strong></span> <span class='ocrx_word' id='word_1_261' title='bbox 701 1982 910 2014; x_wconf 85' lang='lat' dir='ltr'><strong>Ennianum</strong></span> <span class='ocrx_word' id='word_1_262' title='bbox 933 2006 941 2014; x_wconf 93' lang='lat'><strong>.</strong></span> <span class='ocrx_word' id='word_1_263' title='bbox 961 2006 968 2014; x_wconf 89' lang='lat'><strong>.</strong></span> <span class='ocrx_word' id='word_1_264' title='bbox 990 1984 1020 2013; x_wconf 85' lang='lat'><strong>.’</strong></span> <span class='ocrx_word' id='word_1_265' title='bbox 1061 1981 1218 2014; x_wconf 84' lang='lat' dir='ltr'><strong>Incertis</strong></span> <span class='ocrx_word' id='word_1_266' title='bbox 1241 1980 1346 2014; x_wconf 87' lang='lat' dir='ltr'><strong>libris</strong></span> <span class='ocrx_word' id='word_1_267' title='bbox 1370 1979 1431 2022; x_wconf 83' lang='lat' dir='ltr'><strong>(fr.</strong></span> <span class='ocrx_word' id='word_1_268' title='bbox 1456 1978 1524 2021; x_wconf 92' lang='lat'>111)</span> <span class='ocrx_word' id='word_1_269' title='bbox 1557 1979 1755 2022; x_wconf 85' lang='lat' dir='ltr'><strong>adscripsit</strong></span> 
     </span>
     <span class='ocr_line' id='line_1_32' title="bbox 230 2025 1751 2068; baseline -0.001 -9"><span class='ocrx_word' id='word_1_270' title='bbox 230 2027 432 2067; x_wconf 86' lang='lat' dir='ltr'><strong>Vahlenus,</strong></span> <span class='ocrx_word' id='word_1_271' title='bbox 458 2037 527 2059; x_wconf 85' lang='lat' dir='ltr'><strong>nec</strong></span> <span class='ocrx_word' id='word_1_272' title='bbox 551 2037 647 2068; x_wconf 85' lang='lat' dir='ltr'><strong>nego</strong></span> <span class='ocrx_word' id='word_1_273' title='bbox 673 2026 881 2068; x_wconf 83' lang='lat' dir='ltr'><strong>ambiguam</strong></span> <span class='ocrx_word' id='word_1_274' title='bbox 898 2026 1004 2059; x_wconf 90' lang='lat' dir='ltr'><strong>huius</strong></span> <span class='ocrx_word' id='word_1_275' title='bbox 1022 2026 1247 2068; x_wconf 74' lang='lat' dir='ltr'><strong>aliorumque</strong></span> <span class='ocrx_word' id='word_1_276' title='bbox 1265 2025 1502 2058; x_wconf 85' lang='lat' dir='ltr'><strong>frustulorum</strong></span> <span class='ocrx_word' id='word_1_277' title='bbox 1519 2025 1639 2058; x_wconf 89' lang='lat' dir='ltr'><strong>sedem</strong></span> <span class='ocrx_word' id='word_1_278' title='bbox 1659 2034 1751 2058; x_wconf 86' lang='lat' dir='ltr'><strong>esse.</strong></span> 
     </span>
     <span class='ocr_line' id='line_1_33' title="bbox 322 2070 1685 2112; baseline -0.001 -8"><span class='ocrx_word' id='word_1_279' title='bbox 322 2073 403 2105; x_wconf 89' lang='lat' dir='ltr'><strong>LIX</strong></span> <span class='ocrx_word' id='word_1_280' title='bbox 429 2072 576 2105; x_wconf 83' lang='lat' dir='ltr'><strong>Seruius</strong></span> <span class='ocrx_word' id='word_1_281' title='bbox 601 2073 639 2104; x_wconf 90' lang='lat' dir='ltr'><strong>iu</strong></span> <span class='ocrx_word' id='word_1_282' title='bbox 662 2071 752 2107; x_wconf 84' lang='lat' dir='ltr'><strong>Aen.</strong></span> <span class='ocrx_word' id='word_1_283' title='bbox 777 2072 832 2104; x_wconf 89' lang='lat'><strong>111</strong></span> <span class='ocrx_word' id='word_1_284' title='bbox 858 2073 921 2104; x_wconf 83' lang='lat'><strong>241</strong></span> <span class='ocrx_word' id='word_1_285' title='bbox 949 2071 1176 2112; x_wconf 81' lang='lat' dir='ltr'><strong>‘foedare‚</strong></span> <span class='ocrx_word' id='word_1_286' title='bbox 1204 2073 1406 2103; x_wconf 83' lang='lat' dir='ltr'><strong>cruentare.</strong></span> <span class='ocrx_word' id='word_1_287' title='bbox 1447 2070 1589 2103; x_wconf 85' lang='lat' dir='ltr'><strong>Ennius</strong></span> <span class='ocrx_word' id='word_1_288' title='bbox 1612 2095 1619 2102; x_wconf 88' lang='lat'><strong>.</strong></span> <span class='ocrx_word' id='word_1_289' title='bbox 1635 2095 1643 2103; x_wconf 87' lang='lat'><strong>.</strong></span> <span class='ocrx_word' id='word_1_290' title='bbox 1659 2073 1685 2102; x_wconf 92' lang='lat'><strong>.’</strong></span> 
     </span>
    </p>
   </div>
   <div class='ocr_carea' id='block_1_9' title="bbox 228 2202 1759 2918">
    <p class='ocr_par' dir='ltr' id='par_1_9' title="bbox 228 2202 1759 2918">
     <span class='ocr_line' id='line_1_34' title="bbox 238 2202 1752 2252; baseline -0.002 -12"><span class='ocrx_word' id='word_1_291' title='bbox 238 2204 455 2251; x_wconf 72' lang='lat' dir='ltr'><strong>Windbery.</strong></span> <span class='ocrx_word' id='word_1_292' title='bbox 487 2204 589 2241; x_wconf 78' lang='lat' dir='ltr'><strong>Fris.</strong></span> <span class='ocrx_word' id='word_1_293' title='bbox 630 2203 822 2252; x_wconf 82' lang='lat' dir='ltr'><strong>quidquam</strong></span> <span class='ocrx_word' id='word_1_294' title='bbox 862 2204 1050 2251; x_wconf 84' lang='lat' dir='ltr'><strong>quisquam</strong></span> <span class='ocrx_word' id='word_1_295' title='bbox 1090 2212 1305 2251; x_wconf 82' lang='lat' dir='ltr'><strong>quemquam</strong></span> <span class='ocrx_word' id='word_1_296' title='bbox 1343 2212 1487 2250; x_wconf 86' lang='lat' dir='ltr'><strong>quemq.</strong></span> <span class='ocrx_word' id='word_1_297' title='bbox 1518 2202 1634 2250; x_wconf 88' lang='lat' dir='ltr'><strong>quisq.</strong></span> <span class='ocrx_word' id='word_1_298' title='bbox 1668 2212 1752 2237; x_wconf 87' lang='lat' dir='ltr'><strong>con-</strong></span> 
     </span>
     <span class='ocr_line' id='line_1_35' title="bbox 231 2257 1753 2310; baseline -0.002 -14"><span class='ocrx_word' id='word_1_299' title='bbox 231 2261 348 2296; x_wconf 78' lang='lat' dir='ltr'><strong>ueniat</strong></span> <span class='ocrx_word' id='word_1_300' title='bbox 376 2260 470 2297; x_wconf 85' lang='lat' dir='ltr'><strong>Par.</strong></span> <span class='ocrx_word' id='word_1_301' title='bbox 510 2261 700 2310; x_wconf 84' lang='lat' dir='ltr'><strong>quicquam</strong></span> <span class='ocrx_word' id='word_1_302' title='bbox 739 2260 849 2308; x_wconf 79' lang='lat' dir='ltr'><strong>quicq</strong></span> <span class='ocrx_word' id='word_1_303' title='bbox 888 2271 1023 2308; x_wconf 76' lang='lat' dir='ltr'><strong>quemq</strong></span> <span class='ocrx_word' id='word_1_304' title='bbox 1062 2260 1179 2308; x_wconf 87' lang='lat' dir='ltr'><strong>quisq.</strong></span> <span class='ocrx_word' id='word_1_305' title='bbox 1218 2258 1409 2295; x_wconf 84' lang='lat' dir='ltr'><strong>conueniat</strong></span> <span class='ocrx_word' id='word_1_306' title='bbox 1448 2258 1611 2295; x_wconf 79' lang='lat' dir='ltr'><strong>Wirzeb.</strong></span> <span class='ocrx_word' id='word_1_307' title='bbox 1651 2257 1753 2306; x_wconf 88' lang='lat' dir='ltr'><strong>quid-</strong></span> 
     </span>
     <span class='ocr_line' id='line_1_36' title="bbox 230 2313 1753 2366; baseline -0.002 -13"><span class='ocrx_word' id='word_1_308' title='bbox 230 2328 335 2365; x_wconf 86' lang='lat' dir='ltr'><strong>quam</strong></span> <span class='ocrx_word' id='word_1_309' title='bbox 382 2317 571 2366; x_wconf 84' lang='lat' dir='ltr'><strong>quisquam</strong></span> <span class='ocrx_word' id='word_1_310' title='bbox 613 2327 826 2365; x_wconf 81' lang='lat' dir='ltr'><strong>quemquam</strong></span> <span class='ocrx_word' id='word_1_311' title='bbox 871 2317 1024 2364; x_wconf 87' lang='lat' dir='ltr'><strong>quisque</strong></span> <span class='ocrx_word' id='word_1_312' title='bbox 1069 2315 1262 2352; x_wconf 84' lang='lat' dir='ltr'><strong>conueniat</strong></span> <span class='ocrx_word' id='word_1_313' title='bbox 1306 2313 1440 2351; x_wconf 81' lang='lat' dir='ltr'><strong>B&#39;amb.</strong></span> <span class='ocrx_word' id='word_1_314' title='bbox 1487 2327 1510 2351; x_wconf 80' lang='lat' dir='ltr'><em>a</em></span> <span class='ocrx_word' id='word_1_315' title='bbox 1561 2314 1753 2363; x_wconf 81' lang='lat' dir='ltr'><strong>quidquam</strong></span> 
     </span>
     <span class='ocr_line' id='line_1_37' title="bbox 230 2370 1753 2422; baseline -0.002 -13"><span class='ocrx_word' id='word_1_316' title='bbox 230 2374 418 2421; x_wconf 88' lang='lat' dir='ltr'><strong>quisquam</strong></span> <span class='ocrx_word' id='word_1_317' title='bbox 459 2384 638 2422; x_wconf 88' lang='lat' dir='ltr'><strong>quemque</strong></span> <span class='ocrx_word' id='word_1_318' title='bbox 676 2374 828 2422; x_wconf 88' lang='lat' dir='ltr'><strong>quisquc</strong></span> <span class='ocrx_word' id='word_1_319' title='bbox 868 2374 1057 2410; x_wconf 80' lang='lat' dir='ltr'><strong>conueniat</strong></span> <span class='ocrx_word' id='word_1_320' title='bbox 1094 2373 1229 2408; x_wconf 74' lang='lat' dir='ltr'><strong>Bctmb.</strong></span> <span class='ocrx_word' id='word_1_321' title='bbox 1268 2372 1289 2407; x_wconf 87' lang='lat' dir='ltr'><strong><em>b</em></strong></span> <span class='ocrx_word' id='word_1_322' title='bbox 1334 2370 1526 2419; x_wconf 78' lang='lat' dir='ltr'><strong>quidquam</strong></span> <span class='ocrx_word' id='word_1_323' title='bbox 1566 2372 1753 2419; x_wconf 90' lang='lat' dir='ltr'><strong>quisquam</strong></span> 
     </span>
     <span class='ocr_line' id='line_1_38' title="bbox 231 2426 1754 2478; baseline -0.003 -12"><span class='ocrx_word' id='word_1_324' title='bbox 231 2441 446 2478; x_wconf 81' lang='lat' dir='ltr'><strong>quemquam</strong></span> <span class='ocrx_word' id='word_1_325' title='bbox 478 2441 622 2478; x_wconf 88' lang='lat' dir='ltr'><strong>quemq.</strong></span> <span class='ocrx_word' id='word_1_326' title='bbox 664 2430 742 2478; x_wconf 86' lang='lat' dir='ltr'><strong>quis</strong></span> <span class='ocrx_word' id='word_1_327' title='bbox 781 2430 973 2466; x_wconf 78' lang='lat' dir='ltr'><strong>conueniat</strong></span> <span class='ocrx_word' id='word_1_328' title='bbox 1006 2429 1134 2466; x_wconf 83' lang='lat' dir='ltr'><strong>Tross.</strong></span> <span class='ocrx_word' id='word_1_329' title='bbox 1176 2426 1368 2476; x_wconf 80' lang='lat' dir='ltr'><strong>quidquam</strong></span> <span class='ocrx_word' id='word_1_330' title='bbox 1407 2428 1593 2476; x_wconf 88' lang='lat' dir='ltr'><strong>quisquam</strong></span> <span class='ocrx_word' id='word_1_331' title='bbox 1631 2437 1754 2475; x_wconf 90' lang='lat' dir='ltr'><strong>quem-</strong></span> 
     </span>
     <span class='ocr_line' id='line_1_39' title="bbox 230 2483 1753 2535; baseline -0.003 -13"><span class='ocrx_word' id='word_1_332' title='bbox 230 2497 335 2534; x_wconf 88' lang='lat' dir='ltr'><strong>quam</strong></span> <span class='ocrx_word' id='word_1_333' title='bbox 367 2487 446 2535; x_wconf 88' lang='lat' dir='ltr'><strong>quis</strong></span> <span class='ocrx_word' id='word_1_334' title='bbox 478 2487 667 2523; x_wconf 76' lang='lat' dir='ltr'><strong>conueniat</strong></span> <span class='ocrx_word' id='word_1_335' title='bbox 703 2486 795 2523; x_wconf 88' lang='lat' dir='ltr'><strong>Tur.</strong></span> <span class='ocrx_word' id='word_1_336' title='bbox 837 2485 1029 2534; x_wconf 85' lang='lat' dir='ltr'><strong>quidquam</strong></span> <span class='ocrx_word' id='word_1_337' title='bbox 1068 2485 1256 2533; x_wconf 88' lang='lat' dir='ltr'><strong>quisquam</strong></span> <span class='ocrx_word' id='word_1_338' title='bbox 1292 2484 1457 2532; x_wconf 86' lang='lat' dir='ltr'><strong>cuiquam</strong></span> <span class='ocrx_word' id='word_1_339' title='bbox 1494 2483 1590 2531; x_wconf 89' lang='lat' dir='ltr'><strong>quod</strong></span> <span class='ocrx_word' id='word_1_340' title='bbox 1621 2493 1753 2519; x_wconf 88' lang='lat' dir='ltr'><strong>conue-</strong></span> 
     </span>
     <span class='ocr_line' id='line_1_40' title="bbox 228 2538 1754 2590; baseline -0.003 -12"><span class='ocrx_word' id='word_1_341' title='bbox 228 2543 302 2578; x_wconf 84' lang='lat' dir='ltr'><strong>niat</strong></span> <span class='ocrx_word' id='word_1_342' title='bbox 342 2545 455 2590; x_wconf 85' lang='lat' dir='ltr'><strong>uul90</strong></span> <span class='ocrx_word' id='word_1_343' title='bbox 492 2554 659 2590; x_wconf 82' lang='lat' dir='ltr'><strong>umquam</strong></span> <span class='ocrx_word' id='word_1_344' title='bbox 698 2541 890 2590; x_wconf 86' lang='lat' dir='ltr'><strong>quidquam</strong></span> <span class='ocrx_word' id='word_1_345' title='bbox 928 2543 1116 2590; x_wconf 85' lang='lat' dir='ltr'><strong>quisquam</strong></span> <span class='ocrx_word' id='word_1_346' title='bbox 1154 2540 1319 2588; x_wconf 84' lang='lat' dir='ltr'><strong>cuiquam</strong></span> <span class='ocrx_word' id='word_1_347' title='bbox 1357 2538 1454 2588; x_wconf 90' lang='lat' dir='ltr'><strong>quod</strong></span> <span class='ocrx_word' id='word_1_348' title='bbox 1493 2540 1525 2576; x_wconf 87' lang='lat' dir='ltr'><strong>ci</strong></span> <span class='ocrx_word' id='word_1_349' title='bbox 1563 2540 1754 2576; x_wconf 84' lang='lat' dir='ltr'><strong>conueniat</strong></span> 
     </span>
     <span class='ocr_line' id='line_1_41' title="bbox 231 2593 1755 2647; baseline -0.002 -12"><span class='ocrx_word' id='word_1_350' title='bbox 231 2610 297 2647; x_wconf 68' lang='lat' dir='ltr'><strong>eqo</strong></span> <span class='ocrx_word' id='word_1_351' title='bbox 319 2602 419 2637; x_wconf 80' lang='lat' dir='ltr'><strong>olim.</strong></span> <span class='ocrx_word' id='word_1_352' title='bbox 499 2598 674 2647; x_wconf 85' lang='lat' dir='ltr'><strong>Quiquam</strong></span> <span class='ocrx_word' id='word_1_353' title='bbox 702 2603 827 2646; x_wconf 82' lang='lat' dir='ltr'><strong>potest</strong></span> <span class='ocrx_word' id='word_1_354' title='bbox 857 2600 1012 2636; x_wconf 75' lang='lat' dir='ltr'><strong>dutinus</strong></span> <span class='ocrx_word' id='word_1_355' title='bbox 1042 2608 1141 2644; x_wconf 84' lang='lat' dir='ltr'><strong>esse,</strong></span> <span class='ocrx_word' id='word_1_356' title='bbox 1174 2607 1391 2646; x_wconf 78' lang='lat' dir='ltr'><strong>quemquam</strong></span> <span class='ocrx_word' id='word_1_357' title='bbox 1422 2597 1519 2633; x_wconf 83' lang='lat' dir='ltr'><strong>idem</strong></span> <span class='ocrx_word' id='word_1_358' title='bbox 1549 2597 1650 2644; x_wconf 79' lang='lat' dir='ltr'><strong>quod</strong></span> <span class='ocrx_word' id='word_1_359' title='bbox 1679 2593 1755 2632; x_wconf 79' lang='lat' dir='ltr'><strong>um·</strong></span> 
     </span>
     <span class='ocr_line' id='line_1_42' title="bbox 229 2652 1759 2704; baseline -0.002 -13"><span class='ocrx_word' id='word_1_360' title='bbox 229 2667 355 2704; x_wconf 74' lang='lat' dir='ltr'><strong>quam,</strong></span> <span class='ocrx_word' id='word_1_361' title='bbox 388 2655 546 2704; x_wconf 88' lang='lat' dir='ltr'><strong>quidque</strong></span> <span class='ocrx_word' id='word_1_362' title='bbox 576 2660 633 2692; x_wconf 79' lang='lat' dir='ltr'><strong>est</strong></span> <span class='ocrx_word' id='word_1_363' title='bbox 663 2654 849 2703; x_wconf 83' lang='lat' dir='ltr'><strong>quidquid.</strong></span> <span class='ocrx_word' id='word_1_364' title='bbox 995 2654 1077 2692; x_wconf 82' lang='lat'><strong>402</strong></span> <span class='ocrx_word' id='word_1_365' title='bbox 1118 2655 1187 2691; x_wconf 87' lang='lat' dir='ltr'><strong>hau</strong></span> <span class='ocrx_word' id='word_1_366' title='bbox 1216 2653 1311 2691; x_wconf 85' lang='lat' dir='ltr'><strong>Par.</strong></span> <span class='ocrx_word' id='word_1_367' title='bbox 1342 2653 1363 2689; x_wconf 87' lang='lat' dir='ltr'><em>b</em></span> <span class='ocrx_word' id='word_1_368' title='bbox 1402 2652 1473 2688; x_wconf 87' lang='lat' dir='ltr'><strong>heu</strong></span> <span class='ocrx_word' id='word_1_369' title='bbox 1514 2654 1634 2689; x_wconf 84' lang='lat' dir='ltr'><strong>celeri</strong></span> <span class='ocrx_word' id='word_1_370' title='bbox 1667 2653 1759 2689; x_wconf 81' lang='lat' dir='ltr'><strong>libri</strong></span> 
     </span>
     <span class='ocr_line' id='line_1_43' title="bbox 232 2708 1757 2761; baseline -0.003 -13"><span class='ocrx_word' id='word_1_371' title='bbox 232 2713 324 2748; x_wconf 86' lang='lat' dir='ltr'><strong>eheu</strong></span> <span class='ocrx_word' id='word_1_372' title='bbox 346 2714 460 2761; x_wconf 74' lang='lat' dir='ltr'><strong>uulqo</strong></span> <span class='ocrx_word' id='word_1_373' title='bbox 547 2723 566 2748; x_wconf 86' lang='lat' dir='ltr'><strong>e</strong></span> <span class='ocrx_word' id='word_1_374' title='bbox 597 2724 666 2749; x_wconf 89' lang='lat' dir='ltr'><strong>om.</strong></span> <span class='ocrx_word' id='word_1_375' title='bbox 697 2712 789 2748; x_wconf 84' lang='lat' dir='ltr'><strong>libri</strong></span> <span class='ocrx_word' id='word_1_376' title='bbox 851 2722 915 2759; x_wconf 87' lang='lat' dir='ltr'><strong>spe</strong></span> <span class='ocrx_word' id='word_1_377' title='bbox 945 2713 1053 2749; x_wconf 87' lang='lat' dir='ltr'><strong>Flor.</strong></span> <span class='ocrx_word' id='word_1_378' title='bbox 1078 2711 1184 2748; x_wconf 72' lang='lat' dir='ltr'><strong>Goth.</strong></span> <span class='ocrx_word' id='word_1_379' title='bbox 1206 2710 1301 2747; x_wconf 84' lang='lat' dir='ltr'><strong>Par.</strong></span> <span class='ocrx_word' id='word_1_380' title='bbox 1324 2721 1348 2745; x_wconf 85' lang='lat' dir='ltr'><strong>a</strong></span> <span class='ocrx_word' id='word_1_381' title='bbox 1378 2719 1483 2757; x_wconf 77' lang='lat' dir='ltr'><strong>saepe</strong></span> <span class='ocrx_word' id='word_1_382' title='bbox 1505 2708 1638 2745; x_wconf 80' lang='lat' dir='ltr'><strong>Hccun.</strong></span> <span class='ocrx_word' id='word_1_383' title='bbox 1671 2719 1757 2756; x_wconf 84' lang='lat' dir='ltr'><strong>sepe</strong></span> 
     </span>
     <span class='ocr_line' id='line_1_44' title="bbox 229 2765 1754 2817; baseline -0.003 -12"><span class='ocrx_word' id='word_1_384' title='bbox 229 2769 324 2805; x_wconf 74' lang='lat' dir='ltr'><strong>Par.</strong></span> <span class='ocrx_word' id='word_1_385' title='bbox 355 2770 375 2806; x_wconf 85' lang='lat' dir='ltr'><em>b</em></span> <span class='ocrx_word' id='word_1_386' title='bbox 406 2769 483 2817; x_wconf 86' lang='lat' dir='ltr'><strong>spei</strong></span> <span class='ocrx_word' id='word_1_387' title='bbox 518 2769 558 2806; x_wconf 89' lang='grc' dir='ltr'><strong>Ο.</strong></span> <span class='ocrx_word' id='word_1_388' title='bbox 581 2769 794 2805; x_wconf 81' lang='lat' dir='ltr'><strong>Muellerus</strong></span> <span class='ocrx_word' id='word_1_389' title='bbox 886 2767 922 2803; x_wconf 93' lang='lat' dir='ltr'><strong>id</strong></span> <span class='ocrx_word' id='word_1_390' title='bbox 954 2767 1097 2816; x_wconf 88' lang='lat' dir='ltr'><strong>quidem</strong></span> <span class='ocrx_word' id='word_1_391' title='bbox 1119 2767 1185 2804; x_wconf 87' lang='lat' dir='ltr'><strong>CF</strong></span> <span class='ocrx_word' id='word_1_392' title='bbox 1194 2767 1243 2804; x_wconf 88' lang='lat' dir='ltr'><em>W</em></span> <span class='ocrx_word' id='word_1_393' title='bbox 1258 2766 1422 2803; x_wconf 87' lang='lat' dir='ltr'><strong>Mueller</strong></span> <span class='ocrx_word' id='word_1_394' title='bbox 1449 2766 1602 2811; x_wconf 78' lang='lat' dir='ltr'><strong>prosod.</strong></span> <span class='ocrx_word' id='word_1_395' title='bbox 1625 2765 1754 2801; x_wconf 80' lang='lat' dir='ltr'><strong>Plaut.</strong></span> 
     </span>
     <span class='ocr_line' id='line_1_45' title="bbox 230 2821 1754 2872; baseline -0.002 -11"><span class='ocrx_word' id='word_1_396' title='bbox 230 2824 310 2862; x_wconf 80' lang='lat'><strong>329</strong></span> <span class='ocrx_word' id='word_1_397' title='bbox 325 2854 335 2872; x_wconf 83' lang='lat'><strong>‚</strong></span> <span class='ocrx_word' id='word_1_398' title='bbox 362 2835 584 2872; x_wconf 81' lang='lat' dir='ltr'><strong>perperam.</strong></span> <span class='ocrx_word' id='word_1_399' title='bbox 687 2825 860 2860; x_wconf 78' lang='lat' dir='ltr'><strong>successit</strong></span> <span class='ocrx_word' id='word_1_400' title='bbox 885 2823 925 2860; x_wconf 89' lang='grc' dir='ltr'><strong>Ο.</strong></span> <span class='ocrx_word' id='word_1_401' title='bbox 948 2825 1161 2861; x_wconf 82' lang='lat' dir='ltr'><strong>Muellerus</strong></span> <span class='ocrx_word' id='word_1_402' title='bbox 1181 2823 1361 2860; x_wconf 74' lang='lat' dir='ltr'><strong>succensu</strong></span> <span class='ocrx_word' id='word_1_403' title='bbox 1383 2822 1490 2859; x_wconf 72' lang='lat' dir='ltr'><strong>Goth.</strong></span> <span class='ocrx_word' id='word_1_404' title='bbox 1512 2821 1644 2858; x_wconf 64' lang='lat' dir='ltr'><strong>Halm.</strong></span> <span class='ocrx_word' id='word_1_405' title='bbox 1675 2832 1754 2858; x_wconf 85' lang='lat' dir='ltr'><strong>suc-</strong></span> 
     </span>
     <span class='ocr_line' id='line_1_46' title="bbox 230 2879 1084 2918; baseline -0.002 -1"><span class='ocrx_word' id='word_1_406' title='bbox 230 2887 353 2918; x_wconf 86' lang='lat' dir='ltr'><strong>censet</strong></span> <span class='ocrx_word' id='word_1_407' title='bbox 383 2882 492 2918; x_wconf 84' lang='lat' dir='ltr'><strong>Flor.</strong></span> <span class='ocrx_word' id='word_1_408' title='bbox 525 2882 619 2918; x_wconf 85' lang='lat' dir='ltr'><strong>Par.</strong></span> <span class='ocrx_word' id='word_1_409' title='bbox 653 2894 676 2917; x_wconf 80' lang='lat' dir='ltr'><em>a</em></span> <span class='ocrx_word' id='word_1_410' title='bbox 709 2891 900 2917; x_wconf 85' lang='lat' dir='ltr'><strong>succensos</strong></span> <span class='ocrx_word' id='word_1_411' title='bbox 931 2881 1024 2918; x_wconf 84' lang='lat' dir='ltr'><strong>Par.</strong></span> <span class='ocrx_word' id='word_1_412' title='bbox 1057 2879 1084 2916; x_wconf 80' lang='lat' dir='ltr'><strong>b&#39;</strong></span> 
     </span>
    </p>
   </div>
  </div>
 </body>
</html>
