1942 3204
763 215 1116 254 COROLLARIVM
1627 218 1707 254 Lx!

296 323 349 367 V.
368 324 456 367 555
476 339 536 381 sq.
581 324 788 369 Elumbes
814 329 942 383 atque
967 326 1126 382 ingrati
1153 325 1257 368 mihi
1284 326 1482 368 videntur
1508 326 1710 382 trochaei,

175 396 324 452 quales
356 396 589 439 servandos
621 412 714 440 esse
746 397 1030 440 Buecheler-us
1063 397 1200 440 suasit

343 502 519 511 .....
551 468 664 524 quod
695 471 738 511 te
769 469 966 525 obsecr6‚
998 484 1052 512 ne
1083 469 1188 511 haec
1220 469 1533 524 aspennibilem

339 540 573 582 taetritudo
606 554 701 583 mea
733 555 800 583 me
831 542 994 584 inculta
1027 541 1135 583 faxit

173 625 350 654 caesura
387 627 539 667 parum
576 612 797 655 commode
834 616 935 669 post
971 613 1168 670 quintam
1207 613 1324 655 arsin
1362 613 1515 668 posita.
1588 613 1706 656 Idem

173 683 368 739 vitupero
395 684 439 727 in
466 684 697 739 septenarii
725 685 807 727 601
838 684 977 727 forma
1002 684 1083 727 hac
1109 684 1304 740 quamvis
1332 687 1507 739 propter
1535 685 1705 727 incisio-

173 768 270 796 nem
304 758 403 810 post
432 755 607 798 tertium
639 755 790 811 pedem
822 756 937 799 facta
967 756 1096 812 paulo
1130 756 1308 798 leniore:

244 827 353 881 quae
384 840 465 883 ego
496 830 650 870 cuncta
680 827 795 870 fluxa
825 843 918 871 esse
949 828 995 870 in
1024 827 1116 870 med
1147 842 1191 870 re
1223 842 1398 883 crepera
1430 829 1629 883 comperi.

208 884 220 895 ⁸
291 897 342 941 V.
374 899 472 942 560.
534 898 818 942 Verissimum
850 915 952 943 sane
984 903 1051 943 est
1081 899 1193 956 quod
1227 900 1396 942 monuit
1423 899 1706 942 Buechelerus

170 969 321 1011 testari
354 969 487 1012 libros
518 971 580 1013 nil
612 974 782 1026 praeter
811 971 917 1015 haec

279 1075 311 1098 ι.
344 1075 352 1084 .
384 1041 586 1098 Frygiam
619 1042 835 1086 mitiorem
867 1057 961 1085 esse
992 1041 1133 1098 ipsam
1165 1044 1343 1086 immani
1375 1043 1566 1087 Graecia.

173 1110 254 1155 Sed
287 1113 400 1156 iusto
431 1113 659 1156 verborum
697 1115 846 1157 ordine
883 1130 971 1157 non
1009 1116 1146 1171 sequi,
1185 1115 1258 1158 sed
1297 1116 1547 1171 praecedere
1579 1115 1702 1158 debe-

171 1184 247 1227 bat
276 1186 430 1239 meam,
468 1201 552 1242 quo
590 1186 635 1228 in
668 1186 855 1229 alienum
895 1187 1036 1230 locum
1068 1188 1280 1229 translato
1313 1188 1549 1242 genuinum
1582 1202 1702 1229 voca-

172 1255 315 1298 bulum
358 1257 457 1299 hinc
495 1258 719 1313 expulsum
763 1273 856 1301 esse
900 1262 1055 1302 statuo.
1130 1258 1253 1309 Quod
1292 1263 1434 1301 autem
1474 1259 1544 1301 ille
1588 1259 1703 1301 addi-

169 1330 292 1370 turus
324 1331 416 1371 erat
445 1330 661 1381 immitem,
692 1329 762 1372 hic
794 1333 842 1372 ut
872 1330 991 1372 fieret
1021 1345 1168 1373 versus

371 1397 575 1456 Frygiam
607 1402 817 1444 immitem
850 1400 1066 1444 mitiorem
1099 1417 1192 1445 esse
1223 1402 1364 1458 ipsam
1397 1403 1422 1445 i.
1454 1402 1503 1444 G.

168 1466 337 1526 pra‘eter
356 1487 599 1527 perversam
613 1473 938 1515 collocationem
953 1474 1083 1516 etiam
1098 1475 1224 1529 plane
1241 1474 1433 1517 abundat
1452 1488 1701 1530 pronomen.

288 1542 339 1586 V.
359 1544 446 1587 578
473 1545 509 1586 si
529 1548 642 1587 recte
661 1545 912 1587 emendatus
932 1548 1015 1599 est,
1047 1545 1236 1601 duplices
1257 1546 1433 1588 ablativi
1465 1546 1545 1588 hac
1569 1548 1701 1588 struc—

169 1617 266 1656 tura
297 1614 607 1670 interpretandi
639 1619 758 1658 sunt:
792 1630 836 1658 se
869 1616 1058 1659 sterilem
1089 1631 1182 1660 esse
1214 1618 1388 1660 venenis
1427 1618 1541 1660 illius
1573 1632 1700 1673 opera

169 1688 212 1726 et
248 1686 459 1728 medicina
496 1687 671 1742 paratis.
739 1687 914 1743 Alioqui
951 1689 1039 1731 eius
1076 1689 1436 1743 praemittendum
1475 1689 1574 1743 erit,
1614 1689 1702 1730 sive

170 1759 216 1798 ut
246 1757 349 1801 olim
381 1758 495 1800 volui
528 1758 616 1801 sive
648 1759 857 1801 insertum
890 1759 951 1802 sic
977 1775 987 1802 :
1012 1774 1054 1802 se
1083 1761 1171 1802 eius
1199 1761 1379 1803 vaemwnis.

286 1828 337 1871 V.
357 1830 444 1872 579
465 1845 526 1885 sq.
565 1829 770 1880 Quamvis
802 1830 978 1886 pulchre
1004 1846 1029 1873 a
1048 1830 1308 1874 Buechelero
1336 1832 1533 1885 adqnatio
1555 1832 1699 1874 inven-

167 1902 260 1942 tum
293 1900 367 1956 sit,
405 1905 549 1944 tamen
588 1905 632 1944 et
669 1902 823 1944 obiecti
862 1917 1019 1945 nomen
1051 1906 1096 1944 et
1131 1903 1176 1945 in
1209 1903 1343 1946 altero
1375 1904 1567 1946 membro
1605 1919 1700 1959 pro-

168 1986 326 2014 nomen
357 1972 714 2029 interrogativum
746 1987 873 2030 aegre
905 1974 1110 2017 desidero.
1159 1973 1253 2024 Quo
1278 1975 1486 2029 adducor,
1517 1978 1566 2017 ut
1596 1975 1699 2017 haec

168 2042 262 2098 ipsa
300 2047 477 2099 propter
512 2044 749 2088 vicinorum
788 2046 1094 2089 vocabulorum
1133 2046 1457 2089 similitudinem
1495 2047 1700 2089 excidisse

169 2115 360 2169 suspicer
402 2119 445 2158 et
487 2116 541 2158 ad
585 2117 763 2160 lacunae
814 2111 1161 2174 supplementum
1212 2117 1405 2160 adhibita
1449 2118 1698 2173 Kiesslingii

168 2186 411 2229 coniectura
443 2187 715 2232 scribendum
746 2203 839 2232 esse
871 2192 1018 2246 putem

992 2275 1203 2318 quaenam
1235 2261 1440 2319 adgnatio

197 2329 358 2386 quaeue
377 2329 531 2375 Graios
549 2329 631 2375 tibi
651 2335 912 2389 congenerat
929 2332 1108 2389 gentum
1128 2337 1204 2376 aut
1222 2347 1427 2390 generum
1447 2332 1682 2375 adfinitas?

170 2402 465 2459 Inter-rogatur
495 2403 657 2446 scilicet
687 2403 876 2447 Phineus
906 2405 973 2447 vel
1005 2404 1287 2447 Phinidarum
1321 2406 1533 2447 alteruter.

286 2472 337 2516 V.
370 2474 451 2517 601
488 2473 542 2517 ad
575 2490 612 2517 v.
644 2475 732 2518 555
763 2490 823 2532 sq.
854 2476 1002 2533 tetigi:
1155 2532 1158 2535 ψ

284 2543 336 2588 V.
362 2546 451 2588 620
482 2546 594 2601 quod
621 2547 770 2602 scripsi
795 2561 867 2591 nec
890 2549 1014 2603 qve-iit,
1045 2548 1193 2591 eadem
1219 2548 1293 2591 illa
1318 2549 1486 2591 fortiter
1511 2548 1694 2603 negandi

166 2617 341 2659 notione
365 2631 437 2660 nec
466 2617 802 2675 intellegendum
827 2633 921 2662 esse
946 2633 1118 2675 censeo,
1149 2635 1234 2676 qua
1259 2624 1301 2662 et
1331 2634 1407 2675 per
1430 2634 1478 2661 se
1509 2619 1694 2673 positum

166 2691 209 2730 et
228 2703 324 2730 cum
344 2688 440 2731 aliis
459 2689 634 2732 vocibus
654 2691 930 2734 coniunctum
955 2706 1048 2734 esse
1074 2691 1118 2734 in
1139 2691 1345 2746 symbolis
1366 2691 1472 2732 meis
1499 2705 1536 2745 p.
1558 2691 1614 2732 24
1635 2705 1696 2745 sq.

166 2759 467 2803 demonstravi.
1313 2806 1322 2812 ,

283 2830 335 2874 V.
362 2833 459 2874 644.
510 2831 722 2883 Quoniam
756 2835 980 2891 utramque
1012 2847 1219 2889 sororem,
1254 2831 1446 2876 Procnen
1478 2837 1522 2875 et
1554 2832 1693 2876 Philo-

168 2904 319 2945 melam
340 2918 492 2946 uxores
513 2904 690 2947 duxerat
710 2905 887 2961 Tereus,
919 2907 1006 2948 filio
1026 2920 1076 2947 ex
1103 2906 1175 2947 illa
1196 2906 1278 2958 'Ityi
1300 2908 1422 2947 acute
1442 2907 1564 2960 pater
1583 2904 1692 2948 idem
