1942 3204
793 243 841 277 M.
868 242 1110 279 PAcvvlvs
1637 244 1721 287 115

812 346 964 391 xxm
989 346 1087 406 (28)

183 391 272 495 333
303 421 573 480 Quemquam
605 426 724 467 aetas
756 427 895 482 senet,
932 427 1037 469 safis
1074 426 1259 470 habeam
1291 425 1450 470 ufrium
1490 431 1538 470 ut
1569 432 1612 471 te
1645 444 1720 471 ara

1185 519 1365 547 arceam.

827 563 977 607 XXIV
1031 564 1058 607 3

301 637 452 695 Neque
483 641 607 683 tuum
638 643 681 683 te
712 641 937 698 ingenium
968 562 1179 699 mgdzrat,
1210 658 1349 699 neque
1381 643 1621 686 fraternum
1655 645 1719 687 ira

1190 721 1363 763 exilium
1394 721 1522 764 leuat.

819 796 946 841 XXV
980 795 1078 855 (27)

299 870 350 915 ‘O
387 873 652 917 multimodis
690 875 859 918 uiirium
897 878 941 918 et
978 875 1156 919 dubium
1194 878 1238 918 et
1276 878 1530 933 prosperum
1569 880 1718 934 copem

1191 954 1319 997 diem!

811 1024 961 1069 XXVI
994 1024 1091 1083 (16)

298 1099 446 1157 Flexa,
477 1115 567 1144 non
598 1102 709 1144 falsa
740 1106 964 1146 autumare
996 1102 1128 1147 dictio
1161 1103 1302 1146 Delfis
1335 1105 1455 1147 solet.

810 1180 983 1225 XXVII
1015 1179 1084 1239 (2)

299 1289 308 1298 .
340 1289 349 1298 .
382 1271 561 1314 scrupea
592 1259 720 1301 saxea
751 1258 912 1302 Bacchi

178 1333 267 1376 310
297 1332 478 1390 Templii
507 1350 642 1392 prope
674 1336 935 1393 adgreditur.

796 1413 993 1458 XXVIII
1025 1413 1093 1472 (7)

440 1524 449 1532 .
510 1490 745 1534 tiasantem
775 1491 951 1535 fremitu

270 1607 396 1642 xxm
422 1609 639 1643 Priscianus
663 1610 695 1642 X
727 1620 761 1654 p.
785 1611 853 1645 887
878 1611 919 1644 Ρ.
954 1614 1130 1646 ‘senesco
1154 1613 1404 1647 incohatiuum
1430 1618 1505 1648 est:
1538 1625 1621 1648 nam
1648 1625 1714 1658 po-

176 1653 327 1687 sitiuum
354 1655 434 1687 eius
459 1665 594 1688 seneo
619 1655 808 1689 inuenitur
831 1657 870 1689 in
894 1666 974 1691 usu.
1006 1657 1140 1691 Accius
1163 1683 1194 1692 ..
1209 1683 1217 1693 .
1239 1660 1423 1693 Pacuuius
1449 1661 1487 1693 in
1513 1660 1712 1694 Periboea:

177 1701 417 1743 quamquam’
444 1710 475 1735 e.
494 1710 527 1743 q.
546 1711 574 1734 s.
606 1700 857 1743 (Pacubins
881 1702 1038 1739 Carolir.
1057 1702 1162 1737 Grut.
1190 1704 1450 1739 Paucubins
1467 1705 1579 1749 Sang.
1596 1706 1685 1740 Pac
1700 1726 1714 1731 -

176 1744 306 1778 0111118
329 1745 440 1780 Bern.
535 1746 577 1779 in
603 1746 827 1781 Periboea
851 1758 921 1781 om.
947 1748 1076 1792 sang.)
1181 1750 1301 1783 XXIV
1324 1750 1417 1785 Non.
1444 1753 1524 1792 336,
1549 1752 1593 1784 26
1618 1751 1682 1785 ‘le
1703 1770 1716 1776 ·

175 1799 281 1823 aare
306 1800 448 1824 rursum
474 1791 642 1825 releuare
734 1795 763 1826 .’
803 1792 905 1826 Idem
928 1795 1007 1836 471,
1033 1795 1052 1827 7
1077 1794 1333 1829 ‘moderant
1357 1807 1421 1839 pro
1446 1796 1712 1830 moderantur.’

174 1834 278 1869 Idem
303 1837 388 1877 472,
412 1838 457 1870 20
490 1837 747 1871 ‘moderant
778 1849 842 1881 pro
872 1839 1110 1873 moderantur
1132 1866 1140 1874 .
1161 1866 1169 1874 .
1191 1843 1220 1873 .’
1336 1842 1437 1874 XXV
1463 1843 1556 1875 Non.
1581 1843 1642 1881 84,
1668 1844 1712 1876 23

177 1881 301 1924 ‘copi
326 1891 392 1925 pro
417 1882 565 1926 copioso
588 1884 665 1916 ...’
782 1883 903 1917 XXVI
927 1885 1020 1920 Non.
1038 1886 1116 1924 237,
1141 1887 1162 1918 2
1188 1889 1447 1920 ‘autumare
1474 1891 1530 1920 est
1555 1887 1710 1921 dicere)

266 1926 406 1960 XXVII
434 1928 547 1961 Varro
573 1928 618 1962 de
644 1928 668 1963 1.
694 1929 738 1962 L.
763 1929 833 1964 VII
857 1931 878 1963 6
901 1929 950 1963 M.
976 1931 1035 1963 ‘in
1062 1930 1167 1964 caelo
1192 1932 1404 1975 templum
1430 1933 1583 1974 dicitur,
1610 1938 1650 1967 ut
1674 1934 1712 1966 in

174 1972 331 2006 Hecuba
353 1997 361 2006 .
376 1997 408 2007 ..
430 1974 470 2006 in
494 1977 606 2014 terra,
630 1978 672 2007 ut
695 1975 735 2007 in
758 1975 941 2009 Periboea
963 2001 972 2010 .
987 2001 994 2009 .
1010 1979 1040 2010 .'
1134 1977 1293 2011 XXVIII
1318 1977 1410 2014 Non.
1435 1980 1515 2020 213,
1535 1980 1576 2012 13
1602 1982 1712 2012 ‘me—

175 2016 244 2051 los
265 2041 274 2050 .
292 2042 302 2052 .
322 2042 331 2051 .
359 2019 564 2053 masculino
596 2044 605 2053 .
627 2044 636 2054 .
655 2023 687 2054 .’
802 2020 927 2055 Morus
951 2021 1013 2055 uel
1038 2022 1183 2056 librarii
1207 2023 1268 2056 uel
1294 2023 1504 2057 diorthotae
1530 2034 1631 2057 error
1656 2029 1713 2058 est

259 2131 340 2171 304
356 2143 412 2182 sq.
435 2133 705 2182 Septenarium
726 2138 883 2184 agnouit
903 2136 1082 2185 Bantius,
1103 2139 1302 2175 constituit
1316 2138 1368 2175 M.
1379 2138 1587 2175 Hertzius:
1608 2140 1710 2186 olim,

174 2190 265 2236 quia
296 2193 415 2227 tamen
446 2194 645 2240 antiquum
675 2203 760 2230 esse
786 2194 988 2242 putabam,
1021 2196 1200 2232 senarios
1230 2195 1413 2232 iambicos
1441 2196 1633 2243 discripsi.

173 2245 260 2282 satis
290 2245 438 2284 habeam
468 2246 542 2285 taffi
563 2248 657 2298 Req.
687 2261 736 2287 m.
758 2248 802 2297 2,
835 2250 1010 2288 Heidelb.
1041 2252 1129 2288 satis
1160 2250 1308 2289 habeam
1338 2263 1414 2288 rem
1446 2251 1542 2301 Rey.
1574 2252 1709 2290 Bamb.

175 2301 294 2340 Bern.
323 2302 440 2353 Sanq.
473 2304 641 2344 Carolir.
673 2306 790 2344 Halb.
824 2307 958 2345 Grai„-
996 2308 1202 2346 librarium
1230 2310 1308 2357 qui
1336 2310 1504 2346 uoluisse
1542 2308 1709 2346 haberem

174 2361 401 2407 suspicatur
421 2361 598 2400 Botkius.
627 2363 716 2399 satis
748 2362 895 2400 habeam
927 2370 1044 2402 tamen
1075 2365 1264 2403 Krehlius
1292 2367 1380 2403 satis
1411 2371 1530 2402 tamen
1562 2365 1708 2402 habeam

173 2417 255 2463 ipse
285 2418 384 2454 olim.
487 2423 524 2456 te
553 2417 595 2455 ab
626 2430 685 2456 ara
715 2420 928 2459 Puesclzius
1050 2421 1132 2460 306
1166 2426 1251 2459 tunc
1283 2427 1319 2459 te
1347 2423 1438 2460 libri
1462 2434 1503 2470 p.
1528 2422 1609 2460 336

174 2472 364 2510 moderant
391 2475 484 2512 libri
505 2487 548 2524 p.
571 2475 654 2515 336
685 2475 822 2515 Bamb.
842 2490 883 2526 p.
905 2477 986 2516 471
1067 2478 1254 2516 fraternon
1284 2480 1375 2517 libri
1389 2491 1430 2526 p.
1452 2480 1532 2516 471
1611 2485 1709 2516 uetat

170 2529 263 2567 libri
286 2542 329 2578 p.
349 2530 430 2569 471
548 2532 629 2571 307
661 2533 883 2572 multimodis
926 2535 1054 2573 Vrbin.
1081 2535 1178 2582 307,
1210 2537 1292 2573 edd.
1324 2535 1558 2573 multimodiis
1590 2538 1711 2573 celeri

170 2586 263 2623 libri
346 2589 445 2626 uarie
475 2588 623 2627 dubium
652 2590 744 2628 libri
852 2591 934 2630 308
964 2592 1068 2641 plexa
1089 2594 1188 2630 conl.
1209 2593 1318 2630 Festi
1338 2604 1379 2641 p.
1404 2591 1486 2630 230
1507 2593 1559 2631 Μ.
1580 2595 1706 2640 ylossa

172 2642 366 2692 Berqlcius
394 2646 470 2683 ind.
492 2648 596 2684 lecu.
620 2647 784 2686 Halens.
810 2647 917 2687 1864
935 2661 974 2697 p.
1000 2649 1020 2686 1
1054 2649 1138 2697 (sed
1156 2649 1210 2698 cf.
1235 2648 1367 2687 Cicero
1397 2650 1443 2686 de
1470 2650 1547 2686 diu.
1572 2649 1620 2685 II
1637 2648 1706 2695 56,

175 2699 253 2738 115
285 2698 463 2739 ‘oraculis
493 2731 502 2741 .
521 2730 530 2741 .
550 2731 559 2741 .
588 2705 718 2753 partim
749 2704 848 2742 salsis
876 2734 886 2743 .
905 2734 915 2743 .
935 2734 944 2743 .
974 2707 1103 2755 partim
1136 2705 1340 2756 flexiloquis
1372 2711 1408 2742 et
1439 2704 1648 2752 obscuris.’)

171 2755 252 2794 309
279 2767 336 2807 sq.
370 2758 559 2798 Numeros
588 2760 784 2811 Berylcius
820 2763 1034 2811 dactylicos
1069 2765 1225 2801 metitur
1262 2766 1348 2800 item
1378 2767 1419 2798 ut
1450 2774 1487 2798 u.
1524 2761 1604 2798 272
1633 2772 1704 2809 sq„

651 2819 667 2838 Θ

168 2834 342 2882 fortasse
371 2842 491 2877 recte.
592 2851 673 2878 saxa
695 2842 961 2880 Flet-eminus·
977 2846 1071 2880 teste
1112 2843 1362 2879 Wilmmmsio
1392 2851 1495 2877 saxea
1523 2841 1708 2887 probauit

165 2896 257 2939 post
284 2893 576 2934 Lachmannum
607 2898 803 2947 Berylcius
830 2910 912 2936 saxa
944 2902 1065 2936 ceteri
1150 2898 1233 2935 310
1263 2897 1478 2947 aggreditur
1506 2898 1614 2935 Flor.
1645 2898 1704 2935 An

170 2948 404 2998 adgreditur?
433 2954 519 2991 olim
547 2953 735 3004 adgredite
757 2957 914 2993 conieci.
1042 2955 1117 2993 311
1156 2955 1371 2991 thesi-antem
1399 2955 1506 3000 libri,
1538 2955 1559 2991 11
1589 2956 1628 2991 in
1659 2955 1708 2991 W

1366 3030 1416 3067 8·
