1942 3204
297 246 380 289 258
604 247 670 281 EX
694 246 924 281 INCERTIS
950 245 1274 282 INGERTORVM
1297 245 1506 280 FABVLIS

962 350 1167 394 LXXXV

537 464 544 472 .
597 465 604 471 .
654 430 815 472 ferrum
848 444 918 471 aes
951 430 1179 485 argentum
1211 431 1362 470 aurum
1393 428 1564 483 penitus
1595 428 1789 471 abditum

950 522 1180 567 LXXXVI

303 601 388 645 155
418 601 542 645 Prius
573 602 699 644 undis
731 601 903 644 flamma

302 756 384 799 156
741 695 992 739 LXXXVII
1024 693 1158 753 (Eun.
1188 695 1299 738 Med.
1332 693 1379 751 8)

302 815 382 858 157
415 785 635 828 'Animum
667 772 844 829 aduerte
877 800 926 828 ac
958 783 1073 828 dicto
1105 785 1225 841 pare!

938 875 960 899 ²1<
1167 874 1189 898 ²1<

1053 904 1075 928 ἧς

414 957 606 1000 Praeter·
621 959 856 1015 rogitatum
889 958 924 1000 si
954 956 1095 1000 hisces

299 1087 405 1119 quam
430 1076 612 1110 hominem
631 1087 729 1117 eum,
757 1087 910 1120 quocum
936 1077 1075 1117 omnia,
1101 1086 1195 1118 quae
1219 1086 1275 1108 me
1294 1086 1381 1108 cura
1406 1075 1530 1117 aliqua
1546 1075 1725 1116 afficiunt,
1750 1086 1824 1109 una

299 1122 575 1163 communicem,
607 1122 668 1164 qui
700 1133 755 1154 me
783 1126 898 1165 amet,
932 1121 994 1164 qui
1026 1122 1168 1163 sapiat,
1201 1122 1345 1163 quicum
1378 1131 1445 1163 ego
1477 1132 1526 1153 ex
1557 1123 1720 1153 animo’
1751 1119 1823 1164 (ex

297 1167 440 1199 animo
459 1168 504 1199 H.
524 1169 565 1200 A.
584 1167 765 1210 Kochius,
793 1168 927 1200 etiam
954 1166 1032 1200 cod.
1060 1177 1110 1199 ex
1137 1166 1271 1198 animi
1297 1166 1529 1199 sententia
1554 1166 1634 1208 ipse
1661 1166 1822 1199 coniece-

299 1211 391 1253 ram)
419 1211 582 1263 ‘loquar,
607 1212 698 1245 mlnl
716 1211 870 1255 fingam
899 1212 988 1244 n1h11
1007 1211 1251 1253 dissimulem
1275 1211 1366 1244 nihil
1383 1211 1564 1253 obtegam.
1597 1212 1704 1244 abest
1728 1212 1822 1244 enim

299 1257 414 1289 frater
431 1250 687 1300 ἀφελέστατος
705 1260 741 1290 et
755 1258 1027 1291 amantissimus
1043 1257 1131 1289 mei:
1150 1256 1330 1289 aliusnon
1342 1256 1458 1297 homo,
1477 1256 1543 1288 sed
1560 1255 1690 1289 litus’
1711 1267 1740 1289 e.
1749 1267 1782 1299 q.
1793 1266 1821 1289 s.

297 1302 415 1343 (meiz
440 1302 560 1335 alius
578 1303 712 1345 sciipsi
728 1302 940 1335 metellus
958 1302 1043 1336 libri
1066 1311 1184 1335 meus
1201 1301 1243 1334 A.
1266 1303 1492 1344 Augustinus
1509 1301 1595 1334 mei
1610 1301 1823 1344 Malaspina

297 1348 391 1380 mei.
417 1347 537 1380 solus
563 1358 651 1385 sum
676 1347 954 1390 Peerlkampus.
1046 1357 1131 1390 non
1155 1347 1278 1379 homo
1304 1346 1462 1380 fortasse
1485 1356 1611 1379 nemo
1636 1347 1824 1390 corrigen—

296 1392 391 1426 dum.
410 1392 547 1425 Poetae
560 1393 688 1434 uerba,
707 1402 799 1435 quae
815 1396 897 1435 post
913 1402 968 1425 me
984 1393 1061 1435 ipse
1080 1402 1222 1435 quoque
1240 1393 1403 1434 agnouit,
1420 1391 1684 1435 Peerlkampus
1701 1391 1748 1425 ab
1766 1391 1823 1424 his

296 1437 382 1469 ιιόη
407 1437 529 1470 hoino
555 1441 634 1479 est,
660 1437 736 1470 sed
760 1438 872 1480 incipi
896 1436 1043 1480 uoluit.)
1088 1437 1326 1470 Prometheus
1354 1436 1451 1480 apud
1474 1438 1616 1470 Attium
1644 1438 1698 1470 sic
1723 1436 1823 1479 loqui

295 1482 427 1525 potuit.
500 1482 667 1515 LXXXV
692 1482 822 1515 Cicero
846 1482 890 1515 de
908 1483 969 1517 off.
988 1483 1023 1516 11
1047 1484 1080 1523 4,
1106 1484 1146 1515 13
1172 1481 1395 1524 ‘eademque
1421 1482 1562 1514 ratione
1588 1492 1657 1514 nec
1681 1481 1822 1525 lapides

297 1538 341 1560 ex
368 1530 467 1560 terra
486 1527 743 1560 exciderentur
761 1527 807 1560 ad
825 1538 926 1560 usum
945 1531 1105 1561 nostrum
1123 1527 1336 1569 necessarii,
1363 1537 1431 1560 nec
1458 1526 1621 1560 ferrum
1647 1537 1721 1559 aes
1747 1537 1823 1559 au-

296 1583 384 1605 ium
410 1577 638 1632 argentum
664 1572 898 1605 ecfoderetur
922 1573 1103 1616 penitus
1129 1572 1327 1605 abditum
1345 1573 1424 1604 sine
1442 1571 1623 1605 hominum
1642 1571 1768 1605 labore
1787 1574 1823 1604 et

295 1628 415 1652 mauu.
421 1616 544 1658 '(aes
564 1628 714 1650 aurum
733 1622 969 1660 argentum
987 1618 1113 1652 Bamb.
1128 1618 1320 1650 Wuerzeb.
1340 1617 1474 1650 Bernn.
1493 1618 1544 1650 bc
1565 1627 1642 1650 aes
1666 1627 1823 1660 argen-

295 1666 383 1695 tum
409 1673 578 1704 aurum,
604 1662 670 1695 scd
694 1663 808 1706 signis
834 1663 1134 1706 transpositionis
1159 1662 1286 1695 cadem
1313 1673 1360 1697 m.
1386 1663 1469 1698 add
1493 1662 1602 1696 Bern.
1626 1673 1648 1695 a
1673 1672 1823 1694 aurum

296 1719 373 1741 aes
398 1711 630 1750 argentum
650 1709 757 1741 Bern.
773 1719 791 1741 e
810 1707 928 1751 Rom.)
952 1708 1053 1741 Idem
1072 1707 1116 1741 de
1135 1711 1210 1740 nat.
1230 1707 1329 1741 deor.
1346 1707 1383 1740 ΙΙ
1399 1709 1534 1746 60,151
1555 1711 1643 1740 ‘nos
1662 1718 1680 1739 e
1689 1706 1818 1740 terrae

299 1755 471 1785 cauernis
504 1754 638 1795 serrum
666 1753 849 1794 elicimus,
877 1764 951 1785 rem
975 1754 1021 1786 ad
1041 1753 1213 1786 colendos
1231 1763 1340 1796 agros
1364 1753 1632 1792 necessariam3
1661 1762 1726 1785 nos
1751 1762 1823 1784 ae-

295 1798 356 1830 ris
389 1799 567 1840 argenti
605 1799 702 1831 auri
742 1809 858 1831 uenas
895 1799 1078 1841 penitus
1112 1798 1293 1831 abditas
1323 1799 1527 1830 inuenimus
1565 1802 1603 1830 et
1636 1798 1683 1830 ad
1719 1807 1822 1829 usum

301 1847 410 1886 iptas
436 1847 473 1875 et
499 1844 545 1875 ad
572 1847 739 1876 ornatum
759 1844 939 1876 decoras)
971 1844 1074 1877 Vnde
1099 1853 1226 1876 uersus
1250 1843 1470 1886 particulam
1489 1843 1617 1876 elicuit
1634 1846 1715 1886 post
1733 1843 1822 1875 Gru-

298 1892 411 1920 terum
438 1890 604 1943 Langius
622 1886 729 1921 Vind.
748 1899 781 1931 p.
799 1890 859 1927 36,
886 1889 948 1931 qui
973 1890 1196 1941 comparatis
1220 1899 1263 1921 ex
1281 1888 1455 1941 Aeschyli
1473 1888 1687 1920 Prometheo
1704 1898 1738 1920 u.
1756 1889 1824 1920 500

296 1943 374 1975 sqq.
392 1930 530 1986 ἔνερθε
548 1930 590 1967 δὲ
608 1927 752 1986 χθονός
763 1913 1005 1977 Κεκρυμμέν’
1018 1928 1283 1976 ἀνθρωποισιν
1300 1927 1535 1977 ωφελήματα
1549 1928 1704 1966 Χαλκόν
1718 1932 1822 1975 σίδη-

296 1989 362 2020 ρον
384 1989 550 2022 αργυρον
568 1974 707 2022 χρυσόν
725 1989 765 2012 τε
782 1990 818 2012 κ.
837 1990 868 2014 τ.
887 1979 917 2012 λ.
935 1980 1026 2011 Attii
1043 1978 1262 2011 Prometheo
1279 1982 1406 2011 nostra
1423 1978 1562 2013 tribuit.
1633 1945 1818 2010 Lxxxv⁰1

295 2024 422 2056 Cicero
444 2024 535 2059 Phil.
553 2024 642 2058 XIII
659 2026 715 2066 21,
733 2026 811 2058 49‘
822 2025 943 2066 prius
967 2024 1097 2056 undis
1122 2024 1316 2066 flamma,
1346 2026 1392 2056 ut
1415 2023 1479 2055 ait
1502 2026 1639 2065 poeta
1665 2023 1821 2055 nescio

298 2069 420 2111 quis,
446 2070 548 2111 prius
572 2069 729 2111 denique
749 2071 886 2110 omnia,
915 2079 1022 2111 quam
1047 2072 1111 2101 aut
1134 2079 1214 2101 cum
1231 2068 1400 2101 Antoniis
1417 2078 1476 2100 res
1493 2068 1642 2110 publica
1658 2072 1724 2100 aut
1741 2078 1822 2100 cum

295 2124 332 2145 re
359 2114 508 2156 publica
525 2115 676 2147 Antonii
693 2115 873 2146 redeant·
863 2124 901 2146 ιη
918 2117 1104 2166 gratiam!
1135 2113 1188 2146 Cf.
1204 2114 1286 2155 Aug
1288 2114 1363 2146 usti
1380 2113 1516 2145 dictum
1541 2113 1636 2154 apud
1655 2112 1822 2146 Cassium

295 2159 448 2191 Dionem
474 2160 538 2192 LV
564 2161 605 2192 13
630 2159 780 2193 θᾶσσον
803 2183 833 2193 ..
856 2157 931 2201 πῦρ
956 2152 1071 2192 υδατι
1095 2124 1371 2202 μιχθήσεσθαι.
1463 2157 1627 2190 LXXXV
1632 2159 1669 2191 ΙΙ
1694 2157 1821 2190 Cicero

296 2214 359 2246 pro
385 2205 534 2236 R1b1r10
559 2205 657 2238 Post.
686 2206 746 2245 11,
763 2206 806 2237 29
832 2207 1003 2247 ‘regum
1031 2208 1148 2236 autem
1172 2207 1258 2236 sunt
1281 2203 1371 2236 liaeo
1396 2203 1605 2245 imperia:
1632 2203 1820 2235 animum

295 2249 484 2282 aduorte
518 2261 567 2282 ac
599 2250 720 2282 dicto
751 2260 874 2292 pare3
908 2253 945 2282 et
972 2247 1070 2292 [158]
1107 2252 1145 2281 et
1176 2249 1264 2281 illae
1297 2249 1419 2281 minae
1443 2247 1552 2291 [Enn.
1578 2248 1675 2281 Meda
1701 2245 1819 2291 VIIJ.’

295 2294 351 2326 Ad
376 2294 486 2326 Ennii
503 2295 669 2328 Medeam
695 2294 788 2328 haec
806 2305 946 2337 quoque
965 2294 1096 2327 referri
1111 2304 1218 2337 possc
1234 2295 1376 2327 monuit
1392 2294 1563 2336 Scaliger
1580 2293 1683 2329 Coni.
1703 2304 1738 2336 p.
1757 2296 1820 2326 60:

297 2339 346 2372 cf.
372 2340 497 2382 Eurip.
523 2341 602 2374 274.
627 2342 692 2373 321

411 2482 489 2519 154
521 2494 646 2519 aurum
678 2484 792 2532 uulgo
823 2494 891 2519 om.
1027 2482 1106 2520 155
1138 2459 1249 2519 undis'
1281 2481 1419 2518 [lamma
1457 2483 1696 2518 recentiores
1730 2481 1821 2518 libri

295 2540 491 2584 Ferrarii,
533 2539 645 2576 undas
677 2539 850 2575 flammam
880 2540 969 2576 libri
996 2541 1176 2590 plerique
1205 2538 1318 2574 undas
1351 2537 1596 2586 flammamque
1627 2537 1710 2574 edd.
1741 2541 1816 2573 uel.

297 2607 377 2632 cum
409 2595 514 2631 undis
537 2595 570 2631 ss
563 2607 675 2632 imma
698 2597 844 2643 Gryplz.
936 2596 1014 2633 156
1037 2606 1093 2642 sq.
1125 2594 1367 2632 animaduerte
1389 2605 1428 2630 ac
1448 2593 1545 2630 (licto
1567 2593 1644 2640 (uel
1664 2592 1819 2645 addicto)

296 2663 380 2700 pare
409 2653 500 2689 libri
533 2653 689 2688 animum
720 2652 870 2688 aduorte
901 2657 937 2688 ct
959 2652 1065 2688 (lis-to
1104 2663 1188 2700 pare
1220 2651 1395 2699 Scaliqer
1426 2650 1528 2686 Coni.
1556 2661 1594 2697 p.
1625 2649 1678 2686 60

299 2707 378 2745 158
411 2709 439 2744 si
471 2708 590 2745 hisces
611 2711 754 2755 scripsi
772 2709 801 2744 si
822 2709 879 2756 pie
900 2711 962 2746 uel
983 2709 1061 2758 piae
1081 2709 1237 2745 Monac.
1259 2707 1437 2744 Vi.ndobb
1462 2711 1642 2753 uterque,
1668 2704 1816 2742 Ooeonn.

295 2763 321 2799 4
353 2765 399 2800 sit
428 2765 486 2813 pie
518 2764 654 2802 Salisb.
687 2765 792 2804 Glor
825 2764 972 2802 annn.
1009 2766 1081 2813 Τψ
1118 2766 1148 2800 si
1180 2764 1359 2813 quippiam
1389 2763 1626 2799 Αειεηεὶαηα
1663 2761 1693 2797 si
1732 2760 1817 2809 quid

298 2820 475 2857 Halmius
505 2822 534 2856 si
565 2832 714 2869 quei-arc
741 2821 892 2858 Iuntina
919 2821 1050 2858 Orellii
1078 2822 1107 2857 si
1138 2821 1286 2869 loquare
1315 2830 1367 2857 ex
1387 2819 1595 2855 Hotomam·
1623 2819 1703 2854 cod.
1736 2828 1817 2854 sus-

291 2881 406 2922 pecco
428 2877 636 2914 Lambinus
665 2888 709 2913 ne
740 2887 891 2926 querare
913 2877 1090 2926 Scaliqer
1210 2878 1288 2914 Vno
1319 2886 1435 2913 uersu
1465 2875 1618 2911 {inimum
1650 2886 1681 2910 a.
1714 2884 1754 2909 ac
1783 2872 1817 2908 d.

296 2944 330 2980 p.
364 2938 398 2968 ct
431 2938 574 2980 praeter
605 2935 800 2981 rogitatum
833 2933 896 2970 sile
931 2934 1195 2970 Buecheler-ns
