<?xml version="1.0" encoding="UTF-8"?>
<!DOCTYPE html PUBLIC "-//W3C//DTD XHTML 1.0 Transitional//EN"
    "http://www.w3.org/TR/xhtml1/DTD/xhtml1-transitional.dtd">
<html xmlns="http://www.w3.org/1999/xhtml" xml:lang="en" lang="en">
 <head>
  <title>
</title>
<meta http-equiv="Content-Type" content="text/html;charset=utf-8" />
  <meta name='ocr-system' content='tesseract 3.04.00' />
  <meta name='ocr-capabilities' content='ocr_page ocr_carea ocr_par ocr_line ocrx_word'/>
</head>
<body>
  <div class='ocr_page' id='page_1' title='image "./romanorumpoes01ribbuoft_0370.png"; bbox 0 0 1942 3204; ppageno 0'>
   <div class='ocr_carea' id='block_1_1' title="bbox 296 189 1200 236">
    <p class='ocr_par' dir='ltr' id='par_1_1' title="bbox 296 189 1200 236">
     <span class='ocr_line' id='line_1_1' title="bbox 296 189 1200 236; baseline -0.002 -11"><span class='ocrx_word' id='word_1_1' title='bbox 296 194 380 236; x_wconf 77' lang='lat'><strong>285</strong></span> <span class='ocrx_word' id='word_1_2' title='bbox 920 189 1200 225; x_wconf 83' lang='lat' dir='ltr'>POMPONIVS</span> 
     </span>
    </p>
   </div>
   <div class='ocr_carea' id='block_1_2' title="bbox 415 364 1514 615">
    <p class='ocr_par' dir='ltr' id='par_1_2' title="bbox 415 364 1514 615">
     <span class='ocr_line' id='line_1_2' title="bbox 618 364 1514 430; baseline 0 -7"><span class='ocrx_word' id='word_1_3' title='bbox 618 369 678 424; x_wconf 93' lang='lat' dir='ltr'><strong>P.</strong></span> <span class='ocrx_word' id='word_1_4' title='bbox 722 364 1118 424; x_wconf 13' lang='lat' dir='ltr'><strong>PVOMPONIVS</strong></span> <span class='ocrx_word' id='word_1_5' title='bbox 1160 364 1514 430; x_wconf 76' lang='lat' dir='ltr'>SECVNDVS</span> 
     </span>
     <span class='ocr_line' id='line_1_3' title="bbox 941 478 1180 523; baseline 0 0"><span class='ocrx_word' id='word_1_6' title='bbox 941 478 1180 523; x_wconf 83' lang='lat' dir='ltr'>AENEAS</span> 
     </span>
     <span class='ocr_line' id='line_1_4' title="bbox 415 557 1105 615; baseline -0.004 -11"><span class='ocrx_word' id='word_1_7' title='bbox 415 558 482 604; x_wconf 83' lang='lat' dir='ltr'><strong>Ex</strong></span> <span class='ocrx_word' id='word_1_8' title='bbox 512 560 674 603; x_wconf 69' lang='lat' dir='ltr'><strong>humile</strong></span> <span class='ocrx_word' id='word_1_9' title='bbox 704 573 818 615; x_wconf 83' lang='lat' dir='ltr'><strong>rege.</strong></span> <span class='ocrx_word' id='word_1_10' title='bbox 1092 557 1105 580; x_wconf 71' lang='grc'><strong>’·’</strong></span> 
     </span>
    </p>
   </div>
   <div class='ocr_carea' id='block_1_3' title="bbox 280 685 1824 824">
    <p class='ocr_par' dir='ltr' id='par_1_3' title="bbox 280 685 1824 824">
     <span class='ocr_line' id='line_1_5' title="bbox 387 685 1821 730; baseline -0.003 -5"><span class='ocrx_word' id='word_1_11' title='bbox 387 693 562 725; x_wconf 74' lang='lat' dir='ltr'><strong>Pom‘om</strong></span> <span class='ocrx_word' id='word_1_12' title='bbox 588 690 769 723; x_wconf 66' lang='lat' dir='ltr'><strong>AENEAS.‘</strong></span> <span class='ocrx_word' id='word_1_13' title='bbox 799 687 989 722; x_wconf 80' lang='lat' dir='ltr'>Charisius</span> <span class='ocrx_word' id='word_1_14' title='bbox 1013 687 1031 720; x_wconf 96' lang='lat' dir='ltr'>I</span> <span class='ocrx_word' id='word_1_15' title='bbox 1056 698 1090 730; x_wconf 86' lang='lat' dir='ltr'><strong>p.</strong></span> <span class='ocrx_word' id='word_1_16' title='bbox 1118 688 1182 720; x_wconf 81' lang='lat'><strong>107</strong></span> <span class='ocrx_word' id='word_1_17' title='bbox 1206 686 1246 718; x_wconf 89' lang='grc' dir='ltr'><strong>Ρ.</strong></span> <span class='ocrx_word' id='word_1_18' title='bbox 1281 686 1467 720; x_wconf 82' lang='lat' dir='ltr'><strong>‘humile</strong></span> <span class='ocrx_word' id='word_1_19' title='bbox 1499 686 1544 719; x_wconf 90' lang='lat' dir='ltr'><strong>de</strong></span> <span class='ocrx_word' id='word_1_20' title='bbox 1575 687 1719 721; x_wconf 87' lang='lat' dir='ltr'><strong>homine</strong></span> <span class='ocrx_word' id='word_1_21' title='bbox 1752 685 1821 720; x_wconf 82' lang='lat' dir='ltr'><strong>ali-</strong></span> 
     </span>
     <span class='ocr_line' id='line_1_6' title="bbox 301 731 1823 781; baseline -0.002 -11"><span class='ocrx_word' id='word_1_22' title='bbox 301 748 388 781; x_wconf 90' lang='lat' dir='ltr'><strong>quo,</strong></span> <span class='ocrx_word' id='word_1_23' title='bbox 411 740 452 769; x_wconf 85' lang='lat' dir='ltr'><strong>ut</strong></span> <span class='ocrx_word' id='word_1_24' title='bbox 476 736 697 779; x_wconf 85' lang='lat' dir='ltr'>Pomponius</span> <span class='ocrx_word' id='word_1_25' title='bbox 724 734 912 768; x_wconf 84' lang='lat' dir='ltr'><strong>Secundus</strong></span> <span class='ocrx_word' id='word_1_26' title='bbox 938 734 975 766; x_wconf 89' lang='lat' dir='ltr'><strong>in</strong></span> <span class='ocrx_word' id='word_1_27' title='bbox 999 733 1128 766; x_wconf 80' lang='lat' dir='ltr'><strong>Aenea</strong></span> <span class='ocrx_word' id='word_1_28' title='bbox 1152 756 1182 766; x_wconf 87' lang='lat'><strong>..</strong></span> <span class='ocrx_word' id='word_1_29' title='bbox 1197 757 1204 765; x_wconf 91' lang='lat'><strong>.</strong></span> <span class='ocrx_word' id='word_1_30' title='bbox 1228 731 1355 765; x_wconf 82' lang='lat' dir='ltr'><strong>humili</strong></span> <span class='ocrx_word' id='word_1_31' title='bbox 1380 732 1566 774; x_wconf 78' lang='lat' dir='ltr'><strong>ablatiuo,</strong></span> <span class='ocrx_word' id='word_1_32' title='bbox 1595 733 1630 766; x_wconf 77' lang='lat' dir='ltr'><strong>si</strong></span> <span class='ocrx_word' id='word_1_33' title='bbox 1653 743 1712 765; x_wconf 85' lang='lat' dir='ltr'><strong>res</strong></span> <span class='ocrx_word' id='word_1_34' title='bbox 1737 735 1823 768; x_wconf 61' lang='lat' dir='ltr'><strong>est)</strong></span> 
     </span>
     <span class='ocr_line' id='line_1_7' title="bbox 280 777 1824 824; baseline -0.003 -9"><span class='ocrx_word' id='word_1_35' title='bbox 280 783 378 824; x_wconf 51' lang='grc' dir='ltr'><strong>ν(Αεε</strong></span> <span class='ocrx_word' id='word_1_36' title='bbox 390 792 472 815; x_wconf 83' lang='lat' dir='ltr'><strong>nea</strong></span> <span class='ocrx_word' id='word_1_37' title='bbox 499 781 579 816; x_wconf 85' lang='lat' dir='ltr'><strong>eod.</strong></span> <span class='ocrx_word' id='word_1_38' title='bbox 617 791 758 813; x_wconf 82' lang='lat' dir='ltr'><strong>coena</strong></span> <span class='ocrx_word' id='word_1_39' title='bbox 784 779 838 813; x_wconf 90' lang='lat' dir='ltr'><strong>ed.</strong></span> <span class='ocrx_word' id='word_1_40' title='bbox 865 789 920 822; x_wconf 86' lang='lat' dir='ltr'><strong>pr.</strong></span> <span class='ocrx_word' id='word_1_41' title='bbox 947 778 1097 811; x_wconf 80' lang='lat' dir='ltr'><strong>Caena</strong></span> <span class='ocrx_word' id='word_1_42' title='bbox 1122 777 1342 818; x_wconf 82' lang='lat' dir='ltr'><strong>Putschius.)</strong></span> <span class='ocrx_word' id='word_1_43' title='bbox 1405 777 1508 810; x_wconf 89' lang='lat' dir='ltr'><strong>Inter</strong></span> <span class='ocrx_word' id='word_1_44' title='bbox 1531 780 1745 820; x_wconf 80' lang='lat' dir='ltr'><strong>praetextas</strong></span> <span class='ocrx_word' id='word_1_45' title='bbox 1769 788 1824 811; x_wconf 87' lang='lat' dir='ltr'><strong>re-</strong></span> 
     </span>
    </p>
   </div>
   <div class='ocr_carea' id='block_1_4' title="bbox 301 822 1870 866">
    <p class='ocr_par' dir='ltr' id='par_1_4' title="bbox 301 822 1870 866">
     <span class='ocr_line' id='line_1_8' title="bbox 301 822 1870 866; baseline -0.003 -6"><span class='ocrx_word' id='word_1_46' title='bbox 301 827 492 861; x_wconf 83' lang='lat' dir='ltr'><strong>ferendam</strong></span> <span class='ocrx_word' id='word_1_47' title='bbox 517 836 598 860; x_wconf 86' lang='lat' dir='ltr'><strong>esse</strong></span> <span class='ocrx_word' id='word_1_48' title='bbox 622 828 723 859; x_wconf 83' lang='lat' dir='ltr'><strong>recte</strong></span> <span class='ocrx_word' id='word_1_49' title='bbox 748 825 887 859; x_wconf 87' lang='lat' dir='ltr'><strong>monuit</strong></span> <span class='ocrx_word' id='word_1_50' title='bbox 909 825 958 857; x_wconf 91' lang='lat' dir='ltr'><strong>M.</strong></span> <span class='ocrx_word' id='word_1_51' title='bbox 974 823 1149 858; x_wconf 83' lang='lat' dir='ltr'><strong>Hertzius</strong></span> <span class='ocrx_word' id='word_1_52' title='bbox 1174 823 1233 856; x_wconf 81' lang='lat' dir='ltr'><strong>‘de</strong></span> <span class='ocrx_word' id='word_1_53' title='bbox 1258 822 1402 856; x_wconf 78' lang='lat' dir='ltr'><strong>Scaeuo</strong></span> <span class='ocrx_word' id='word_1_54' title='bbox 1426 823 1586 856; x_wconf 84' lang='lat' dir='ltr'><strong>Memore</strong></span> <span class='ocrx_word' id='word_1_55' title='bbox 1610 826 1722 866; x_wconf 80' lang='lat' dir='ltr'><strong>poeta</strong></span> <span class='ocrx_word' id='word_1_56' title='bbox 1747 826 1826 856; x_wconf 80' lang='lat' dir='ltr'><strong>tra·</strong></span> <span class='ocrx_word' id='word_1_57' title='bbox 1868 834 1870 836; x_wconf 94' lang='lat'>·</span> 
     </span>
    </p>
   </div>
   <div class='ocr_carea' id='block_1_5' title="bbox 304 873 530 916">
    <p class='ocr_par' dir='ltr' id='par_1_5' title="bbox 304 873 530 916">
     <span class='ocr_line' id='line_1_9' title="bbox 304 873 530 916; baseline -0.004 -11"><span class='ocrx_word' id='word_1_58' title='bbox 304 874 387 916; x_wconf 86' lang='lat' dir='ltr'><strong>gioo</strong></span> <span class='ocrx_word' id='word_1_59' title='bbox 397 875 408 892; x_wconf 89' lang='lat'>’</span> <span class='ocrx_word' id='word_1_60' title='bbox 435 883 468 915; x_wconf 73' lang='lat' dir='ltr'><strong>p,</strong></span> <span class='ocrx_word' id='word_1_61' title='bbox 498 873 530 905; x_wconf 80' lang='lat'><strong>2.</strong></span> 
     </span>
    </p>
   </div>
   <div class='ocr_carea' id='block_1_6' title="bbox 393 977 1228 1031">
    <p class='ocr_par' dir='ltr' id='par_1_6' title="bbox 393 977 1228 1031">
     <span class='ocr_line' id='line_1_10' title="bbox 393 977 1228 1031; baseline -0.001 -12"><span class='ocrx_word' id='word_1_62' title='bbox 393 987 449 1020; x_wconf 88' lang='lat' dir='ltr'><strong>Ex</strong></span> <span class='ocrx_word' id='word_1_63' title='bbox 475 977 625 1031; x_wconf 58' lang='lat' dir='ltr'><strong>prolog&#39;o</strong></span> <span class='ocrx_word' id='word_1_64' title='bbox 649 985 927 1030; x_wconf 80' lang='lat' dir='ltr'><strong>Amphitruonis</strong></span> <span class='ocrx_word' id='word_1_65' title='bbox 950 995 1081 1019; x_wconf 80' lang='lat' dir='ltr'><strong>uersus</strong></span> <span class='ocrx_word' id='word_1_66' title='bbox 1105 986 1148 1018; x_wconf 90' lang='lat'><strong>41</strong></span> <span class='ocrx_word' id='word_1_67' title='bbox 1174 995 1228 1028; x_wconf 88' lang='lat' dir='ltr'><strong>sq.</strong></span> 
     </span>
    </p>
   </div>
   <div class='ocr_carea' id='block_1_7' title="bbox 502 1040 1590 1212">
    <p class='ocr_par' dir='ltr' id='par_1_7' title="bbox 502 1040 1590 1212">
     <span class='ocr_line' id='line_1_11' title="bbox 502 1040 1541 1087; baseline -0.002 -11"><span class='ocrx_word' id='word_1_68' title='bbox 502 1055 587 1077; x_wconf 84' lang='lat' dir='ltr'><strong>nam</strong></span> <span class='ocrx_word' id='word_1_69' title='bbox 611 1043 698 1087; x_wconf 79' lang='lat' dir='ltr'><strong>quid</strong></span> <span class='ocrx_word' id='word_1_70' title='bbox 723 1053 789 1086; x_wconf 86' lang='lat' dir='ltr'><strong>ego</strong></span> <span class='ocrx_word' id='word_1_71' title='bbox 814 1054 1005 1077; x_wconf 82' lang='lat' dir='ltr'><strong>memorem</strong></span> <span class='ocrx_word' id='word_1_72' title='bbox 1027 1046 1070 1076; x_wconf 88' lang='lat' dir='ltr'><strong>ut</strong></span> <span class='ocrx_word' id='word_1_73' title='bbox 1093 1042 1186 1077; x_wconf 53' lang='lat' dir='ltr'><strong>elios</strong></span> <span class='ocrx_word' id='word_1_74' title='bbox 1212 1043 1256 1075; x_wconf 89' lang='lat' dir='ltr'><strong>in</strong></span> <span class='ocrx_word' id='word_1_75' title='bbox 1281 1040 1541 1085; x_wconf 62' lang='lat' dir='ltr'><strong>tragoediis</strong></span> 
     </span>
     <span class='ocr_line' id='line_1_12' title="bbox 503 1086 1407 1132; baseline -0.001 -11"><span class='ocrx_word' id='word_1_76' title='bbox 503 1088 606 1131; x_wconf 85' lang='lat' dir='ltr'><strong>Vidi,</strong></span> <span class='ocrx_word' id='word_1_77' title='bbox 630 1089 879 1132; x_wconf 82' lang='lat' dir='ltr'><strong>Neptunum</strong></span> <span class='ocrx_word' id='word_1_78' title='bbox 903 1088 1127 1122; x_wconf 73' lang='lat' dir='ltr'><strong>Virtutem</strong></span> <span class='ocrx_word' id='word_1_79' title='bbox 1151 1086 1407 1122; x_wconf 76' lang='lat' dir='ltr'><strong>Victoriam</strong></span> 
     </span>
     <span class='ocr_line' id='line_1_13' title="bbox 504 1131 1590 1175; baseline -0.001 -8"><span class='ocrx_word' id='word_1_80' title='bbox 504 1133 681 1167; x_wconf 73' lang='lat' dir='ltr'><strong>Martem</strong></span> <span class='ocrx_word' id='word_1_81' title='bbox 709 1133 951 1175; x_wconf 84' lang='lat' dir='ltr'><strong>Bellonam,</strong></span> <span class='ocrx_word' id='word_1_82' title='bbox 978 1133 1315 1167; x_wconf 72' lang='lat' dir='ltr'><strong>commemorare</strong></span> <span class='ocrx_word' id='word_1_83' title='bbox 1342 1131 1452 1175; x_wconf 67' lang='lat' dir='ltr'><strong>quae</strong></span> <span class='ocrx_word' id='word_1_84' title='bbox 1478 1133 1590 1166; x_wconf 84' lang='lat' dir='ltr'><strong>bona</strong></span> 
     </span>
     <span class='ocr_line' id='line_1_14' title="bbox 504 1179 1176 1212; baseline 0 0"><span class='ocrx_word' id='word_1_85' title='bbox 504 1179 642 1212; x_wconf 80' lang='lat' dir='ltr'><strong>Vobis</strong></span> <span class='ocrx_word' id='word_1_86' title='bbox 669 1180 914 1212; x_wconf 79' lang='lat' dir='ltr'><strong>fecissent?</strong></span> <span class='ocrx_word' id='word_1_87' title='bbox 1163 1184 1176 1194; x_wconf 62' lang='lat'><strong>⁹</strong></span> 
     </span>
    </p>
   </div>
   <div class='ocr_carea' id='block_1_8' title="bbox 301 1234 1824 1540">
    <p class='ocr_par' dir='ltr' id='par_1_8' title="bbox 301 1234 1824 1540">
     <span class='ocr_line' id='line_1_15' title="bbox 302 1234 1824 1281; baseline -0.001 -11"><span class='ocrx_word' id='word_1_88' title='bbox 302 1241 494 1281; x_wconf 86' lang='lat' dir='ltr'><strong>praeterea</strong></span> <span class='ocrx_word' id='word_1_89' title='bbox 518 1237 556 1269; x_wconf 88' lang='lat' dir='ltr'><strong>in</strong></span> <span class='ocrx_word' id='word_1_90' title='bbox 582 1236 818 1280; x_wconf 74' lang='lat' dir='ltr'><strong>captiuorum</strong></span> <span class='ocrx_word' id='word_1_91' title='bbox 843 1235 994 1278; x_wconf 83' lang='lat' dir='ltr'>prologo</span> <span class='ocrx_word' id='word_1_92' title='bbox 1020 1246 1054 1269; x_wconf 88' lang='lat' dir='ltr'><strong>u.</strong></span> <span class='ocrx_word' id='word_1_93' title='bbox 1079 1237 1123 1268; x_wconf 82' lang='lat'><strong>60</strong></span> <span class='ocrx_word' id='word_1_94' title='bbox 1148 1244 1225 1278; x_wconf 81' lang='lat' dir='ltr'><strong>sqq.</strong></span> <span class='ocrx_word' id='word_1_95' title='bbox 1252 1234 1446 1277; x_wconf 82' lang='lat' dir='ltr'><strong>repudiata</strong></span> <span class='ocrx_word' id='word_1_96' title='bbox 1469 1235 1674 1268; x_wconf 81' lang='lat' dir='ltr'><strong>comoediae</strong></span> <span class='ocrx_word' id='word_1_97' title='bbox 1698 1246 1824 1278; x_wconf 89' lang='lat' dir='ltr'><strong>proe-</strong></span> 
     </span>
     <span class='ocr_line' id='line_1_16' title="bbox 301 1279 1823 1324; baseline 0 -9"><span class='ocrx_word' id='word_1_98' title='bbox 301 1284 384 1324; x_wconf 82' lang='lat' dir='ltr'><strong>lia,</strong></span> <span class='ocrx_word' id='word_1_99' title='bbox 417 1283 502 1315; x_wconf 86' lang='lat' dir='ltr'><strong>item</strong></span> <span class='ocrx_word' id='word_1_100' title='bbox 528 1282 566 1314; x_wconf 91' lang='lat' dir='ltr'><strong>in</strong></span> <span class='ocrx_word' id='word_1_101' title='bbox 591 1280 778 1315; x_wconf 85' lang='lat' dir='ltr'><strong>Ciceronis</strong></span> <span class='ocrx_word' id='word_1_102' title='bbox 804 1281 849 1313; x_wconf 81' lang='lat' dir='ltr'><strong>ad</strong></span> <span class='ocrx_word' id='word_1_103' title='bbox 874 1281 989 1313; x_wconf 84' lang='lat' dir='ltr'><strong>famil.</strong></span> <span class='ocrx_word' id='word_1_104' title='bbox 1015 1280 1085 1313; x_wconf 94' lang='lat' dir='ltr'><strong>VII</strong></span> <span class='ocrx_word' id='word_1_105' title='bbox 1110 1282 1146 1321; x_wconf 87' lang='lat'><strong>1,</strong></span> <span class='ocrx_word' id='word_1_106' title='bbox 1170 1281 1190 1312; x_wconf 82' lang='lat'>2</span> <span class='ocrx_word' id='word_1_107' title='bbox 1216 1279 1374 1322; x_wconf 82' lang='lat' dir='ltr'><strong>epistula</strong></span> <span class='ocrx_word' id='word_1_108' title='bbox 1398 1283 1714 1313; x_wconf 83' lang='lat' dir='ltr'><strong>commemoratam</strong></span> <span class='ocrx_word' id='word_1_109' title='bbox 1746 1292 1823 1324; x_wconf 90' lang='lat' dir='ltr'><strong>pe-</strong></span> 
     </span>
     <span class='ocr_line' id='line_1_17' title="bbox 302 1326 1823 1369; baseline -0.001 -9"><span class='ocrx_word' id='word_1_110' title='bbox 302 1328 479 1360; x_wconf 75' lang='lat' dir='ltr'><strong>ditatus</strong></span> <span class='ocrx_word' id='word_1_111' title='bbox 516 1330 559 1360; x_wconf 85' lang='lat' dir='ltr'><strong>et</strong></span> <span class='ocrx_word' id='word_1_112' title='bbox 595 1327 831 1369; x_wconf 82' lang='lat' dir='ltr'><strong>equitatus</strong></span> <span class='ocrx_word' id='word_1_113' title='bbox 873 1326 920 1358; x_wconf 89' lang='lat' dir='ltr'><strong>in</strong></span> <span class='ocrx_word' id='word_1_114' title='bbox 957 1326 1110 1367; x_wconf 83' lang='lat' dir='ltr'><strong>aliqua</strong></span> <span class='ocrx_word' id='word_1_115' title='bbox 1145 1335 1291 1368; x_wconf 85' lang='lat' dir='ltr'><strong>pugna.</strong></span> <span class='ocrx_word' id='word_1_116' title='bbox 1330 1326 1498 1357; x_wconf 79' lang='lat' dir='ltr'><strong>uariam</strong></span> <span class='ocrx_word' id='word_1_117' title='bbox 1540 1329 1823 1366; x_wconf 82' lang='lat' dir='ltr'><strong>armaturam,</strong></span> 
     </span>
     <span class='ocr_line' id='line_1_18' title="bbox 302 1370 1824 1415; baseline 0 -10"><span class='ocrx_word' id='word_1_118' title='bbox 302 1374 459 1415; x_wconf 86' lang='lat' dir='ltr'><strong>denique</strong></span> <span class='ocrx_word' id='word_1_119' title='bbox 492 1371 744 1414; x_wconf 89' lang='lat' dir='ltr'><strong>triumphos</strong></span> <span class='ocrx_word' id='word_1_120' title='bbox 774 1371 923 1404; x_wconf 80' lang='lat' dir='ltr'><strong>Horatii</strong></span> <span class='ocrx_word' id='word_1_121' title='bbox 954 1374 1080 1404; x_wconf 83' lang='lat' dir='ltr'><strong>aetate</strong></span> <span class='ocrx_word' id='word_1_122' title='bbox 1111 1370 1236 1413; x_wconf 88' lang='lat' dir='ltr'><strong>(epist.</strong></span> <span class='ocrx_word' id='word_1_123' title='bbox 1266 1370 1303 1402; x_wconf 94' lang='lat'><strong>11</strong></span> <span class='ocrx_word' id='word_1_124' title='bbox 1335 1371 1371 1412; x_wconf 90' lang='lat'><strong>1,</strong></span> <span class='ocrx_word' id='word_1_125' title='bbox 1399 1371 1463 1403; x_wconf 82' lang='lat'><strong>189</strong></span> <span class='ocrx_word' id='word_1_126' title='bbox 1496 1370 1589 1413; x_wconf 86' lang='lat' dir='ltr'><strong>sqq.)</strong></span> <span class='ocrx_word' id='word_1_127' title='bbox 1618 1371 1656 1403; x_wconf 86' lang='lat' dir='ltr'><strong>in</strong></span> <span class='ocrx_word' id='word_1_128' title='bbox 1688 1381 1824 1405; x_wconf 78' lang='lat' dir='ltr'><strong>scaena</strong></span> 
     </span>
     <span class='ocr_line' id='line_1_19' title="bbox 303 1415 1824 1459; baseline -0.001 -9"><span class='ocrx_word' id='word_1_129' title='bbox 303 1417 511 1450; x_wconf 81' lang='lat' dir='ltr'><strong>celebratos</strong></span> <span class='ocrx_word' id='word_1_130' title='bbox 535 1417 744 1449; x_wconf 80' lang='lat' dir='ltr'><strong>Ladeuicus</strong></span> <span class='ocrx_word' id='word_1_131' title='bbox 768 1415 903 1451; x_wconf 72' lang='lat' dir='ltr'><strong>annali.</strong></span> <span class='ocrx_word' id='word_1_132' title='bbox 927 1415 1068 1459; x_wconf 82' lang='lat' dir='ltr'><strong>philon.</strong></span> <span class='ocrx_word' id='word_1_133' title='bbox 1097 1416 1183 1448; x_wconf 85' lang='grc'>1869</span> <span class='ocrx_word' id='word_1_134' title='bbox 1208 1425 1240 1458; x_wconf 89' lang='lat' dir='ltr'><strong>p.</strong></span> <span class='ocrx_word' id='word_1_135' title='bbox 1265 1417 1333 1448; x_wconf 84' lang='lat'><strong>473</strong></span> <span class='ocrx_word' id='word_1_136' title='bbox 1357 1425 1436 1457; x_wconf 87' lang='lat' dir='ltr'><strong>sqq.</strong></span> <span class='ocrx_word' id='word_1_137' title='bbox 1463 1415 1507 1448; x_wconf 81' lang='lat' dir='ltr'><strong>ad</strong></span> <span class='ocrx_word' id='word_1_138' title='bbox 1533 1418 1745 1458; x_wconf 80' lang='lat' dir='ltr'><strong>praetextas</strong></span> <span class='ocrx_word' id='word_1_139' title='bbox 1772 1417 1824 1449; x_wconf 79' lang='lat' dir='ltr'><strong>fa-</strong></span> 
     </span>
     <span class='ocr_line' id='line_1_20' title="bbox 302 1459 1824 1504; baseline 0 -10"><span class='ocrx_word' id='word_1_140' title='bbox 302 1462 409 1496; x_wconf 88' lang='lat' dir='ltr'><strong>bulas</strong></span> <span class='ocrx_word' id='word_1_141' title='bbox 442 1461 595 1494; x_wconf 84' lang='lat' dir='ltr'><strong>rettulit.</strong></span> <span class='ocrx_word' id='word_1_142' title='bbox 643 1461 713 1494; x_wconf 88' lang='lat' dir='ltr'><strong>Sed</strong></span> <span class='ocrx_word' id='word_1_143' title='bbox 747 1461 839 1495; x_wconf 82' lang='lat' dir='ltr'><strong>haee</strong></span> <span class='ocrx_word' id='word_1_144' title='bbox 871 1460 1015 1504; x_wconf 86' lang='lat' dir='ltr'><strong>aliaque</strong></span> <span class='ocrx_word' id='word_1_145' title='bbox 1042 1461 1080 1493; x_wconf 88' lang='lat' dir='ltr'><strong>in</strong></span> <span class='ocrx_word' id='word_1_146' title='bbox 1109 1460 1204 1493; x_wconf 87' lang='lat' dir='ltr'><strong>libro</strong></span> <span class='ocrx_word' id='word_1_147' title='bbox 1233 1459 1276 1493; x_wconf 86' lang='lat' dir='ltr'><strong>de</strong></span> <span class='ocrx_word' id='word_1_148' title='bbox 1308 1460 1495 1502; x_wconf 78' lang='lat' dir='ltr'><strong>tragoedia</strong></span> <span class='ocrx_word' id='word_1_149' title='bbox 1526 1461 1691 1494; x_wconf 80' lang='lat' dir='ltr'><strong>Romana</strong></span> <span class='ocrx_word' id='word_1_150' title='bbox 1721 1471 1824 1495; x_wconf 83' lang='lat' dir='ltr'><strong>enar-</strong></span> 
     </span>
     <span class='ocr_line' id='line_1_21' title="bbox 302 1508 561 1540; baseline -0.004 0"><span class='ocrx_word' id='word_1_151' title='bbox 302 1508 418 1540; x_wconf 82' lang='lat' dir='ltr'><strong>randa</strong></span> <span class='ocrx_word' id='word_1_152' title='bbox 445 1510 561 1539; x_wconf 82' lang='lat' dir='ltr'><strong>erunt.</strong></span> 
     </span>
    </p>
   </div>
  </div>
 </body>
</html>
