1942 3204
814 240 856 274 L.
879 239 1056 275 A‘r‘nvs
1229 216 1232 219 ¹
1621 237 1699 279 141

831 343 940 388 vm
972 342 1041 401 (3)

371 458 379 467 .
413 426 462 466 ut
493 424 602 479 quae
634 425 728 466 tum
759 422 984 464 absentem
1015 421 1144 464 rebus
1176 420 1317 464 dubiis
1350 421 1579 477 coniugem

285 500 515 557 Tetinerit,
545 515 661 543 nune
693 500 849 556 pr6dat
880 499 1095 543 ultorem?

851 589 915 633 IX
948 588 1016 647 (8)

195 669 255 712 40
287 702 465 712 .....
498 670 615 712 seras
647 669 874 725 potiunttir
905 669 1070 725 plagas.

532 737 545 747 ‘
861 756 902 800 x
934 755 1003 815 (2)

286 836 472 879 Matrem
504 837 560 879 ob
591 837 683 879 iure
714 836 879 878 factum
910 831 1081 891 ineilas,
1119 835 1359 892 genitorem
1391 836 1600 878 iniustum
1632 836 1704 878 aid-

1236 913 1408 969 probas.

664 1026 1195 1071 AGAMEMNONIDAE

875 1112 897 1155 1
930 1110 998 1170 (1)

290 1224 467 1234 .....
500 1189 749 1233 inimicitias
781 1190 1035 1246 Pelopidum

285 1267 515 1311 Extinctas
547 1283 704 1325 pausa,
736 1266 1010 1311 oblitteratas
1041 1268 1249 1311 memoria

285 1345 515 1389 Renomire

864 1405 910 1449 Π
941 1403 1010 1464 (2)

194 1466 253 1510 45
1350 1466 1417 1508 'sie

283 1543 430 1600 Multi,
462 1545 632 1587 sinimus
664 1558 848 1600 quorum
879 1543 1015 1586 atr6ei
1046 1543 1219 1586 uinctus
1251 1543 1417 1586 malitia
1447 1546 1529 1599 est,

287 1620 539 1678 Composita
570 1621 685 1664 dicta
717 1636 740 1664 e
770 1623 945 1678 pectore
977 1621 1188 1664 euolulint
1218 1636 1316 1682 suoz

168 1750 366 1796 seminini]
392 1753 523 1786 Neutri
546 1753 684 1786 Accius
708 1749 1014 1796 Clytemest'ra
1036 1755 1112 1786 ...’
1204 1751 1295 1785 VIII
1319 1752 1411 1785 Non.
1440 1753 1516 1794 178,
1545 1753 1585 1785 12
1612 1755 1698 1785 ‘te-

167 1799 333 1831 tinerit
356 1809 421 1842 pro
446 1799 610 1832 tenuerit
715 1798 860 1831 Accius·
878 1797 1188 1841 Clytemestra
1210 1801 1284 1832 ...'
1393 1797 1446 1830 IX
1471 1799 1638 1831 Donatus
1664 1799 1702 1830 in

166 1844 313 1876 Terent.
341 1843 496 1887 Adelph.
519 1844 553 1876 V
575 1845 617 1887 4,
638 1845 679 1878 17
706 1844 903 1888 ‘potitur
927 1844 1143 1877 accusatiuo
1168 1853 1260 1876 casu
1284 1846 1358 1877 ...’
1454 1843 1485 1875 Χ
1510 1843 1600 1875 Non.
1624 1845 1701 1885 125,

166 1890 188 1922 2
213 1888 436 1922 ‘ineilare
469 1893 525 1922 est
556 1890 749 1933 inerepare
780 1888 841 1922 uel
872 1890 1080 1932 inprobare.
1129 1889 1265 1922 Accius
1290 1888 1479 1931 Meleagro
1508 1914 1516 1922 .
1536 1913 1544 1921 .
1566 1914 1574 1922 .
1605 1888 1701 1921 idem

168 1934 476 1977 Clytemestra
499 1960 507 1968 .
528 1960 536 1968 .
558 1938 587 1967 .’
681 1935 750 1968 His
780 1934 947 1978 reliquiis
973 1935 1124 1979 adiungi
1149 1938 1303 1978 possunt
1327 1935 1399 1967 inc.
1425 1934 1500 1966 fab.
1528 1934 1571 1969 fr.
1599 1935 1627 1969 Ι.
1655 1934 1699 1968 11.

167 1981 241 2014 inc.
267 1981 340 2013 ine.
367 1979 443 2013 fab.
470 1980 621 2015 LXVII.

256 2026 588 2059 Aanmunomms
615 2029 652 2059 et
677 2026 898 2068 Emeozuu,
926 2037 1018 2069 quas
1043 2036 1108 2068 pro
1133 2026 1262 2059 eadem
1280 2025 1408 2058 fabula
1427 2025 1557 2066 habeo,
1583 2025 1703 2058 diuer-

167 2082 228 2105 sas
254 2071 370 2104 fuisse
397 2070 566 2105 adfirmat
583 2071 720 2105 Paulus
745 2071 912 2105 Schmidt
938 2072 1004 2104 ‘de
1030 2071 1142 2104 Nonii
1158 2071 1325 2104 Marcelli
1350 2071 1561 2104 auctoribus
1585 2081 1702 2113 gram-

167 2117 336 2150 maticis’
362 2127 397 2160 p.
415 2118 470 2153 59.
514 2117 846 2151 Amat-«nomme
872 2118 890 2150 Ι
915 2117 1007 2154 Non.
1028 2118 1109 2156 146,
1134 2118 1179 2151 29
1205 2116 1506 2150 ‘oblitterare
1534 2119 1592 2149 est
1618 2117 1702 2149 obs-

167 2162 382 2196 eurefaeere
407 2166 444 2196 et
467 2163 505 2195 in
529 2163 754 2196 obliuionem
780 2163 943 2199 ducere!
1032 2163 1068 2196 11
1093 2162 1185 2195 Non.
1212 2164 1296 2203 260,
1321 2163 1363 2195 21
1390 2165 1701 2205 ‘componere,

166 2207 384 2241 exsimulare
409 2207 471 2241 uel
493 2207 659 2252 fingere)

178 2328 334 2366 Vossius
448 2328 500 2367 39
532 2327 661 2378 probat
692 2330 865 2367 uictorem
897 2340 967 2366 ms.
998 2329 1124 2366 Fabri
1151 2328 1281 2378 prodat
1313 2330 1488 2365 uictorem
1532 2329 1698 2374 Vossius,

164 2385 338 2432 sortasse
368 2390 496 2423 recte.-
524 2390 560 2423 el
585 2387 768 2434 probauit
795 2387 1048 2424 Her-mannus
1076 2395 1236 2434 quoque.
1354 2385 1412 2422 De
1442 2387 1599 2422 senario
1631 2387 1702 2422 tali

164 2442 254 2488 fere
286 2442 467 2490 tetinerit,
498 2443 594 2480 hunc
613 2453 709 2480 nunc
729 2455 765 2492 p.
788 2443 989 2480 uictorem?
1019 2454 1115 2492 nego
1137 2445 1301 2491 coyitari
1317 2452 1432 2490 posse
1456 2442 1700 2479 Buechelero

169 2499 331 2536 uidetur.
418 2498 474 2538 40
502 2510 600 2536 seras
633 2501 690 2537 ed.
726 2500 867 2537 Veneta
898 2501 987 2537 siras
1019 2501 1100 2537 cod.
1129 2500 1224 2547 Rey.
1258 2500 1364 2547 apud
1382 2499 1699 2546 Lindenbroyium

169 2554 262 2592 seras
294 2557 351 2593 ed.
378 2568 446 2603 pr.
486 2567 611 2594 saeuas
642 2559 793 2594 conieci
827 2568 972 2594 serenas
1004 2558 1066 2594 uel
1096 2556 1280 2603 astriferas
1312 2557 1374 2593 uel
1413 2567 1563 2603 superas
1594 2558 1699 2591 malit

168 2612 436 2650 Buechelerus
550 2612 603 2650 41
635 2618 785 2650 matrem
816 2612 861 2651 ob
892 2614 1047 2651 Grotius
1078 2619 1189 2650 man-e
1228 2624 1308 2650 meo
1338 2612 1428 2650 libri
1463 2618 1611 2647 mnu-em
1643 2623 1698 2647 nm

168 2668 214 2706 ob
246 2669 441 2718 Berylcius
468 2670 568 2707 Mus.
599 2670 725 2708 Rhen.
758 2669 866 2708 1835
894 2681 935 2717 p.
967 2669 1020 2707 82
1143 2669 1292 2706 incilans
1324 2670 1486 2714 Veneta,
1517 2668 1699 2714 probauit

170 2726 432 2764 Hermamaus.
537 2726 591 2763 42
621 2725 832 2776 Pelopidum
875 2727 1028 2765 Vossius
1058 2725 1307 2774 Pelopidarum
1342 2726 1432 2762 libri
1547 2723 1600 2761 43
1638 2735 1698 2760 ex-

170 2783 298 2820 tinctas
331 2783 521 2821 Benlinus
556 2783 713 2821 extincta
749 2785 840 2822 libri
989 2794 1098 2832 pausa
1138 2785 1281 2830 scripsi
1316 2793 1419 2818 causa
1461 2781 1587 2817 Vrbin.
1617 2780 1698 2817 307

170 2844 240 2875 tam
271 2843 392 2877 ceteri
417 2841 508 2878 libri
535 2841 602 2877 inm
633 2846 742 2890 atque
762 2842 902 2878 Iunius
932 2840 1022 2877 sama
1053 2840 1320 2877 Buce-helerus
1434 2837 1487 2873 45
1517 2837 1570 2872 sic
1598 2837 1699 2873 delet

181 2895 334 2933 Vossius
420 2896 474 2935 46
506 2897 607 2934 multi
636 2898 727 2935 libri
743 2899 934 2946 plerique,
966 2909 1036 2934 om.
1068 2907 1136 2933 ms.
1163 2896 1315 2932 Bartliii
1344 2893 1467 2930 multis
1489 2904 1556 2930 ms.
1577 2893 1701 2930 Fabri

282 2954 426 2990 innotus
456 2965 523 2991 ms.
556 2955 728 3000 Rarum,
762 2954 980 3001 Schoppins
1010 2953 1130 2989 Veris.
1160 2951 1227 2988 IV
1247 2951 1295 2987 12
