<?xml version="1.0" encoding="UTF-8"?>
<!DOCTYPE html PUBLIC "-//W3C//DTD XHTML 1.0 Transitional//EN"
    "http://www.w3.org/TR/xhtml1/DTD/xhtml1-transitional.dtd">
<html xmlns="http://www.w3.org/1999/xhtml" xml:lang="en" lang="en">
 <head>
  <title>
</title>
<meta http-equiv="Content-Type" content="text/html;charset=utf-8" />
  <meta name='ocr-system' content='tesseract 3.04.00' />
  <meta name='ocr-capabilities' content='ocr_page ocr_carea ocr_par ocr_line ocrx_word'/>
</head>
<body>
  <div class='ocr_page' id='page_1' title='image "./romanorumpoes01ribbuoft_0228.png"; bbox 0 0 1942 3204; ppageno 0'>
   <div class='ocr_carea' id='block_1_1' title="bbox 303 170 1182 246">
    <p class='ocr_par' dir='ltr' id='par_1_1' title="bbox 303 170 1182 246">
     <span class='ocr_line' id='line_1_1' title="bbox 303 170 1182 246; baseline -0.005 0"><span class='ocrx_word' id='word_1_1' title='bbox 303 204 384 246; x_wconf 86' lang='lat'>144</span> <span class='ocrx_word' id='word_1_2' title='bbox 938 210 981 243; x_wconf 84' lang='lat' dir='ltr'>L.</span> <span class='ocrx_word' id='word_1_3' title='bbox 1008 170 1182 243; x_wconf 59' lang='lat' dir='ltr'>Awrfirs</span> 
     </span>
    </p>
   </div>
   <div class='ocr_carea' id='block_1_2' title="bbox 419 309 1211 367">
    <p class='ocr_par' dir='ltr' id='par_1_2' title="bbox 419 309 1211 367">
     <span class='ocr_line' id='line_1_2' title="bbox 419 309 1211 367; baseline 0.004 -16"><span class='ocrx_word' id='word_1_4' title='bbox 419 309 681 365; x_wconf 77' lang='lat' dir='ltr'>Depressum</span> <span class='ocrx_word' id='word_1_5' title='bbox 713 312 810 353; x_wconf 75' lang='lat' dir='ltr'>altis</span> <span class='ocrx_word' id='word_1_6' title='bbox 843 313 1031 354; x_wconf 76' lang='lat' dir='ltr'>clausere</span> <span class='ocrx_word' id='word_1_7' title='bbox 1064 313 1211 367; x_wconf 83' lang='lat' dir='ltr'>specis.</span> 
     </span>
    </p>
   </div>
   <div class='ocr_carea' id='block_1_3' title="bbox 332 387 1665 1375">
    <p class='ocr_par' dir='ltr' id='par_1_3' title="bbox 332 387 1665 1375">
     <span class='ocr_line' id='line_1_3' title="bbox 983 387 1147 446; baseline 0.006 -16"><span class='ocrx_word' id='word_1_8' title='bbox 983 388 1047 431; x_wconf 90' lang='lat' dir='ltr'>IV</span> <span class='ocrx_word' id='word_1_9' title='bbox 1081 387 1147 446; x_wconf 84' lang='lat'>(7)</span> 
     </span>
     <span class='ocr_line' id='line_1_4' title="bbox 799 467 1665 526; baseline 0.005 -19"><span class='ocrx_word' id='word_1_10' title='bbox 799 467 872 521; x_wconf 85' lang='lat' dir='ltr'>qui</span> <span class='ocrx_word' id='word_1_11' title='bbox 903 467 1032 508; x_wconf 74' lang='lat' dir='ltr'>ducat</span> <span class='ocrx_word' id='word_1_12' title='bbox 1063 470 1159 508; x_wconf 75' lang='lat' dir='ltr'>clim</span> <span class='ocrx_word' id='word_1_13' title='bbox 1190 469 1232 508; x_wconf 72' lang='lat' dir='ltr'>te</span> <span class='ocrx_word' id='word_1_14' title='bbox 1266 482 1459 510; x_wconf 81' lang='lat' dir='ltr'>socerum</span> <span class='ocrx_word' id='word_1_15' title='bbox 1490 468 1665 526; x_wconf 66' lang='lat' dir='ltr'>ul‘derib,</span> 
     </span>
     <span class='ocr_line' id='line_1_5' title="bbox 332 539 1604 600; baseline 0.003 -18"><span class='ocrx_word' id='word_1_16' title='bbox 332 540 388 582; x_wconf 85' lang='lat'>65</span> <span class='ocrx_word' id='word_1_17' title='bbox 420 539 655 583; x_wconf 76' lang='lat' dir='ltr'>Generibus</span> <span class='ocrx_word' id='word_1_18' title='bbox 687 545 854 584; x_wconf 74' lang='lat' dir='ltr'>tantam</span> <span class='ocrx_word' id='word_1_19' title='bbox 887 545 977 584; x_wconf 78' lang='lat' dir='ltr'>esse</span> <span class='ocrx_word' id='word_1_20' title='bbox 1009 543 1290 599; x_wconf 73' lang='lat' dir='ltr'>inpietatem?</span> <span class='ocrx_word' id='word_1_21' title='bbox 1323 579 1580 589; x_wconf 87' lang='grc'><strong>.......</strong></span> <span class='ocrx_word' id='word_1_22' title='bbox 1588 584 1604 600; x_wconf 35' lang='lat'>.-</span> 
     </span>
     <span class='ocr_line' id='line_1_6' title="bbox 994 619 1135 678; baseline -0.007 -15"><span class='ocrx_word' id='word_1_23' title='bbox 994 620 1035 663; x_wconf 93' lang='lat' dir='ltr'><strong>V</strong></span> <span class='ocrx_word' id='word_1_24' title='bbox 1068 619 1135 678; x_wconf 87' lang='lat'>(1)</span> 
     </span>
     <span class='ocr_line' id='line_1_7' title="bbox 419 694 1557 755; baseline 0.005 -19"><span class='ocrx_word' id='word_1_25' title='bbox 419 694 529 737; x_wconf 74' lang='lat' dir='ltr'>Fata</span> <span class='ocrx_word' id='word_1_26' title='bbox 559 698 609 737; x_wconf 71' lang='lat'>15²0</span> <span class='ocrx_word' id='word_1_27' title='bbox 639 696 888 739; x_wconf 70' lang='lat' dir='ltr'>frustrando</span> <span class='ocrx_word' id='word_1_28' title='bbox 906 697 1087 740; x_wconf 51' lang='lat' dir='ltr'>&#39;lactans</span> <span class='ocrx_word' id='word_1_29' title='bbox 1119 713 1286 741; x_wconf 85' lang='lat' dir='ltr'>uanans</span> <span class='ocrx_word' id='word_1_30' title='bbox 1317 699 1557 755; x_wconf 59' lang='lat' dir='ltr'>protrahas.</span> 
     </span>
     <span class='ocr_line' id='line_1_8' title="bbox 982 772 1146 832; baseline 0.006 -16"><span class='ocrx_word' id='word_1_31' title='bbox 982 774 1046 817; x_wconf 93' lang='lat' dir='ltr'>VI</span> <span class='ocrx_word' id='word_1_32' title='bbox 1079 772 1146 832; x_wconf 84' lang='lat'>(3)</span> 
     </span>
     <span class='ocr_line' id='line_1_9' title="bbox 421 849 1562 907; baseline 0.006 -17"><span class='ocrx_word' id='word_1_33' title='bbox 421 849 530 898; x_wconf 78' lang='lat' dir='ltr'>Quia</span> <span class='ocrx_word' id='word_1_34' title='bbox 562 851 640 892; x_wconf 77' lang='lat' dir='ltr'>nec</span> <span class='ocrx_word' id='word_1_35' title='bbox 671 865 749 892; x_wconf 93' lang='lat' dir='ltr'>uos</span> <span class='ocrx_word' id='word_1_36' title='bbox 780 866 860 893; x_wconf 89' lang='lat' dir='ltr'>nec</span> <span class='ocrx_word' id='word_1_37' title='bbox 891 852 962 893; x_wconf 86' lang='lat' dir='ltr'>ille</span> <span class='ocrx_word' id='word_1_38' title='bbox 994 853 1155 907; x_wconf 77' lang='lat' dir='ltr'>inpune</span> <span class='ocrx_word' id='word_1_39' title='bbox 1186 853 1391 896; x_wconf 70' lang='lat' dir='ltr'>inrideret</span> <span class='ocrx_word' id='word_1_40' title='bbox 1422 869 1562 896; x_wconf 85' lang='lat' dir='ltr'>meam</span> 
     </span>
     <span class='ocr_line' id='line_1_10' title="bbox 421 925 800 969; baseline 0.005 -2"><span class='ocrx_word' id='word_1_41' title='bbox 421 925 800 969; x_wconf 71' lang='lat' dir='ltr'>Grandaeuitatem</span> 
     </span>
     <span class='ocr_line' id='line_1_11' title="bbox 972 1004 1158 1063; baseline 0 -15"><span class='ocrx_word' id='word_1_42' title='bbox 972 1005 1059 1049; x_wconf 91' lang='lat' dir='ltr'>VII</span> <span class='ocrx_word' id='word_1_43' title='bbox 1091 1004 1158 1063; x_wconf 85' lang='lat'>(5)</span> 
     </span>
     <span class='ocr_line' id='line_1_12' title="bbox 419 1080 1455 1138; baseline 0.005 -16"><span class='ocrx_word' id='word_1_44' title='bbox 419 1080 563 1137; x_wconf 71' lang='lat' dir='ltr'>Atque</span> <span class='ocrx_word' id='word_1_45' title='bbox 596 1082 716 1124; x_wconf 74' lang='lat' dir='ltr'>eccos</span> <span class='ocrx_word' id='word_1_46' title='bbox 749 1084 892 1138; x_wconf 87' lang='lat' dir='ltr'>segnis</span> <span class='ocrx_word' id='word_1_47' title='bbox 926 1085 1076 1125; x_wconf 76' lang='lat' dir='ltr'>somno</span> <span class='ocrx_word' id='word_1_48' title='bbox 1110 1086 1152 1126; x_wconf 73' lang='lat' dir='ltr'>et</span> <span class='ocrx_word' id='word_1_49' title='bbox 1182 1084 1455 1127; x_wconf 65' lang='lat' dir='ltr'>tarditudine.</span> 
     </span>
     <span class='ocr_line' id='line_1_13' title="bbox 960 1159 1169 1218; baseline 0 -16"><span class='ocrx_word' id='word_1_50' title='bbox 960 1160 1069 1203; x_wconf 88' lang='lat' dir='ltr'>VIII</span> <span class='ocrx_word' id='word_1_51' title='bbox 1102 1159 1169 1218; x_wconf 83' lang='lat'>(6)</span> 
     </span>
     <span class='ocr_line' id='line_1_14' title="bbox 333 1235 1643 1295; baseline 0.004 -19"><span class='ocrx_word' id='word_1_52' title='bbox 333 1236 388 1277; x_wconf 74' lang='lat'>70</span> <span class='ocrx_word' id='word_1_53' title='bbox 418 1235 641 1277; x_wconf 74' lang='lat' dir='ltr'>Postremo</span> <span class='ocrx_word' id='word_1_54' title='bbox 675 1237 870 1292; x_wconf 82' lang='lat' dir='ltr'>amplexa</span> <span class='ocrx_word' id='word_1_55' title='bbox 901 1237 1105 1293; x_wconf 72' lang='lat' dir='ltr'>fructum,</span> <span class='ocrx_word' id='word_1_56' title='bbox 1138 1253 1263 1292; x_wconf 89' lang='lat' dir='ltr'>quem</span> <span class='ocrx_word' id='word_1_57' title='bbox 1296 1239 1338 1280; x_wconf 81' lang='lat' dir='ltr'>dj</span> <span class='ocrx_word' id='word_1_58' title='bbox 1371 1239 1492 1295; x_wconf 68' lang='lat' dir='ltr'>daint,</span> <span class='ocrx_word' id='word_1_59' title='bbox 1524 1240 1643 1294; x_wconf 84' lang='lat' dir='ltr'>cape!</span> 
     </span>
     <span class='ocr_line' id='line_1_15' title="bbox 859 1331 1271 1375; baseline 0.002 -2"><span class='ocrx_word' id='word_1_60' title='bbox 859 1331 1271 1375; x_wconf 80' lang='lat' dir='ltr'><strong>ALPHESIBOEA</strong></span> 
     </span>
    </p>
   </div>
   <div class='ocr_carea' id='block_1_4' title="bbox 478 1407 1336 1606">
    <p class='ocr_par' dir='ltr' id='par_1_4' title="bbox 478 1407 1336 1606">
     <span class='ocr_line' id='line_1_16' title="bbox 1005 1408 1107 1451; baseline 0.01 -1"><span class='ocrx_word' id='word_1_61' title='bbox 1005 1408 1027 1450; x_wconf 94' lang='grc' dir='ltr'><strong>Ι</strong></span> <span class='ocrx_word' id='word_1_62' title='bbox 1079 1409 1107 1451; x_wconf 82' lang='grc'>5</span> 
     </span>
     <span class='ocr_line' id='line_1_17' title="bbox 478 1407 1336 1543; baseline 0.002 -16"><span class='ocrx_word' id='word_1_63' title='bbox 478 1485 547 1527; x_wconf 79' lang='lat' dir='ltr'>Ita</span> <span class='ocrx_word' id='word_1_64' title='bbox 576 1485 727 1527; x_wconf 72' lang='lat' dir='ltr'>territa</span> <span class='ocrx_word' id='word_1_65' title='bbox 758 1486 950 1528; x_wconf 86' lang='lat' dir='ltr'>membra</span> <span class='ocrx_word' id='word_1_66' title='bbox 982 1407 1127 1528; x_wconf 59' lang='lat' dir='ltr'>ani1(ng</span> <span class='ocrx_word' id='word_1_67' title='bbox 1159 1488 1336 1543; x_wconf 72' lang='lat' dir='ltr'>aegroto</span> 
     </span>
     <span class='ocr_line' id='line_1_18' title="bbox 540 1560 1217 1606; baseline 0.003 -2"><span class='ocrx_word' id='word_1_68' title='bbox 540 1560 760 1604; x_wconf 60' lang='lat' dir='ltr'>Cunc‘nfint</span> <span class='ocrx_word' id='word_1_69' title='bbox 791 1563 982 1605; x_wconf 81' lang='lat' dir='ltr'>subferre</span> <span class='ocrx_word' id='word_1_70' title='bbox 1013 1563 1217 1606; x_wconf 76' lang='lat' dir='ltr'>laborem.</span> 
     </span>
    </p>
   </div>
   <div class='ocr_carea' id='block_1_5' title="bbox 231 1692 1827 1738">
    <p class='ocr_par' dir='ltr' id='par_1_5' title="bbox 231 1692 1827 1738">
     <span class='ocr_line' id='line_1_19' title="bbox 231 1692 1827 1738; baseline 0.003 -14"><span class='ocrx_word' id='word_1_71' title='bbox 231 1724 234 1728; x_wconf 82' lang='grc'><strong><em>,</em></strong></span> <span class='ocrx_word' id='word_1_72' title='bbox 300 1693 378 1727; x_wconf 84' lang='lat' dir='ltr'>bus,</span> <span class='ocrx_word' id='word_1_73' title='bbox 419 1692 555 1725; x_wconf 85' lang='lat' dir='ltr'>Accius</span> <span class='ocrx_word' id='word_1_74' title='bbox 580 1693 822 1726; x_wconf 88' lang='lat' dir='ltr'>Alcmeone</span> <span class='ocrx_word' id='word_1_75' title='bbox 853 1719 861 1727; x_wconf 91' lang='lat'>.</span> <span class='ocrx_word' id='word_1_76' title='bbox 883 1719 890 1726; x_wconf 94' lang='lat'>.</span> <span class='ocrx_word' id='word_1_77' title='bbox 911 1696 939 1726; x_wconf 88' lang='lat'>.’</span> <span class='ocrx_word' id='word_1_78' title='bbox 973 1693 1204 1735; x_wconf 92' lang='lat' dir='ltr'>(Almeone</span> <span class='ocrx_word' id='word_1_79' title='bbox 1229 1694 1373 1735; x_wconf 82' lang='lat' dir='ltr'>Bamb.)</span> <span class='ocrx_word' id='word_1_80' title='bbox 1487 1695 1539 1728; x_wconf 94' lang='lat' dir='ltr'>IV</span> <span class='ocrx_word' id='word_1_81' title='bbox 1562 1696 1655 1730; x_wconf 87' lang='lat' dir='ltr'>Non.</span> <span class='ocrx_word' id='word_1_82' title='bbox 1680 1697 1760 1738; x_wconf 85' lang='grc'><strong>487,</strong></span> <span class='ocrx_word' id='word_1_83' title='bbox 1783 1697 1827 1729; x_wconf 79' lang='grc'>29</span> 
     </span>
    </p>
   </div>
   <div class='ocr_carea' id='block_1_6' title="bbox 299 1738 1827 2145">
    <p class='ocr_par' dir='ltr' id='par_1_6' title="bbox 299 1738 1827 2098">
     <span class='ocr_line' id='line_1_20' title="bbox 302 1738 1826 1782; baseline 0.003 -13"><span class='ocrx_word' id='word_1_84' title='bbox 302 1738 569 1780; x_wconf 85' lang='lat' dir='ltr'>‘generibus</span> <span class='ocrx_word' id='word_1_85' title='bbox 597 1749 660 1780; x_wconf 90' lang='lat' dir='ltr'>pro</span> <span class='ocrx_word' id='word_1_86' title='bbox 685 1740 843 1781; x_wconf 84' lang='lat' dir='ltr'>generis,</span> <span class='ocrx_word' id='word_1_87' title='bbox 874 1740 1009 1772; x_wconf 83' lang='lat' dir='ltr'>Accius</span> <span class='ocrx_word' id='word_1_88' title='bbox 1037 1739 1278 1772; x_wconf 87' lang='lat' dir='ltr'>Alcmeone</span> <span class='ocrx_word' id='word_1_89' title='bbox 1300 1743 1373 1772; x_wconf 88' lang='lat'>...’</span> <span class='ocrx_word' id='word_1_90' title='bbox 1399 1739 1656 1782; x_wconf 88' lang='lat' dir='ltr'>(Alomeone</span> <span class='ocrx_word' id='word_1_91' title='bbox 1682 1741 1728 1774; x_wconf 92' lang='lat' dir='ltr'>W</span> <span class='ocrx_word' id='word_1_92' title='bbox 1751 1741 1826 1773; x_wconf 93' lang='lat' dir='ltr'>Al-</span> 
     </span>
     <span class='ocr_line' id='line_1_21' title="bbox 300 1782 1826 1829; baseline 0.003 -15"><span class='ocrx_word' id='word_1_93' title='bbox 300 1783 468 1815; x_wconf 80' lang='lat' dir='ltr'>chimae</span> <span class='ocrx_word' id='word_1_94' title='bbox 480 1794 560 1815; x_wconf 91' lang='lat' dir='ltr'>one</span> <span class='ocrx_word' id='word_1_95' title='bbox 581 1782 721 1827; x_wconf 82' lang='lat' dir='ltr'>Bamb.)</span> <span class='ocrx_word' id='word_1_96' title='bbox 792 1785 823 1816; x_wconf 94' lang='lat' dir='ltr'>V</span> <span class='ocrx_word' id='word_1_97' title='bbox 840 1785 931 1817; x_wconf 90' lang='lat' dir='ltr'>Non.</span> <span class='ocrx_word' id='word_1_98' title='bbox 952 1785 1003 1822; x_wconf 90' lang='lat'>16,</span> <span class='ocrx_word' id='word_1_99' title='bbox 1022 1786 1064 1817; x_wconf 81' lang='lat'>22</span> <span class='ocrx_word' id='word_1_100' title='bbox 1092 1785 1291 1817; x_wconf 81' lang='lat' dir='ltr'>‘lactare</span> <span class='ocrx_word' id='word_1_101' title='bbox 1318 1788 1374 1817; x_wconf 80' lang='lat' dir='ltr'>est</span> <span class='ocrx_word' id='word_1_102' title='bbox 1391 1785 1563 1818; x_wconf 84' lang='lat' dir='ltr'>inducere</span> <span class='ocrx_word' id='word_1_103' title='bbox 1586 1786 1644 1818; x_wconf 91' lang='lat' dir='ltr'>uel</span> <span class='ocrx_word' id='word_1_104' title='bbox 1661 1786 1826 1829; x_wconf 85' lang='lat' dir='ltr'>mulgere</span> 
     </span>
     <span class='ocr_line' id='line_1_22' title="bbox 300 1828 1827 1871; baseline 0.003 -11"><span class='ocrx_word' id='word_1_105' title='bbox 300 1828 438 1861; x_wconf 87' lang='lat' dir='ltr'>uellere</span> <span class='ocrx_word' id='word_1_106' title='bbox 464 1829 636 1871; x_wconf 87' lang='lat' dir='ltr'>decipere</span> <span class='ocrx_word' id='word_1_107' title='bbox 661 1854 669 1861; x_wconf 91' lang='lat'>.</span> <span class='ocrx_word' id='word_1_108' title='bbox 689 1854 697 1862; x_wconf 90' lang='lat'>.</span> <span class='ocrx_word' id='word_1_109' title='bbox 718 1854 726 1863; x_wconf 92' lang='lat'>.</span> <span class='ocrx_word' id='word_1_110' title='bbox 748 1829 883 1863; x_wconf 81' lang='lat' dir='ltr'>Accius</span> <span class='ocrx_word' id='word_1_111' title='bbox 908 1830 1200 1862; x_wconf 84' lang='lat' dir='ltr'>Alcimaeone</span> <span class='ocrx_word' id='word_1_112' title='bbox 1225 1855 1232 1862; x_wconf 92' lang='lat'>.</span> <span class='ocrx_word' id='word_1_113' title='bbox 1253 1855 1262 1863; x_wconf 92' lang='lat'>.</span> <span class='ocrx_word' id='word_1_114' title='bbox 1282 1833 1311 1861; x_wconf 85' lang='lat'>.’</span> <span class='ocrx_word' id='word_1_115' title='bbox 1351 1830 1452 1862; x_wconf 84' lang='lat' dir='ltr'>Idem</span> <span class='ocrx_word' id='word_1_116' title='bbox 1479 1832 1560 1871; x_wconf 86' lang='lat'>184,</span> <span class='ocrx_word' id='word_1_117' title='bbox 1586 1833 1604 1863; x_wconf 91' lang='lat'>1</span> <span class='ocrx_word' id='word_1_118' title='bbox 1632 1834 1827 1864; x_wconf 79' lang='lat' dir='ltr'>‘uanans</span> 
     </span>
     <span class='ocr_line' id='line_1_23' title="bbox 299 1873 1827 1918; baseline 0.003 -14"><span class='ocrx_word' id='word_1_119' title='bbox 299 1873 434 1906; x_wconf 80' lang='lat' dir='ltr'>dictum</span> <span class='ocrx_word' id='word_1_120' title='bbox 460 1885 524 1916; x_wconf 90' lang='lat' dir='ltr'>pro</span> <span class='ocrx_word' id='word_1_121' title='bbox 550 1874 698 1908; x_wconf 79' lang='lat' dir='ltr'>fallens.</span> <span class='ocrx_word' id='word_1_122' title='bbox 745 1875 879 1913; x_wconf 78' lang='lat' dir='ltr'>Accius</span> <span class='ocrx_word' id='word_1_123' title='bbox 903 1875 1121 1907; x_wconf 76' lang='lat' dir='ltr'>Alcmena</span> <span class='ocrx_word' id='word_1_124' title='bbox 1143 1899 1174 1907; x_wconf 87' lang='lat'>..</span> <span class='ocrx_word' id='word_1_125' title='bbox 1190 1878 1219 1907; x_wconf 89' lang='lat'>.’</span> <span class='ocrx_word' id='word_1_126' title='bbox 1311 1875 1363 1907; x_wconf 92' lang='lat' dir='ltr'>VI</span> <span class='ocrx_word' id='word_1_127' title='bbox 1387 1876 1476 1909; x_wconf 87' lang='lat' dir='ltr'>Non.</span> <span class='ocrx_word' id='word_1_128' title='bbox 1496 1877 1580 1916; x_wconf 63' lang='lat'>116,</span> <span class='ocrx_word' id='word_1_129' title='bbox 1607 1877 1646 1907; x_wconf 91' lang='grc'>11</span> <span class='ocrx_word' id='word_1_130' title='bbox 1673 1879 1827 1918; x_wconf 81' lang='lat' dir='ltr'>‘gran-</span> 
     </span>
     <span class='ocr_line' id='line_1_24' title="bbox 302 1919 1827 1961; baseline 0.002 -11"><span class='ocrx_word' id='word_1_131' title='bbox 302 1919 526 1952; x_wconf 82' lang='lat' dir='ltr'>‹laeuitas.</span> <span class='ocrx_word' id='word_1_132' title='bbox 574 1919 708 1952; x_wconf 82' lang='lat' dir='ltr'>Accius</span> <span class='ocrx_word' id='word_1_133' title='bbox 738 1919 1067 1952; x_wconf 79' lang='lat' dir='ltr'>Alcimachone</span> <span class='ocrx_word' id='word_1_134' title='bbox 1091 1945 1099 1952; x_wconf 91' lang='lat'>.</span> <span class='ocrx_word' id='word_1_135' title='bbox 1119 1945 1126 1952; x_wconf 91' lang='lat'>.</span> <span class='ocrx_word' id='word_1_136' title='bbox 1148 1923 1176 1951; x_wconf 92' lang='lat'>.&#39;</span> <span class='ocrx_word' id='word_1_137' title='bbox 1269 1921 1338 1953; x_wconf 91' lang='lat' dir='ltr'>VII</span> <span class='ocrx_word' id='word_1_138' title='bbox 1361 1921 1452 1952; x_wconf 90' lang='lat' dir='ltr'>Non.</span> <span class='ocrx_word' id='word_1_139' title='bbox 1479 1921 1561 1961; x_wconf 87' lang='lat'>181,</span> <span class='ocrx_word' id='word_1_140' title='bbox 1589 1921 1630 1953; x_wconf 89' lang='lat'>18</span> <span class='ocrx_word' id='word_1_141' title='bbox 1663 1921 1827 1953; x_wconf 76' lang='lat' dir='ltr'>‘tardi-</span> 
     </span>
     <span class='ocr_line' id='line_1_25' title="bbox 300 1963 1826 2010; baseline 0.003 -16"><span class='ocrx_word' id='word_1_142' title='bbox 300 1963 502 1996; x_wconf 80' lang='lat' dir='ltr'>tudinem</span> <span class='ocrx_word' id='word_1_143' title='bbox 530 1967 566 1997; x_wconf 81' lang='lat' dir='ltr'>et</span> <span class='ocrx_word' id='word_1_144' title='bbox 583 1965 771 1996; x_wconf 79' lang='lat' dir='ltr'>tarditiem</span> <span class='ocrx_word' id='word_1_145' title='bbox 790 1975 854 2007; x_wconf 90' lang='lat' dir='ltr'>pro</span> <span class='ocrx_word' id='word_1_146' title='bbox 872 1965 1049 1997; x_wconf 81' lang='lat' dir='ltr'>tarditate</span> <span class='ocrx_word' id='word_1_147' title='bbox 1150 1965 1284 1998; x_wconf 88' lang='lat' dir='ltr'>Accius</span> <span class='ocrx_word' id='word_1_148' title='bbox 1309 1964 1516 1998; x_wconf 87' lang='lat' dir='ltr'>Alcmene</span> <span class='ocrx_word' id='word_1_149' title='bbox 1540 1969 1614 1999; x_wconf 78' lang='lat'>...³</span> <span class='ocrx_word' id='word_1_150' title='bbox 1641 1964 1826 2010; x_wconf 81' lang='lat' dir='ltr'>(Accius</span> 
     </span>
     <span class='ocr_line' id='line_1_26' title="bbox 299 2008 1823 2053; baseline 0.001 -12"><span class='ocrx_word' id='word_1_151' title='bbox 299 2008 508 2042; x_wconf 86' lang='lat' dir='ltr'>Alcmene</span> <span class='ocrx_word' id='word_1_152' title='bbox 534 2019 602 2044; x_wconf 89' lang='lat' dir='ltr'>om.</span> <span class='ocrx_word' id='word_1_153' title='bbox 627 2009 731 2042; x_wconf 88' lang='lat' dir='ltr'>Leid.</span> <span class='ocrx_word' id='word_1_154' title='bbox 763 2010 929 2043; x_wconf 85' lang='lat' dir='ltr'>Accius</span> <span class='ocrx_word' id='word_1_155' title='bbox 953 2009 1222 2042; x_wconf 84' lang='lat' dir='ltr'>Alcmaeone</span> <span class='ocrx_word' id='word_1_156' title='bbox 1246 2008 1389 2051; x_wconf 82' lang='lat' dir='ltr'>Iunius)</span> <span class='ocrx_word' id='word_1_157' title='bbox 1466 2010 1556 2044; x_wconf 89' lang='lat' dir='ltr'>VIII</span> <span class='ocrx_word' id='word_1_158' title='bbox 1573 2011 1664 2044; x_wconf 89' lang='lat' dir='ltr'>Non.</span> <span class='ocrx_word' id='word_1_159' title='bbox 1682 2013 1761 2053; x_wconf 79' lang='lat'>470,</span> <span class='ocrx_word' id='word_1_160' title='bbox 1781 2013 1823 2043; x_wconf 92' lang='lat'>11</span> 
     </span>
     <span class='ocr_line' id='line_1_27' title="bbox 301 2054 1826 2098; baseline 0.003 -13"><span class='ocrx_word' id='word_1_161' title='bbox 301 2054 526 2095; x_wconf 73' lang='lat' dir='ltr'>‘amplexa</span> <span class='ocrx_word' id='word_1_162' title='bbox 544 2064 607 2096; x_wconf 87' lang='lat' dir='ltr'>pro</span> <span class='ocrx_word' id='word_1_163' title='bbox 626 2055 850 2097; x_wconf 83' lang='lat' dir='ltr'>amplexare.</span> <span class='ocrx_word' id='word_1_164' title='bbox 876 2055 1010 2087; x_wconf 81' lang='lat' dir='ltr'>Accius</span> <span class='ocrx_word' id='word_1_165' title='bbox 1028 2054 1268 2088; x_wconf 86' lang='lat' dir='ltr'>Alcmeone</span> <span class='ocrx_word' id='word_1_166' title='bbox 1292 2081 1300 2089; x_wconf 90' lang='lat'>.</span> <span class='ocrx_word' id='word_1_167' title='bbox 1316 2080 1323 2087; x_wconf 93' lang='lat'>.</span> <span class='ocrx_word' id='word_1_168' title='bbox 1338 2058 1367 2088; x_wconf 80' lang='lat'>,²</span> <span class='ocrx_word' id='word_1_169' title='bbox 1388 2055 1662 2096; x_wconf 83' lang='lat' dir='ltr'>(solomeone</span> <span class='ocrx_word' id='word_1_170' title='bbox 1680 2056 1826 2098; x_wconf 80' lang='lat' dir='ltr'>Bamb.)</span> 
     </span>
    </p>

    <p class='ocr_par' dir='ltr' id='par_1_7' title="bbox 415 2099 1826 2145">
     <span class='ocr_line' id='line_1_28' title="bbox 415 2099 1826 2145; baseline 0.003 -15"><span class='ocrx_word' id='word_1_171' title='bbox 415 2099 686 2132; x_wconf 64' lang='lat' dir='ltr'>Amansmom</span> <span class='ocrx_word' id='word_1_172' title='bbox 717 2100 824 2133; x_wconf 88' lang='lat' dir='ltr'>immo</span> <span class='ocrx_word' id='word_1_173' title='bbox 854 2099 1097 2132; x_wconf 70' lang='lat' dir='ltr'>ALPEsmonA</span> <span class='ocrx_word' id='word_1_174' title='bbox 1125 2100 1144 2132; x_wconf 97' lang='lat' dir='ltr'>I</span> <span class='ocrx_word' id='word_1_175' title='bbox 1173 2100 1266 2136; x_wconf 86' lang='lat' dir='ltr'>Non.</span> <span class='ocrx_word' id='word_1_176' title='bbox 1295 2102 1380 2140; x_wconf 87' lang='grc'>469,</span> <span class='ocrx_word' id='word_1_177' title='bbox 1411 2102 1455 2134; x_wconf 81' lang='lat'>23</span> <span class='ocrx_word' id='word_1_178' title='bbox 1487 2104 1727 2134; x_wconf 79' lang='lat' dir='ltr'>‘cunctant</span> <span class='ocrx_word' id='word_1_179' title='bbox 1761 2112 1826 2145; x_wconf 88' lang='lat' dir='ltr'>pro</span> 
     </span>
    </p>
   </div>
   <div class='ocr_carea' id='block_1_7' title="bbox 301 2174 583 2179">
    <p class='ocr_par' dir='ltr' id='par_1_8' title="bbox 301 2174 583 2179">
     <span class='ocr_line' id='line_1_29' title="bbox 301 2174 583 2179; baseline 0 0"><span class='ocrx_word' id='word_1_180' title='bbox 301 2174 583 2179; x_wconf 95' lang='lat' dir='ltr'> </span> 
     </span>
    </p>
   </div>
   <div class='ocr_carea' id='block_1_8' title="bbox 299 2219 1829 2944">
    <p class='ocr_par' dir='ltr' id='par_1_9' title="bbox 299 2219 1829 2833">
     <span class='ocr_line' id='line_1_30' title="bbox 299 2219 1829 2271; baseline 0.002 -16"><span class='ocrx_word' id='word_1_181' title='bbox 299 2219 342 2255; x_wconf 90' lang='lat' dir='ltr'>L.</span> <span class='ocrx_word' id='word_1_182' title='bbox 365 2219 532 2256; x_wconf 85' lang='lat' dir='ltr'>Mueller</span> <span class='ocrx_word' id='word_1_183' title='bbox 553 2221 701 2255; x_wconf 84' lang='lat' dir='ltr'>annall.</span> <span class='ocrx_word' id='word_1_184' title='bbox 726 2220 872 2271; x_wconf 77' lang='lat' dir='ltr'>philoll.</span> <span class='ocrx_word' id='word_1_185' title='bbox 900 2219 1006 2256; x_wconf 84' lang='lat'>1867</span> <span class='ocrx_word' id='word_1_186' title='bbox 1024 2231 1066 2266; x_wconf 84' lang='lat' dir='ltr'>p.</span> <span class='ocrx_word' id='word_1_187' title='bbox 1089 2219 1171 2257; x_wconf 85' lang='lat'>495</span> <span class='ocrx_word' id='word_1_188' title='bbox 1193 2219 1290 2268; x_wconf 90' lang='lat' dir='ltr'>quod</span> <span class='ocrx_word' id='word_1_189' title='bbox 1311 2219 1347 2256; x_wconf 91' lang='lat' dir='ltr'>di</span> <span class='ocrx_word' id='word_1_190' title='bbox 1365 2220 1546 2256; x_wconf 86' lang='lat' dir='ltr'>interdum</span> <span class='ocrx_word' id='word_1_191' title='bbox 1567 2220 1717 2257; x_wconf 83' lang='lat' dir='ltr'>inferam</span> <span class='ocrx_word' id='word_1_192' title='bbox 1736 2222 1829 2258; x_wconf 82' lang='lat' dir='ltr'>libri</span> 
     </span>
     <span class='ocr_line' id='line_1_31' title="bbox 300 2274 1824 2325; baseline 0.002 -15"><span class='ocrx_word' id='word_1_193' title='bbox 300 2274 397 2323; x_wconf 90' lang='lat' dir='ltr'>quod</span> <span class='ocrx_word' id='word_1_194' title='bbox 428 2274 462 2311; x_wconf 89' lang='lat' dir='ltr'>di</span> <span class='ocrx_word' id='word_1_195' title='bbox 492 2276 529 2311; x_wconf 92' lang='lat' dir='ltr'>in</span> <span class='ocrx_word' id='word_1_196' title='bbox 551 2281 681 2312; x_wconf 77' lang='lat' dir='ltr'>terram</span> <span class='ocrx_word' id='word_1_197' title='bbox 702 2275 882 2312; x_wconf 84' lang='lat' dir='ltr'>infernum</span> <span class='ocrx_word' id='word_1_198' title='bbox 903 2276 1167 2313; x_wconf 77' lang='lat' dir='ltr'>Buechelerus</span> <span class='ocrx_word' id='word_1_199' title='bbox 1188 2288 1261 2325; x_wconf 90' lang='lat' dir='ltr'>quo</span> <span class='ocrx_word' id='word_1_200' title='bbox 1291 2276 1327 2313; x_wconf 80' lang='lat' dir='ltr'>di</span> <span class='ocrx_word' id='word_1_201' title='bbox 1346 2276 1524 2312; x_wconf 81' lang='lat' dir='ltr'>infernum</span> <span class='ocrx_word' id='word_1_202' title='bbox 1554 2279 1638 2314; x_wconf 86' lang='lat' dir='ltr'>olim</span> <span class='ocrx_word' id='word_1_203' title='bbox 1659 2280 1807 2324; x_wconf 85' lang='lat' dir='ltr'>scripsi</span> <span class='ocrx_word' id='word_1_204' title='bbox 1814 2294 1824 2313; x_wconf 90' lang='lat'>.-</span> 
     </span>
     <span class='ocr_line' id='line_1_32' title="bbox 300 2331 1820 2384; baseline 0.001 -16"><span class='ocrx_word' id='word_1_205' title='bbox 300 2343 404 2368; x_wconf 79' lang='lat' dir='ltr'>nunc</span> <span class='ocrx_word' id='word_1_206' title='bbox 426 2335 587 2369; x_wconf 80' lang='lat' dir='ltr'>seruaui</span> <span class='ocrx_word' id='word_1_207' title='bbox 606 2332 702 2380; x_wconf 88' lang='lat' dir='ltr'>quod</span> <span class='ocrx_word' id='word_1_208' title='bbox 724 2344 955 2381; x_wconf 82' lang='lat' dir='ltr'>quamquam</span> <span class='ocrx_word' id='word_1_209' title='bbox 975 2335 1163 2380; x_wconf 83' lang='lat' dir='ltr'>incertus,</span> <span class='ocrx_word' id='word_1_210' title='bbox 1192 2338 1318 2370; x_wconf 82' lang='lat' dir='ltr'>utrum</span> <span class='ocrx_word' id='word_1_211' title='bbox 1345 2335 1392 2369; x_wconf 84' lang='lat' dir='ltr'>sit</span> <span class='ocrx_word' id='word_1_212' title='bbox 1413 2334 1637 2370; x_wconf 84' lang='lat' dir='ltr'>aduerbium</span> <span class='ocrx_word' id='word_1_213' title='bbox 1659 2344 1730 2382; x_wconf 90' lang='lat' dir='ltr'>quo</span> <span class='ocrx_word' id='word_1_214' title='bbox 1751 2331 1820 2384; x_wconf 81' lang='lat' dir='ltr'>(cf.</span> 
     </span>
     <span class='ocr_line' id='line_1_33' title="bbox 299 2386 1822 2437; baseline 0 -13"><span class='ocrx_word' id='word_1_215' title='bbox 299 2389 450 2424; x_wconf 68' lang='lat' dir='ltr'>Pacuu,</span> <span class='ocrx_word' id='word_1_216' title='bbox 483 2386 577 2437; x_wconf 81' lang='lat'>225)</span> <span class='ocrx_word' id='word_1_217' title='bbox 611 2400 662 2425; x_wconf 84' lang='lat' dir='ltr'>an</span> <span class='ocrx_word' id='word_1_218' title='bbox 685 2401 898 2436; x_wconf 82' lang='lat' dir='ltr'>pronomen</span> <span class='ocrx_word' id='word_1_219' title='bbox 926 2392 1007 2426; x_wconf 86' lang='lat' dir='ltr'>siue</span> <span class='ocrx_word' id='word_1_220' title='bbox 1038 2392 1267 2427; x_wconf 83' lang='lat' dir='ltr'>coniunctio.</span> <span class='ocrx_word' id='word_1_221' title='bbox 1301 2388 1425 2426; x_wconf 84' lang='lat' dir='ltr'>Clzaos</span> <span class='ocrx_word' id='word_1_222' title='bbox 1463 2392 1632 2437; x_wconf 74' lang='lat' dir='ltr'>incelleyz·</span> <span class='ocrx_word' id='word_1_223' title='bbox 1668 2392 1752 2427; x_wconf 77' lang='lat' dir='ltr'>uult</span> <span class='ocrx_word' id='word_1_224' title='bbox 1781 2390 1822 2427; x_wconf 90' lang='lat' dir='ltr'>L.</span> 
     </span>
     <span class='ocr_line' id='line_1_34' title="bbox 300 2445 1824 2494; baseline 0.001 -13"><span class='ocrx_word' id='word_1_225' title='bbox 300 2445 476 2481; x_wconf 82' lang='lat' dir='ltr'>Mueller.</span> <span class='ocrx_word' id='word_1_226' title='bbox 510 2445 608 2492; x_wconf 88' lang='lat' dir='ltr'>quod</span> <span class='ocrx_word' id='word_1_227' title='bbox 639 2445 674 2481; x_wconf 89' lang='lat' dir='ltr'>di</span> <span class='ocrx_word' id='word_1_228' title='bbox 702 2445 861 2482; x_wconf 85' lang='lat' dir='ltr'>interdiu</span> <span class='ocrx_word' id='word_1_229' title='bbox 892 2445 1068 2482; x_wconf 79' lang='lat' dir='ltr'>infernum</span> <span class='ocrx_word' id='word_1_230' title='bbox 1102 2446 1309 2483; x_wconf 84' lang='lat' dir='ltr'>Gulielmus</span> <span class='ocrx_word' id='word_1_231' title='bbox 1340 2446 1460 2483; x_wconf 85' lang='lat' dir='ltr'>Veris.</span> <span class='ocrx_word' id='word_1_232' title='bbox 1481 2446 1507 2482; x_wconf 94' lang='grc' dir='ltr'><em>Ι</em></span> <span class='ocrx_word' id='word_1_233' title='bbox 1525 2446 1548 2483; x_wconf 88' lang='grc'>6</span> <span class='ocrx_word' id='word_1_234' title='bbox 1581 2446 1677 2494; x_wconf 82' lang='lat' dir='ltr'>quod</span> <span class='ocrx_word' id='word_1_235' title='bbox 1708 2446 1742 2482; x_wconf 89' lang='lat' dir='ltr'>di</span> <span class='ocrx_word' id='word_1_236' title='bbox 1771 2447 1824 2482; x_wconf 90' lang='lat' dir='ltr'>in-</span> 
     </span>
     <span class='ocr_line' id='line_1_35' title="bbox 300 2501 1823 2550; baseline 0.002 -14"><span class='ocrx_word' id='word_1_237' title='bbox 300 2501 419 2537; x_wconf 81' lang='lat' dir='ltr'>terdiu</span> <span class='ocrx_word' id='word_1_238' title='bbox 450 2501 603 2537; x_wconf 80' lang='lat' dir='ltr'>inferum</span> <span class='ocrx_word' id='word_1_239' title='bbox 626 2503 789 2538; x_wconf 80' lang='lat' dir='ltr'>Bothius</span> <span class='ocrx_word' id='word_1_240' title='bbox 820 2502 918 2550; x_wconf 88' lang='lat' dir='ltr'>quod</span> <span class='ocrx_word' id='word_1_241' title='bbox 948 2502 983 2538; x_wconf 86' lang='lat' dir='ltr'>di</span> <span class='ocrx_word' id='word_1_242' title='bbox 1015 2502 1073 2539; x_wconf 83' lang='lat' dir='ltr'>ted</span> <span class='ocrx_word' id='word_1_243' title='bbox 1093 2502 1242 2538; x_wconf 81' lang='lat' dir='ltr'>infernis</span> <span class='ocrx_word' id='word_1_244' title='bbox 1272 2504 1334 2539; x_wconf 83' lang='lat' dir='ltr'>uel</span> <span class='ocrx_word' id='word_1_245' title='bbox 1362 2501 1459 2550; x_wconf 87' lang='lat' dir='ltr'>quod</span> <span class='ocrx_word' id='word_1_246' title='bbox 1490 2502 1526 2537; x_wconf 87' lang='lat' dir='ltr'>di</span> <span class='ocrx_word' id='word_1_247' title='bbox 1555 2502 1716 2538; x_wconf 79' lang='lat' dir='ltr'>infernis</span> <span class='ocrx_word' id='word_1_248' title='bbox 1735 2503 1823 2539; x_wconf 87' lang='lat' dir='ltr'>Vos-</span> 
     </span>
     <span class='ocr_line' id='line_1_36' title="bbox 301 2558 1823 2607; baseline 0 -14"><span class='ocrx_word' id='word_1_249' title='bbox 301 2560 394 2604; x_wconf 83' lang='lat' dir='ltr'>sius,</span> <span class='ocrx_word' id='word_1_250' title='bbox 425 2560 491 2605; x_wconf 79' lang='lat' dir='ltr'>qui</span> <span class='ocrx_word' id='word_1_251' title='bbox 510 2563 744 2604; x_wconf 77' lang='lat' dir='ltr'>anapaestos</span> <span class='ocrx_word' id='word_1_252' title='bbox 765 2561 921 2607; x_wconf 70' lang='lat' dir='ltr'>aynouit</span> <span class='ocrx_word' id='word_1_253' title='bbox 1008 2559 1059 2596; x_wconf 89' lang='grc'>63</span> <span class='ocrx_word' id='word_1_254' title='bbox 1084 2558 1295 2607; x_wconf 84' lang='lat' dir='ltr'>depressum</span> <span class='ocrx_word' id='word_1_255' title='bbox 1314 2559 1443 2595; x_wconf 82' lang='lat' dir='ltr'>Leidd.</span> <span class='ocrx_word' id='word_1_256' title='bbox 1463 2558 1598 2595; x_wconf 87' lang='lat' dir='ltr'>Bumb.</span> <span class='ocrx_word' id='word_1_257' title='bbox 1630 2559 1823 2607; x_wconf 82' lang='lat' dir='ltr'>interpres-</span> 
     </span>
     <span class='ocr_line' id='line_1_37' title="bbox 301 2614 1824 2652; baseline 0.001 -3"><span class='ocrx_word' id='word_1_258' title='bbox 301 2625 380 2649; x_wconf 89' lang='lat' dir='ltr'>snm</span> <span class='ocrx_word' id='word_1_259' title='bbox 403 2616 524 2651; x_wconf 83' lang='lat' dir='ltr'>ceteri</span> <span class='ocrx_word' id='word_1_260' title='bbox 541 2615 632 2651; x_wconf 85' lang='lat' dir='ltr'>libri</span> <span class='ocrx_word' id='word_1_261' title='bbox 715 2615 923 2652; x_wconf 81' lang='lat' dir='ltr'>clauserunt</span> <span class='ocrx_word' id='word_1_262' title='bbox 952 2615 1116 2652; x_wconf 77' lang='lat' dir='ltr'>Bolbius</span> <span class='ocrx_word' id='word_1_263' title='bbox 1229 2615 1281 2652; x_wconf 88' lang='grc'>64</span> <span class='ocrx_word' id='word_1_264' title='bbox 1311 2625 1476 2651; x_wconf 86' lang='lat' dir='ltr'>socerum</span> <span class='ocrx_word' id='word_1_265' title='bbox 1507 2614 1637 2650; x_wconf 79' lang='lat' dir='ltr'>uiderit</span> <span class='ocrx_word' id='word_1_266' title='bbox 1670 2615 1824 2652; x_wconf 80' lang='lat' dir='ltr'>Vossius</span> 
     </span>
     <span class='ocr_line' id='line_1_38' title="bbox 302 2670 1825 2720; baseline 0 -14"><span class='ocrx_word' id='word_1_267' title='bbox 302 2670 435 2706; x_wconf 84' lang='lat' dir='ltr'>uiderit</span> <span class='ocrx_word' id='word_1_268' title='bbox 454 2681 619 2707; x_wconf 87' lang='lat' dir='ltr'>socerum</span> <span class='ocrx_word' id='word_1_269' title='bbox 640 2672 730 2707; x_wconf 83' lang='lat' dir='ltr'>libri</span> <span class='ocrx_word' id='word_1_270' title='bbox 805 2673 948 2720; x_wconf 86' lang='lat' dir='ltr'>generis</span> <span class='ocrx_word' id='word_1_271' title='bbox 969 2671 1072 2708; x_wconf 86' lang='lat' dir='ltr'>hibus</span> <span class='ocrx_word' id='word_1_272' title='bbox 1095 2674 1220 2708; x_wconf 85' lang='lat' dir='ltr'>suasit</span> <span class='ocrx_word' id='word_1_273' title='bbox 1234 2672 1544 2708; x_wconf 75' lang='lat' dir='ltr'>Schneidewinus</span> <span class='ocrx_word' id='word_1_274' title='bbox 1621 2671 1671 2708; x_wconf 87' lang='grc'>66</span> <span class='ocrx_word' id='word_1_275' title='bbox 1694 2671 1763 2708; x_wconf 80' lang='lat' dir='ltr'>fata</span> <span class='ocrx_word' id='word_1_276' title='bbox 1786 2677 1825 2707; x_wconf 89' lang='lat' dir='ltr'>ut</span> 
     </span>
     <span class='ocr_line' id='line_1_39' title="bbox 303 2726 1824 2775; baseline 0.001 -13"><span class='ocrx_word' id='word_1_277' title='bbox 303 2727 570 2764; x_wconf 77' lang='lat' dir='ltr'>Buechelerus</span> <span class='ocrx_word' id='word_1_278' title='bbox 598 2732 696 2764; x_wconf 81' lang='lat' dir='ltr'>tanta</span> <span class='ocrx_word' id='word_1_279' title='bbox 717 2733 757 2763; x_wconf 88' lang='lat' dir='ltr'>ut</span> <span class='ocrx_word' id='word_1_280' title='bbox 776 2729 866 2764; x_wconf 82' lang='lat' dir='ltr'>libri</span> <span class='ocrx_word' id='word_1_281' title='bbox 880 2740 924 2774; x_wconf 80' lang='lat' dir='ltr'>p.</span> <span class='ocrx_word' id='word_1_282' title='bbox 949 2728 999 2765; x_wconf 89' lang='grc'>16</span> <span class='ocrx_word' id='word_1_283' title='bbox 1022 2733 1118 2764; x_wconf 79' lang='lat' dir='ltr'>tanta</span> <span class='ocrx_word' id='word_1_284' title='bbox 1137 2729 1229 2764; x_wconf 87' lang='lat' dir='ltr'>libri</span> <span class='ocrx_word' id='word_1_285' title='bbox 1245 2740 1287 2775; x_wconf 82' lang='lat' dir='ltr'>p.</span> <span class='ocrx_word' id='word_1_286' title='bbox 1310 2726 1390 2765; x_wconf 88' lang='grc'>184</span> <span class='ocrx_word' id='word_1_287' title='bbox 1420 2732 1517 2764; x_wconf 81' lang='lat' dir='ltr'>tanta</span> <span class='ocrx_word' id='word_1_288' title='bbox 1548 2728 1584 2763; x_wconf 91' lang='lat' dir='ltr'>ui</span> <span class='ocrx_word' id='word_1_289' title='bbox 1606 2727 1824 2775; x_wconf 78' lang='lat' dir='ltr'>Sclzoppius</span> 
     </span>
     <span class='ocr_line' id='line_1_40' title="bbox 302 2783 1712 2833; baseline 0.001 -15"><span class='ocrx_word' id='word_1_290' title='bbox 302 2789 439 2819; x_wconf 84' lang='lat' dir='ltr'>tantum</span> <span class='ocrx_word' id='word_1_291' title='bbox 473 2789 511 2819; x_wconf 89' lang='lat' dir='ltr'>ut</span> <span class='ocrx_word' id='word_1_292' title='bbox 543 2784 697 2821; x_wconf 86' lang='lat' dir='ltr'>Vossius</span> <span class='ocrx_word' id='word_1_293' title='bbox 789 2785 968 2832; x_wconf 86' lang='lat' dir='ltr'>protrahit</span> <span class='ocrx_word' id='word_1_294' title='bbox 996 2785 1087 2821; x_wconf 86' lang='lat' dir='ltr'>libri</span> <span class='ocrx_word' id='word_1_295' title='bbox 1109 2796 1150 2831; x_wconf 83' lang='lat' dir='ltr'>p.</span> <span class='ocrx_word' id='word_1_296' title='bbox 1177 2784 1254 2821; x_wconf 85' lang='lat'>184</span> <span class='ocrx_word' id='word_1_297' title='bbox 1285 2784 1466 2833; x_wconf 76' lang='lat' dir='ltr'>protrahis</span> <span class='ocrx_word' id='word_1_298' title='bbox 1498 2783 1712 2831; x_wconf 78' lang='lat' dir='ltr'>Schoppius</span> 
     </span>
    </p>

    <p class='ocr_par' dir='ltr' id='par_1_10' title="bbox 302 2839 1822 2944">
     <span class='ocr_line' id='line_1_41' title="bbox 303 2839 1822 2889; baseline 0.001 -14"><span class='ocrx_word' id='word_1_299' title='bbox 303 2839 353 2875; x_wconf 82' lang='lat'>67</span> <span class='ocrx_word' id='word_1_300' title='bbox 385 2851 452 2875; x_wconf 92' lang='lat' dir='ltr'>nos</span> <span class='ocrx_word' id='word_1_301' title='bbox 484 2840 531 2876; x_wconf 92' lang='lat' dir='ltr'><em>W</em></span> <span class='ocrx_word' id='word_1_302' title='bbox 635 2841 686 2878; x_wconf 88' lang='grc'>69</span> <span class='ocrx_word' id='word_1_303' title='bbox 718 2841 837 2889; x_wconf 83' lang='lat' dir='ltr'>signas</span> <span class='ocrx_word' id='word_1_304' title='bbox 868 2841 972 2877; x_wconf 85' lang='lat' dir='ltr'>Leid.</span> <span class='ocrx_word' id='word_1_305' title='bbox 1076 2841 1130 2878; x_wconf 83' lang='lat'>70</span> <span class='ocrx_word' id='word_1_306' title='bbox 1159 2841 1245 2877; x_wconf 84' lang='lat' dir='ltr'>Non</span> <span class='ocrx_word' id='word_1_307' title='bbox 1275 2841 1520 2877; x_wconf 83' lang='lat' dir='ltr'>dubitandum</span> <span class='ocrx_word' id='word_1_308' title='bbox 1549 2841 1703 2877; x_wconf 78' lang='lat' dir='ltr'>uidetur</span> <span class='ocrx_word' id='word_1_309' title='bbox 1732 2842 1822 2888; x_wconf 81' lang='lat' dir='ltr'>quin</span> 
     </span>
     <span class='ocr_line' id='line_1_42' title="bbox 302 2896 1278 2944; baseline 0.002 -13"><span class='ocrx_word' id='word_1_310' title='bbox 302 2896 461 2944; x_wconf 83' lang='lat' dir='ltr'>amplexa</span> <span class='ocrx_word' id='word_1_311' title='bbox 486 2899 737 2944; x_wconf 74' lang='lat' dir='ltr'>participium</span> <span class='ocrx_word' id='word_1_312' title='bbox 769 2900 816 2934; x_wconf 82' lang='lat' dir='ltr'>sit</span> <span class='ocrx_word' id='word_1_313' title='bbox 933 2898 981 2934; x_wconf 83' lang='lat'>71</span> <span class='ocrx_word' id='word_1_314' title='bbox 1017 2898 1099 2933; x_wconf 82' lang='lat' dir='ltr'>trita</span> <span class='ocrx_word' id='word_1_315' title='bbox 1129 2899 1187 2934; x_wconf 76' lang='lat' dir='ltr'>ecl.</span> <span class='ocrx_word' id='word_1_316' title='bbox 1213 2909 1278 2944; x_wconf 79' lang='lat' dir='ltr'>pr.</span> 
     </span>
    </p>
   </div>
  </div>
 </body>
</html>
