1942 3204
278 200 359 242 132
471 170 475 180 ³
883 201 934 233 Μ.
960 200 1197 239 PAcvvws

850 304 951 346 XLI
984 303 1117 360 (Atal.
1151 302 1227 360 23)

396 375 621 418 Calidonia
653 377 780 418 altrix
810 378 925 417 terra
956 377 1265 430 exuperantum
1297 374 1437 416 uirum

915 452 1040 494 XLII
1073 450 1169 509 (25)

278 525 365 568 405
1053 581 1055 583 ι
1146 524 1307 565 labitur

397 637 405 644 .
450 636 458 644 .
557 636 566 644 .
611 636 619 643 .
664 636 672 643 .
716 636 724 643 .
767 601 933 644 trabiea
963 602 1009 643 in
1040 602 1197 643 alueos.

917 678 1063 721 XLIII
1095 676 1162 735 (3)

396 750 511 793 Nam
550 749 589 792 si
626 751 698 806 qui
734 762 844 818 Euae
883 752 1090 792 euentura
1135 751 1236 791 sunt
1258 732 1555 809 ,Ριοιιιᾱθειιιῂ
1605 750 1802 805 aequipe-

1248 827 1346 867 rent
1375 816 1482 868 Ioui.

917 897 1061 940 XLIV
1094 895 1161 954 (5)

393 970 523 1014 Nerei
553 970 923 1045 repandirostrum
954 969 1338 1011 incuruiceruicum
1368 983 1498 1024 pecus

851 1046 972 1089 XLV
1005 1045 1122 1103 (Dul
1154 1044 1230 1103 26)

396 1153 404 1161 .
436 1119 702 1175 profectione
733 1119 837 1160 laeti
867 1117 1050 1174 piscium
1080 1115 1305 1159 lasciuiam

273 1199 360 1240 410
390 1195 651 1251 'Intuentur,
682 1197 761 1238 nee
791 1195 942 1238 tuendi
973 1196 1122 1250 capere
1155 1195 1331 1236 satietas
1362 1195 1516 1249 potest.

368 1304 452 1336 XLI
477 1304 592 1336 Varro
619 1302 708 1336 del.
733 1303 774 1344 L.
791 1303 862 1336 VII
880 1302 987 1335 18M.
1015 1301 1255 1333 Paeuius'
1283 1299 1493 1342 (paculus
1518 1299 1653 1342 Flor.:)
1679 1299 1804 1342 ‘Caly-

276 1350 410 1382 donia’
437 1361 468 1381 e.
486 1360 519 1391 q.
538 1359 565 1381 s.
593 1352 655 1380 ‘ut
679 1359 767 1390 ager
782 1347 1030 1384 Tusculanus,
1057 1348 1109 1379 sie
1128 1345 1218 1385 Oalv
1222 1346 1350 1378 donius
1375 1356 1465 1396 ager
1490 1349 1558 1386 est,
1585 1356 1657 1378 non
1674 1348 1801 1378 terra)

275 1395 438 1435 Quadrat
464 1395 542 1427 fere
567 1404 611 1426 ex
628 1393 812 1436 Euripidis
831 1393 952 1426 Oeneo
972 1393 1015 1424 fr.
1033 1393 1098 1424 562
1115 1391 1157 1424 N.
1185 1385 1213 1425 ὦ
1236 1391 1305 1434 ’γῆς
1330 1386 1508 1433 πατρώοις
1533 1393 1643 1433 χαῖρε
1668 1389 1806 1433 φίλτα-

277 1451 345 1473 τον
377 1436 498 1473 πέδον
524 1438 776 1481 Καλυδῶνος,
811 1448 882 1480 quo
913 1440 1033 1469 motus
1057 1437 1261 1469 Periboeae
1286 1436 1354 1469 hoc
1386 1435 1430 1467 fr
1456 1436 1691 1468 inserendum
1723 1446 1804 1468 esse

283 1486 431 1520 conieci
526 1484 629 1517 XLII
656 1483 763 1516 Pauli
787 1484 918 1515 Festus
942 1494 975 1525 p.
1000 1483 1064 1514 367
1090 1481 1138 1513 Μ.
1167 1481 1366 1514 trabica
1390 1482 1512 1516 nauis
1539 1481 1633 1523 quod
1658 1482 1707 1514 sit
1730 1484 1803 1513 tra-

280 1531 387 1563 bibus
413 1529 569 1563 confixa
610 1529 813 1562 Pacuuius.
839 1528 995 1560 labitur'
1022 1537 1053 1559 e.
1078 1537 1111 1569 q.
1138 1538 1165 1559 s.
1273 1526 1396 1559 XLIII
1423 1526 1567 1559 Gellius
1589 1526 1674 1559 XIV
1700 1528 1736 1568 1,
1761 1527 1806 1560 34

279 1579 454 1618 ‘praeter
478 1575 569 1608 haec
596 1577 718 1607 autem
742 1599 749 1605 .
771 1599 779 1606 .
801 1599 807 1606 .
838 1574 953 1606 multa
977 1574 1088 1604 etiam
1114 1573 1260 1604 memini
1291 1574 1480 1613 poetarum
1507 1574 1672 1604 ueterum
1696 1572 1804 1604 testi-

282 1622 422 1660 monia,
450 1631 471 1652 a
497 1620 627 1662 quibus
651 1618 904 1651 huiuscemodi
929 1618 1105 1659 ambages
1131 1617 1346 1650 fallaciosae
1373 1617 1628 1657 confutantum
1659 1627 1704 1649 ex
1729 1618 1806 1659 qui—

281 1667 350 1699 bus
376 1669 433 1698 est
457 1665 716 1717 Pacuuianum,
734 1664 856 1696 illud.
914 1663 1103 1714 'Compar
1106 1663 1178 1695 itis
1204 1662 1442 1713 Sophocleis*
1433 1672 1504 1694 mc.
1523 1662 1597 1694 fab.
1618 1662 1660 1694 fr.
1676 1663 1742 1695 834
1758 1662 1804 1697 N.

555 1703 644 1742 ἀλλ’
673 1703 718 1742 οὗ
725 1704 815 1763 γάρ
842 1701 890 1741 ἂν
915 1703 960 1741 τὰ
987 1708 1084 1740 θεῖα
1108 1702 1352 1747 κρυπτόντων
1376 1705 1482 1740 θεῶν

547 1751 694 1797 μάθοις
719 1766 788 1793 αν,
815 1749 903 1786 οὐδ’
930 1751 965 1786 εἰ
989 1747 1101 1785 παντ’
1130 1749 1354 1794 ἑπεξέλθοις
1379 1751 1530 1785 σκοπῶν

277 1802 325 1834 ad
357 1790 537 1834 Teucrum
568 1801 664 1832 hunc
694 1811 728 1832 u.
760 1800 898 1831 rettuli.
1013 1798 1133 1830 XLIV
1160 1797 1411 1839 Quintilianus
1442 1798 1459 1830 1
1482 1799 1519 1837 5,
1546 1799 1588 1830 67
1620 1801 1803 1831 ‘ceterum

279 1847 387 1878 etiam
413 1858 457 1879 ex
483 1846 751 1888 praepositione
777 1848 813 1877 et
837 1845 977 1877 duobus
1002 1843 1193 1876 uocabulis
1219 1844 1306 1875 dure
1329 1842 1474 1875 uidetur
1498 1843 1671 1875 struxisse
1689 1844 1803 1875 Pacu-

278 1894 360 1925 uius
384 1895 459 1925 ...''
497 1893 615 1923 Varro
641 1891 684 1922 de
710 1890 732 1921 l.
758 1891 800 1922 L.
828 1891 853 1918 V
882 1892 901 1922 7
926 1890 974 1921 M.
1000 1888 1308 1930 ‘quemadmodum
1333 1887 1501 1930 quodque
1528 1891 1634 1930 poeta
1658 1887 1804 1920 finxerit

278 1938 447 1978 uerbum,
479 1935 712 1975 confinxerit,
746 1935 956 1967 declinarit.
1003 1935 1076 1966 Hic
1101 1935 1239 1966 Pacui
1264 1932 1453 1965 rudentum
1481 1933 1624 1974 sibilus,
1656 1933 1715 1965 hic
1739 1934 1804 1965 in-

277 1993 406 2015 curui
419 1991 644 2014 ceruleum
671 1991 821 2022 pecus.
827 1979 836 1991 '
876 1980 947 2012 Vix
972 1979 1118 2011 dubium
1143 1979 1231 2020 quin
1256 1977 1302 2010 ad
1326 1978 1506 2010 Teucrum
1531 1979 1752 2020 pertineant.

372 2026 473 2058 XLV
497 2025 625 2058 Cicero
658 2026 702 2058 de
735 2025 808 2060 diu.
833 2025 850 2056 I
877 2026 935 2066 14,
960 2025 1005 2056 24
1035 2025 1321 2066 ‘gubernatores
1351 2033 1470 2055 nonne
1504 2023 1707 2056 falluntur?
1747 2025 1802 2055 An

282 2072 500 2104 Achiuorum
525 2071 709 2103 exereitus
735 2074 771 2102 et
796 2074 852 2102 tot
868 2070 1014 2101 nauium
1041 2072 1200 2101 rectores
1218 2079 1289 2100 non
1314 2070 1368 2100 ita
1385 2068 1542 2111 profecti
1558 2071 1642 2100 sunt
1658 2069 1704 2101 ab
1721 2068 1802 2107 Ilio,
1822 2100 1829 2108 κ

281 2120 328 2149 ut
352 2116 645 2159 profectione
671 2115 695 2150 l.
722 2127 756 2158 p.
783 2115 807 2149 l.
834 2116 1139 2155 intuerentur,
1165 2117 1206 2146 ut
1232 2115 1284 2145 ait
1308 2113 1510 2154 Pacuuius,
1542 2123 1623 2146 nec
1648 2113 1803 2146 tuendi

376 2211 459 2250 404
481 2211 655 2248 ealidonia
676 2211 785 2247 Flor.
807 2209 998 2259 Calydonia
1018 2212 1119 2258 uulq.
1206 2209 1287 2246 406
1312 2209 1415 2245 alueo
1437 2209 1642 2246 Dacerz'us.
1673 2210 1804 2247 Possis

278 2272 390 2306 etiam
418 2271 474 2305 sic
503 2270 725 2315 disponere.-
756 2266 886 2303 trahiea
908 2265 1040 2303 labitur
1066 2266 1071 2314 Ι
1097 2267 1132 2302 in
1161 2266 1284 2302 alueos
1306 2270 1394 2312 aut,
1423 2270 1463 2301 ut
1483 2271 1606 2303 monet
1628 2265 1802 2303 Bueche-

278 2327 396 2373 lerus,
418 2324 558 2361 labetur
579 2324 710 2360 trabica
732 2325 768 2359 in
789 2336 824 2359 a.
903 2323 983 2360 407
1006 2324 1036 2359 si
1057 2324 1118 2371 qui
1140 2335 1208 2360 om.
1244 2323 1347 2359 Voss.
1369 2324 1456 2358 mai.
1537 2324 1598 2370 qui
1620 2334 1710 2371 quae
1731 2334 1801 2359 om.

283 2383 390 2420 Grut.
481 2392 570 2429 quae
593 2393 663 2417 om.
686 2381 858 2428 Franeq.
947 2381 1173 2428 aequiperem
1206 2380 1378 2425 Vossius,
1409 2380 1510 2426 quod
1527 2381 1641 2416 ualde
1657 2380 1800 2426 proba-

282 2440 408 2475 biliter
437 2443 652 2474 correctum
674 2447 758 2474 esse
778 2439 867 2474 dicit
887 2436 1123 2473 Ritschelz'us
1141 2436 1247 2472 Prot.
1275 2435 1378 2471 Trin.
1398 2447 1439 2482 p.
1461 2435 1513 2472 83
1535 2447 1608 2483 δᾳ,
1630 2429 1701 2472 nec}
1720 2438 1802 2482 ipse

279 2506 451 2542 repuyno
537 2493 618 2531 408
639 2495 674 2529 in
696 2495 836 2530 ceruice
857 2494 995 2529 ruicum
1025 2493 1208 2528 Varronis
1227 2492 1334 2528 Flor.
1411 2502 1521 2539 pecus
1543 2504 1614 2529 om.
1630 2492 1801 2528 Ambros.

278 2564 325 2587 m.
351 2551 371 2586 1
451 2550 531 2587 409
554 2551 605 2586 sic
626 2551 674 2586 ab
694 2552 798 2587 initio
820 2551 995 2597 suppleri
1014 2551 1125 2595 uelim
1209 2548 1292 2585 410
1311 2549 1512 2598 intuentur,
1535 2560 1604 2585 om.
1626 2553 1680 2594 ut,
1698 2549 1799 2584 Her-

278 2618 444 2643 mcmnus
477 2606 618 2653 Opusc.
653 2606 729 2642 VII
750 2605 830 2644 385
859 2610 1074 2653 praeeunte
1105 2605 1310 2652 Stieylz'tzio
1340 2606 1386 2641 de
1414 2604 1582 2641 Pacuuii
1598 2605 1801 2640 Duloreste

275 2676 315 2710 p.
338 2663 405 2709 87,
437 2665 512 2699 nisi
538 2665 640 2710 quod
664 2663 727 2699 hic
755 2664 946 2698 intuuntur
971 2664 1183 2709 proposuit.
1219 2667 1257 2697 ut
1294 2690 1301 2697 .
1331 2690 1338 2697 .
1367 2689 1374 2697 .
1410 2662 1637 2697 intuerentur
1667 2659 1799 2697 Cicero

278 2721 461 2756 intuemur
490 2721 583 2755 scite
616 2720 805 2756 Vsenerus
899 2730 1025 2767 capere
1055 2719 1198 2754 satietas
1228 2722 1350 2766 potest
1379 2717 1627 2753 Her-mannus
1656 2718 1800 2753 satietas

280 2787 406 2824 capere
434 2781 559 2823 posset
587 2775 718 2823 (possit
740 2777 890 2812 codices
917 2772 1061 2824 optimi)
1085 2774 1227 2811 Cicero.
1260 2785 1386 2822 capere
1405 2778 1529 2821 posset
1556 2774 1700 2809 satietas
1720 2774 1799 2810 Da-

267 2834 402 2869 uisius
431 2833 538 2868 satias
559 2843 684 2880 capere
706 2833 844 2880 possiet
876 2832 1064 2868 Gruterus
1093 2832 1200 2867 satias
1225 2841 1352 2878 capere
1373 2841 1438 2866 nos
1459 2834 1579 2877 potest
1613 2830 1800 2867 Vsenerus

281 2899 407 2936 capere
437 2889 532 2936 potis
564 2894 619 2924 est
647 2889 790 2924 satietas
823 2888 1052 2936 Stz'eylitzius
1080 2890 1105 2924 l.
1137 2889 1159 2924 Ζ.
