1942 3204
827 180 877 215 M.
902 179 1142 215 Pacvv1vs
1683 179 1764 222 103

225 357 312 402 215
342 357 621 414 Repugnanti
653 371 735 414 ego
767 284 915 414 porr}K
917 282 1122 399 {2182
1154 355 1318 399 detraxi
1352 358 1575 413 ungulum.

931 432 1060 477 XVII

344 506 502 550 Paelici
535 505 857 562 superstitiosae
890 508 988 548 cuim
1019 504 1192 548 uecordi
1224 505 1408 561 c6m'uge

869 581 1022 626 XVIII
1054 581 1122 640 (8)

347 656 440 700 'vsi
470 655 635 698 honore
668 654 794 697 eredo
821 653 980 697 Achiui
1009 654 1126 697 hunc
1158 655 1375 710 sceptrum
1406 655 1627 710 patientur
1659 656 1763 711 poti.

897 736 1100 781 MEDVS

921 814 942 858 Ι
975 813 1072 872 (17)

341 887 529 932 'Accessi
561 886 769 944 Aeaeam,
801 888 844 929 et
874 887 1065 930 tosillam
1095 887 1206 950 pegi⁸
1227 887 1338 930 lecsso
1371 888 1417 930 in
1448 885 1587 930 litore.

900 963 945 1006 II
977 962 1094 1022 (28)·
1129 1006 1135 1018 ,

973 1038 1034 1092 te,
1066 1034 1158 1092 Sol,
1189 1034 1366 1093 snuoco,

221 1117 310 1161 220
339 1114 605 1171 'Inquirendi
636 1115 686 1156 ut
716 1111 805 1156 me1'
833 1113 1026 1170 parentis
1058 1112 1166 1156 ml'hi
1197 1114 1460 1170 potestatem
1492 1113 1599 1156 duis.

223 1211 419 1246 dromacha
437 1207 707 1243 aechmalotide
733 1233 740 1241 .
755 1233 763 1240 .
779 1233 786 1240 .
808 1208 946 1242 Iliona:
972 1208 1055 1242 ibo’
1081 1219 1112 1242 e.
1133 1219 1167 1252 q.
1184 1220 1213 1242 s.
1245 1207 1436 1252 (Accius
1462 1207 1611 1242 Iliona
1630 1208 1763 1242 Aldina

222 1257 452 1293 Pacuuius
476 1254 627 1290 Iliona
651 1254 780 1288 Iunius
804 1253 842 1286 in
866 1253 956 1297 mg.)
1049 1255 1134 1288 XVI
1160 1255 1296 1288 Festus
1322 1266 1356 1298 p.
1376 1256 1443 1288 375
1468 1255 1517 1290 Μ.
1544 1254 1763 1296 ‘ungulus

221 1304 398 1338 Oscorum
424 1301 552 1344 lingua
576 1299 708 1333 anulus
733 1317 777 1324 —
801 1317 846 1324 —
872 1300 1059 1333 Pacuuius
1085 1301 1123 1333 in
1146 1300 1285 1334 Iliona:
1311 1300 1557 1343 repugnanti’
1583 1311 1614 1332 e.
1642 1310 1675 1342 q.
1703 1310 1731 1333 s.

311 1347 417 1382 XVII
441 1347 578 1380 Festus
604 1355 638 1388 p.
665 1346 732 1379 372
757 1345 806 1378 Μ.
841 1348 1025 1379 ‘uecors
1051 1349 1108 1378 est
1132 1346 1275 1379 turbati
1299 1356 1344 1379 ac
1367 1346 1454 1378 mali
1480 1345 1614 1378 cordis.
1655 1345 1698 1378 P.
1724 1346 1762 1378 in

218 1395 359 1429 Iliona:
385 1391 546 1437 paelici’
571 1401 604 1424 e.
631 1401 664 1433 q.
691 1400 718 1423 s.
836 1390 959 1424 XVIII
983 1391 1075 1424 Non.
1100 1393 1188 1432 475,
1212 1392 1257 1424 28
1283 1393 1403 1435 ‘poti
1427 1402 1493 1434 pro
1519 1391 1655 1433 potiri.’

220 1439 394 1475 Eiusdem
419 1436 572 1472 fabulae
597 1436 764 1479 reliquiis
790 1436 1035 1470 coniectando
1060 1437 1215 1480 ascripsi
1240 1437 1312 1473 inc.
1339 1437 1413 1470 fab.
1438 1436 1758 1470 XXX-XXXIV

222 1490 260 1521 et
284 1486 357 1518 inc.
379 1484 454 1518 inc.
482 1482 558 1517 fab.
583 1481 701 1515 XLII.

310 1531 444 1564 Mnnvs
471 1527 529 1564 Of.
559 1527 686 1560 Cicero
713 1527 757 1560 de
783 1527 845 1560 off.
871 1527 890 1560 I
915 1529 970 1569 31,
999 1529 1073 1562 114.
1111 1527 1130 1561 Ι
1155 1528 1292 1561 Festus
1318 1539 1352 1571 p.
1377 1529 1444 1562 356
1469 1527 1518 1560 Μ.
1545 1524 1760 1571 ‘[tonsil-

219 1578 303 1611 lam
327 1573 396 1620 ait]
431 1583 512 1607 esse
538 1573 688 1606 Verrius
718 1571 843 1616 palum
869 1572 1035 1606 dolatum
1062 1570 1117 1617 [in
1144 1583 1298 1607 acumen
1323 1571 1377 1617 et]
1411 1573 1563 1616 cuspide
1621 1573 1760 1606 raefer-

219 1626 359 1663 ratum,
389 1623 431 1654 ut
455 1616 680 1660 existismat‚
707 1615 835 1662 qu]em
861 1618 995 1662 configi
1019 1619 1057 1652 in
1082 1618 1189 1652 litore
1221 1620 1328 1653 nauis
1353 1584 1617 1662 re[lig·andae]p
1634 1629 1759 1653 causa.

220 1667 405 1702 Pacuuius
429 1665 468 1698 in
492 1663 642 1696 Medio
666 1688 698 1697 ..
713 1666 741 1696 .’
769 1662 854 1705 (om.
872 1664 994 1698 Vatic.
1011 1664 1058 1704 R)
1083 1664 1298 1698 Priscianus
1323 1664 1356 1696 X
1380 1675 1416 1706 p.
1433 1666 1501 1698 894
1525 1664 1564 1700 Ρ.
1591 1667 1760 1708 ‘pango

221 1722 366 1757 quoque
393 1710 515 1755 pegi,
543 1712 580 1742 et
606 1719 650 1742 ex
675 1719 719 1742 eo
744 1709 908 1752 impingo
933 1709 1070 1752 impegi
1095 1709 1200 1743 facit.
1250 1710 1433 1744 Pacuuius
1457 1710 1496 1742 in
1520 1709 1646 1743 Medo:
1679 1713 1759 1743 ton-

218 1759 358 1794 sillam’
379 1767 411 1793 e.
429 1766 464 1799 q.
483 1765 511 1788 s.
537 1754 787 1795 (Pacubius
811 1752 915 1787 Grut.
934 1754 1093 1790 Karolir.
1148 1755 1297 1789 Medio
1315 1755 1419 1790 Grut.
1439 1754 1561 1798 Sanga,
1587 1758 1626 1788 et
1650 1756 1663 1788 i
1680 1766 1758 1788 rur-

220 1815 282 1839 sus
306 1801 433 1836 deleta
457 1799 633 1840 Karolir.)
678 1796 735 1832 De
760 1799 906 1833 nomine
929 1800 1079 1833 Medio
1103 1801 1151 1834 cf.
1177 1800 1222 1834 Ο.
1240 1800 1441 1834 Muellerus
1467 1800 1505 1832 in
1531 1801 1635 1835 Varr.
1662 1800 1707 1833 de
1733 1800 1757 1836 l.

217 1850 261 1884 L.
277 1849 330 1883 VI
347 1849 391 1882 60
481 1845 520 1879 11
545 1845 735 1879 Charisius
758 1846 775 1878 1
801 1856 836 1889 p.
862 1847 905 1880 79
930 1846 972 1881 Ρ.
998 1846 1145 1886 ‘heres,
1171 1855 1355 1889 parens,
1381 1846 1488 1879 homo
1518 1869 1524 1875 .
1547 1870 1556 1879 .
1574 1871 1582 1879 .
1613 1856 1757 1879 mascu-

218 1960 292 1996 ieci
366 1955 455 1992 uelit
476 1957 567 1991 ante
583 1954 667 1991 Ald.
690 1953 806 1990 uelint
825 1953 916 1991 libri
980 1953 1106 1990 ualuae
1128 1955 1211 1991 edd.
1233 1953 1338 1991 balue
1356 1955 1449 1991 libri
1526 1953 1606 1991 216
1628 1953 1756 2003 paelici

220 2015 437 2053 Politianus
457 2010 558 2059 (uide
578 2010 850 2048 Mommsenum
873 2021 1004 2048 comm.
1027 2012 1141 2048 acad.
1165 2011 1296 2048 Berol.
1322 2010 1430 2049 1864
1449 2022 1489 2058 p.
1513 2009 1582 2058 80)
1602 2010 1756 2060 paelluci

218 2072 324 2110 Leid.
345 2068 467 2120 pellici
486 2067 608 2105 ratic.
625 2067 655 2105 S
674 2068 735 2116 qui
756 2067 873 2104 ueloci
896 2068 1058 2106 Vrsinus
1078 2069 1139 2117 qui
1161 2067 1268 2105 uelox
1293 2067 1332 2105 Ο.
1350 2067 1566 2105 Muellerus
1627 2078 1754 2116 super-

219 2151 369 2189 stitione
397 2147 559 2186 Vrsinus
645 2145 726 2184 217
758 2148 814 2184 usi
844 2147 984 2185 honore
1005 2149 1063 2186 ed.
1082 2149 1212 2196 princ.
1245 2148 1299 2184 usi
1320 2127 1460 2185 honssre
1491 2147 1543 2184 W
1568 2148 1622 2184 usi
1644 2158 1755 2184 onere

218 2208 325 2247 Leid.
348 2205 484 2244 Bamb.
515 2204 571 2241 usi
602 2203 738 2242 honere
769 2206 891 2242 ceteri
917 2205 1008 2242 libri
1036 2210 1075 2242 tu
1107 2205 1137 2241 si
1167 2215 1300 2242 conere
1328 2203 1534 2242 Mercerus
1625 2204 1752 2240 Achiui

219 2266 315 2303 hunc
345 2262 610 2300 Buechelerus
639 2261 769 2300 adhuic
795 2263 887 2300 libri
915 2262 1013 2299 hunc
1040 2263 1126 2299 olim
1152 2264 1313 2310 scripsi,
1341 2263 1411 2299 sed
1437 2272 1574 2299 manco
1602 2262 1754 2298 duabus

217 2321 378 2370 syllabis
405 2329 525 2356 uersu
552 2318 601 2355 ab
627 2321 746 2357 initio.
854 2318 936 2357 218
967 2319 1101 2356 accessi
1131 2319 1240 2356 Aeam
1271 2319 1468 2368 Berylcius
1496 2318 1597 2355 Mus.
1627 2318 1751 2355 Rhea.

222 2377 330 2417 1835
347 2389 390 2425 p.
412 2374 484 2421 78,
513 2377 623 2412 immo
644 2377 795 2414 Aeaeam
816 2377 1086 2414 Buecheler-us
1115 2386 1217 2413 acces
1247 2404 1256 2413 .
1275 2405 1285 2414 .
1305 2405 1313 2414 .
1342 2386 1418 2412 cam
1440 2376 1523 2412 cod.
1548 2375 1664 2412 Borb.
1696 2386 1752 2410 ac-

217 2444 398 2473 cesseram
431 2431 551 2470 Vatic.
575 2431 604 2469 S
633 2438 727 2472 leste
749 2434 982 2472 Mommseno
1011 2435 1038 2471 l.
1059 2435 1087 2471 l.
1118 2434 1251 2470 accessi
1271 2435 1369 2470 Aean
1403 2432 1445 2470 0.
1468 2431 1681 2469 Muellerus

217 2498 254 2530 et
290 2491 349 2528 hic
386 2499 526 2527 uersus
562 2492 747 2540 explendi
780 2501 903 2528 causa
941 2490 1113 2528 scribere
1151 2490 1338 2527 uolebam.
1461 2488 1617 2526 tosillam
1648 2489 1755 2525 Festi

217 2549 302 2587 cod.
333 2546 475 2592 Borb·‚
514 2550 644 2586 tuetur
673 2548 887 2586 Muellerus
925 2546 1106 2584 tonsillam
1137 2547 1387 2594 Priscianus,
1425 2548 1502 2582 nisi
1530 2547 1633 2593 quod
1668 2550 1749 2581 ton-

217 2604 296 2642 silla
327 2603 446 2641 Bern-
478 2602 594 2643 Ilalb.
624 2604 742 2654 Sanq.
772 2605 881 2642 Grut.
912 2604 1087 2641 Karolir.
1123 2609 1186 2640 ton
1216 2603 1307 2652 sylla
1339 2603 1475 2641 Bamb.
1509 2601 1655 2638 tonsilla
1687 2611 1749 2637 ce-

217 2663 293 2700 teri
319 2660 410 2699 libri
510 2661 594 2709 pagi
614 2661 723 2699 Festi
752 2662 872 2699 Vatic.
895 2660 924 2698 S
952 2661 1056 2709 paegi
1079 2661 1204 2698 Prisc.
1226 2661 1401 2698 Karolir.
1509 2658 1602 2694 lecto
1626 2659 1749 2706 Ber-9·

216 2719 304 2756 icius
322 2719 347 2755 l.
368 2718 396 2754 l.
426 2715 522 2753 laeto
544 2719 684 2756 Festus
702 2718 798 2755 cliuo
819 2718 947 2755 Prisc.
970 2717 1055 2754 Erl.
1087 2716 1171 2753 leuo
1192 2717 1319 2754 Prisc.
1343 2718 1437 2763 Req.
1463 2715 1598 2751 Bumb.
1624 2714 1745 2751 Bern.

217 2774 334 2812 Halb.
359 2773 478 2821 Suny.
493 2772 669 2813 Karolir.
690 2774 794 2812 laeuo
816 2777 937 2812 ceteri
957 2784 1067 2810 saeuo
1091 2773 1313 2811 Scriuerius
1386 2772 1466 2808 219
1488 2782 1544 2819 sq.
1572 2771 1748 2807 Bolhium

216 2842 320 2868 nunc
347 2833 502 2868 secutus
529 2842 633 2869 sum.-
664 2844 702 2870 u.
726 2831 810 2870 220
836 2832 907 2869 hoc
936 2831 1070 2868 ordine
1099 2835 1138 2866 ut
1168 2830 1253 2866 mihi
1282 2834 1499 2878 potestatem
1528 2826 1608 2864 duis
1629 2827 1746 2876 inqui-

217 2886 320 2924 rendi
347 2885 417 2924 mei
446 2889 604 2935 parentis
632 2890 670 2926 in
698 2889 782 2929 cod.
805 2888 972 2926 traditus
1001 2891 1077 2936 est,
1106 2897 1216 2935 quem
1246 2891 1285 2923 ul
1314 2894 1534 2931 seruart‘m,
1575 2886 1662 2922 olim
1697 2885 1745 2921 ml
