1942 3204
223 180 247 220 8
826 179 897 212 CN.
923 178 1133 213 NAvas

902 282 965 324 IX
1019 282 1046 324 5

345 395 350 401 .
374 395 379 400 .
404 394 410 401 .
433 394 438 401 .
462 361 643 415 quamne
677 359 893 414 quondam
924 280 1103 401 fuldaizae
1135 358 1209 400 icit
1240 358 1460 413 Iuppiter?

914 447 962 489 X·
988 446 1054 504 (8)

343 525 571 568 Manubiae*
604 525 820 580 suppetiat
850 538 984 579 prone
1017 558 1272 566 .......

599 667 604 672 .
694 613 756 655 XI
789 611 889 669 (inc.
909 615 1018 669 trag.
1043 614 1095 655 16
1116 613 1208 655 add.
1233 612 1287 670 1.)

347 690 432 733 Suo
465 691 609 733 sonitu
642 687 755 733 claro
788 690 1012 746 fulgoriuit
1042 689 1245 746 Iuppiter.

723 778 911 829 EQVOS
949 778 1244 822 TROIANVS

262 916 315 958 15
346 886 593 941 Numquam
623 885 750 928 hodie
783 885 959 942 effugies
992 884 1098 940 quin
1128 900 1223 927 mea
1254 883 1450 928 moriaris
1483 899 1623 926 manu.
1717 895 1749 920 15

653 991 888 1034 HECTOR
918 991 1329 1058 PROFIOISOENS

743 1081 764 1122 I
797 1079 928 1138 (Enn.
949 1080 1072 1123 Heet.
1092 1081 1138 1123 L.
1161 1078 1235 1138 19)

350 1158 470 1200 Tunc
490 1158 606 1213 ipsos
626 1158 841 1213 adoriant,
860 1158 1127 1228 Whinc
1147 1157 1345 1214 Spartam
1364 1152 1522 1200 referat
1539 1157 1751 1200 mintium.

693 1298 696 1303 ,
733 1246 776 1288 11
810 1244 942 1303 (Eun.
961 1246 1084 1288 Heca
1104 1246 1151 1289 L.
1175 1245 1247 1303 18)

350 1324 508 1366 Laetus
542 1338 636 1365 sum
667 1323 833 1365 laudari
864 1338 931 1366 me
964 1324 1039 1365 abs
1071 1326 1130 1379 te,
1162 1324 1301 1379 pater,
1334 1338 1358 1364 a
1388 1323 1561 1366 laudato
1594 1323 1699 1365 uiro.

323 1453 376 1485 IX
400 1454 493 1485 Non.
523 1453 602 1493 124,
630 1454 671 1485 14
696 1454 804 1485 ‘icit
830 1452 1015 1495 significat
1039 1453 1216 1494 percutit,
1251 1454 1296 1485 ab
1322 1453 1397 1485 ictu
1405 1477 1571 1486 ........
1588 1455 1597 1472 ’
1627 1452 1754 1494 (Nae-

234 1496 357 1541 uius]
385 1498 428 1529 in
447 1498 608 1540 equius
626 1497 745 1539 Leid.)
839 1498 872 1529 X
888 1498 978 1530 Non.
999 1499 1074 1539 138,
1093 1499 1133 1531 17
1152 1497 1423 1539 ‘manubias‚
1441 1508 1568 1530 manus
1586 1497 1768 1532 exubiae(

234 1545 275 1576 N.
291 1544 415 1576 Dane.
430 1567 437 1575 .
453 1546 481 1575 .'
575 1542 626 1574 XI
647 1544 738 1578 Non.
758 1544 833 1580 110,
855 1544 894 1575 17
914 1546 924 1562 ‘
938 1542 1202 1585 fulgoriuit,
1221 1543 1401 1584 fulgorem
1419 1543 1509 1576 fecit
1528 1542 1587 1575 uel
1603 1542 1755 1582 fulmine

236 1589 392 1622 afflauit.
411 1589 453 1620 N.
468 1587 491 1619 S
504 1597 556 1619 an
568 1598 632 1620 ea.
647 1612 654 1620 .
671 1590 698 1619 ‚³
719 1587 890 1628 (Danae
907 1587 1065 1629 Junius).
1112 1588 1311 1621 Ariolando
1331 1587 1447 1621 addas
1465 1588 1537 1620 inc.
1551 1598 1644 1620 nom.
1664 1587 1691 1621 1.
1706 1587 1754 1620 11.

324 1634 450 1671 EQvos
468 1633 661 1665 Tnomuvs
679 1632 889 1666 Macrobius
913 1633 992 1665 Sat.
1010 1634 1061 1666 VI
1081 1634 1110 1675 1,
1129 1634 1172 1666 38
1191 1632 1409 1675 ‘Vergiliust
1436 1643 1630 1675 numquam
1649 1633 1754 1665 hodie

237 1679 410 1721 effugies,
436 1677 582 1710 ueniam
608 1687 835 1720 quocumque
861 1679 1035 1710 uocarisae
1062 1677 1155 1718 (Ecl.
1174 1681 1207 1720 3,
1224 1677 1281 1719 49)
1309 1677 1486 1710 ‘Naeuius
1503 1678 1541 1710 in
1558 1687 1651 1719 equo
1668 1678 1756 1709 Tro-

234 1726 392 1756 iano..'.
409 1725 418 1742 ’
455 1723 640 1755 Incertum
664 1726 720 1754 est
745 1726 864 1755 utrum
896 1733 941 1755 ex
964 1723 1098 1755 Naeuii
1130 1723 1256 1756 fabula
1282 1733 1328 1755 an
1362 1734 1405 1754 ex
1430 1723 1503 1756 alia
1534 1723 1580 1764 (e.
1605 1733 1639 1765 g.
1664 1723 1757 1756 Attii

234 1767 441 1811 Deiphobo)
467 1770 612 1810 sumpta
638 1768 711 1800 sint
736 1768 807 1803 inc.
833 1771 929 1810 poet.
957 1768 1025 1800 VII
1051 1772 1087 1800 et
1112 1769 1200 1801 VIII

326 1815 480 1846 Hec'ron
506 1813 781 1846 Pnommscmvs
806 1814 823 1846 Ι
847 1813 1058 1846 Priscianus
1084 1813 1171 1846 VIII
1195 1825 1228 1856 p.
1245 1815 1308 1846 801
1335 1813 1563 1854 Rjadorior
1589 1815 1625 1845 et
1650 1812 1756 1845 ado-

236 1860 330 1892 rio.
349 1883 357 1891 .
378 1883 385 1890 .
418 1858 583 1891 Naeuius
615 1858 653 1889 in
683 1858 844 1890 Hectore
875 1858 1130 1900 proficiscente
1146 1883 1154 1891 .
1175 1883 1183 1890 .
1204 1883 1211 1890 .
1229 1862 1238 1877 ’
1273 1858 1329 1899 (in
1362 1858 1417 1891 -ΙΙ-
1443 1859 1639 1890 Hectore
1663 1858 1757 1890 Bon-

239 1914 335 1944 gars.
362 1904 398 1934 in
424 1903 479 1935 ΙΙΙ
504 1903 700 1935 Hectore
731 1902 801 1934 duo
824 1903 984 1935 Darmst.
1010 1903 1163 1935 Carolir.
1188 1905 1207 1935 2
1241 1913 1319 1935 cum
1346 1903 1630 1941 recentioribus)
1722 1903 1758 1935 11

173 1968 175 1970 -
240 1947 368 1982 Cicero
386 1948 494 1983 Tusc.
509 1947 614 1988 disp.
634 1947 683 1979 IV
701 1949 760 1986 31,
785 1949 827 1980 67
846 1948 972 1980 ‘aliter
995 1948 1090 1979 enim
1107 1948 1320 1981 Naeuianus
1338 1947 1399 1980 ille
1418 1948 1556 1990 gaudet
1572 1948 1756 1980 Hector:

238 1995 390 2026 laetus
422 2016 429 2024 .
449 2017 457 2025 .
479 2016 487 2024 .
527 1992 636 2024 aliter
666 1992 729 2024 ille
759 1992 856 2035 apud
886 1991 1091 2027 Trabeam.'
1140 1992 1242 2026 Idem
1272 1994 1318 2026 ad
1349 1993 1463 2028 famil.
1490 1993 1520 2025 V
1547 1994 1586 2025 12
1611 1993 1758 2035 ‘placet

242 2039 336 2072 enim
363 2038 504 2070 Hector
528 2036 592 2068 ille
617 2037 705 2069 mihi
729 2037 958 2077 Naeuianus,
986 2038 1048 2079 qui
1072 2048 1144 2070 non
1168 2041 1309 2071 tantum
1334 2038 1511 2070 laudari
1536 2047 1581 2070 se
1607 2037 1756 2070 laeta-

239 2089 330 2124 tur,
366 2082 431 2116 sed
463 2081 567 2114 addit
593 2082 703 2113 etiam
730 2092 752 2113 a
777 2082 963 2115 laudato
988 2083 1111 2118 uiro.’
1159 2083 1259 2116 Idem
1291 2083 1337 2116 acl
1369 2083 1483 2116 famil.
1509 2083 1575 2115 XV
1599 2085 1619 2116 6
1645 2082 1758 2115 ‘lae-

239 2133 314 2161 tus
339 2138 428 2160 sum
452 2126 638 2159 laudari
662 2138 741 2167 me,
766 2127 889 2169 inquit
904 2127 1063 2167 Hector,
1087 2130 1232 2171 opinor,
1259 2129 1356 2171 apud
1372 2128 1567 2169 Naeuium,
1592 2128 1670 2161 abs
1695 2132 1758 2168 te,

240 2176 392 2216 pater,
425 2183 446 2204 a
477 2171 665 2204 laudato
695 2172 801 2204 uiro.
855 2172 911 2205 Ea
940 2176 996 2206 est
1022 2173 1117 2206 enim
1147 2174 1313 2215 profecto
1344 2173 1502 2206 iucunda
1532 2172 1629 2213 laus,
1667 2182 1758 2214 quae

240 2220 286 2251 ab
312 2219 358 2250 iis
382 2216 641 2259 proficiscitur,
673 2217 734 2258 qui
764 2218 837 2259 ipsi
868 2218 906 2249 in
935 2217 1043 2251 laude
1069 2218 1264 2251 uixerunw
1313 2219 1455 2251 Seneca
1479 2219 1587 2260 epist.
1613 2218 1715 2250 XVII
1739 2219 1758 2249 2

240 2264 339 2304 (102,
369 2263 424 2302 16)
452 2265 555 2294 ‘cum
579 2262 741 2304 tragicus
767 2262 832 2294 ille
864 2262 959 2304 apud
990 2273 1054 2296 nos
1084 2263 1137 2295 ait
1160 2263 1392 2305 magnificum
1425 2273 1505 2296 esse
1536 2262 1712 2295 laudari
1737 2274 1758 2294 a

240 2308 427 2341 laudato
452 2307 566 2347 uiro,
590 2306 700 2339 laude
728 2307 837 2349 digno
863 2306 942 2342 ait.'
983 2307 1039 2340 cf.
1071 2306 1277 2350 Symmachi
1300 2309 1417 2351 Epist.
1441 2309 1458 2342 I
1483 2309 1514 2340 3.
1539 2308 1590 2341 IX
1617 2308 1680 2340 110

357 2450 404 2486 11
429 2460 580 2498 quamne
604 2451 747 2496 scripsi
766 2461 855 2497 quac
874 2450 963 2486 libri
982 2461 1086 2497 quam
1099 2451 1228 2488 Delrio
1251 2461 1357 2498 quem
1375 2450 1594 2487 Scriuerius
1609 2449 1759 2494 Semela,

242 2518 346 2555 quam
379 2506 568 2554 Berylcius
587 2506 612 2541 l.
633 2506 656 2540 l.
765 2505 943 2553 quondam
965 2506 1106 2543 Jum'us
1127 2506 1300 2554 quandam
1320 2507 1412 2543 libri
1486 2506 1630 2541 flumine
1661 2505 1709 2542 W

242 2573 466 2611 nequaquam
487 2562 636 2597 Danaam
658 2561 683 2596 s.
707 2561 730 2596 i.
753 2562 778 2597 Ι.
801 2562 1067 2599 Buechelerus
1175 2562 1223 2598 12
1246 2562 1426 2611 manubias
1447 2562 1627 2610 suppetiat
1646 2572 1759 2610 prone

242 2621 384 2666 scripsi
396 2617 576 2654 manubias
593 2616 759 2664 subpetat
774 2629 841 2666 pro
860 2630 914 2655 me
930 2619 1019 2655 libri
1104 2618 1155 2655 14
1171 2630 1227 2666 sq.
1246 2621 1433 2667 inteyrum
1449 2629 1551 2655 nunc
1567 2619 1760 2654 senarium

244 2678 396 2713 restitui
471 2685 547 2710 mea
562 2684 668 2709 manu
689 2675 840 2710 moriare
860 2676 960 2719 libri,
985 2675 1121 2722 quibus
1137 2677 1243 2712 nolui
1256 2677 1312 2712 uti
1326 2676 1378 2712 ad
1392 2677 1581 2712 octonarii
1591 2675 1762 2722 frustum

244 2733 525 2769 dimetiendum.-
555 2740 747 2777 numquam
767 2729 873 2767 hodie
895 2742 925 2767 e.
960 2731 1046 2779 quin
1069 2742 1144 2767 mea
1165 2730 1271 2767 manu
1293 2727 1442 2766 moriare
1464 2758 1472 2766 .
1498 2758 1506 2766 .
1528 2759 1536 2767 .
1627 2730 1677 2767 16
1700 2731 1760 2778 qui

245 2789 327 2824 hinc
365 2788 407 2824 G.
438 2788 688 2824 Her-mannus
725 2787 845 2824 Elem.
883 2789 918 2823 d.
949 2800 997 2823 m.
1027 2798 1067 2834 p.
1102 2787 1180 2824 633
1214 2788 1293 2835 quis
1323 2787 1406 2822 hinc
1433 2787 1523 2823 libri
1606 2786 1762 2823 reserant

246 2845 413 2882 Darmsl.
447 2845 468 2880 b
499 2848 536 2880 el
567 2841 730 2884 Doruill,
849 2843 898 2880 17
930 2854 985 2880 me
1016 2856 1083 2880 om.
1116 2843 1216 2880 Pillz.
1249 2845 1287 2880 in
1321 2842 1430 2880 Tusc.
