1942 3204
822 181 866 223 Q.
892 181 1074 217 ENNIVS
1664 182 1720 222 39

464 287 620 330 Stellas
652 301 812 343 cogens
843 287 975 332 etiam
1007 287 1136 343 *itque
1168 287 1298 329 etiam

182 365 267 410 180
464 364 618 408 Noctis
651 365 832 436 sublime
865 365 947 407 iter

872 472 916 515 II
949 470 1017 530 (2)

813 549 1082 607 Agamemno

462 641 665 684 Procede:
698 640 879 697 gradum
910 640 1103 696 proferre
1135 640 1291 696 pedum

461 718 628 762 Nitere:
660 733 820 774 cessas,
851 734 877 760 o
909 716 997 760 fl'de
1031 751 1039 760 .
1073 751 1081 759 .
1113 718 1136 760 ?

357 991 467 1034 'Otio
500 993 572 1048 qui
605 993 742 1035 nescit
771 989 856 1062 Q,
887 993 984 1048 phis
1016 992 1166 1048 negoii
1198 992 1348 1048 habet,

296 1069 434 1120 Quem
466 1085 563 1113 cum
596 1071 692 1126 quis
724 1070 982 1127 negotiosod
1014 1070 1151 1113 utitur
1183 1069 1373 1126 negotio.

174 1200 315 1242 mundi,
342 1204 383 1234 ut
407 1201 461 1234 ait
479 1201 632 1243 Ennius,
659 1195 810 1245 eiipeo
827 1202 931 1234 miris
951 1200 1155 1245 fulgoribus
1173 1201 1320 1234 uariata
1346 1201 1582 1235 caelamina.’
1617 1202 1710 1234 Con-

174 1245 262 1279 tulit
285 1246 456 1290 Scaliger
481 1246 711 1291 Eurip.1ph.
735 1247 816 1282 Aul.
843 1248 880 1280 6.

489 1305 553 1347 Ay.
593 1303 651 1344 τίς
675 1298 764 1338 ποτ’
790 1297 854 1348 αρ’
868 1297 1002 1356 ἀστὴρ
1027 1297 1095 1338 οδε
1119 1297 1354 1357 πορθμεύει;

492 1350 562 1393 Πρ.
591 1349 762 1402 Σείριος,
789 1344 903 1407 &gyne
927 1362 947 1383 τ
978 1361 996 1388 ς
1021 1344 1242 1402 ἑπταπόρου

582 1375 778 1434 Πλειάδος
799 1405 930 1442 ᾳσσων
974 1407 1010 1429 τι
1034 1390 1235 1439 μεσσήρης.

263 1452 300 1486 11
325 1453 462 1486 Festus
486 1463 520 1495 p.
545 1454 612 1486 249
636 1453 685 1486 Μ.
718 1453 892 1496 ‘pedum
925 1455 982 1486 est
1013 1452 1160 1495 quidem
1190 1452 1364 1486 baculum
1394 1453 1608 1494 incuruum,
1641 1464 1712 1496 quo

174 1501 342 1540 pastores
366 1501 520 1532 utuntur
544 1516 586 1522 —
610 1516 655 1522 —-
678 1515 723 1522 ——
748 1499 814 1532 sed
843 1499 881 1531 in
905 1508 948 1531 eo
972 1508 1101 1539 uersu,
1132 1498 1193 1541 qui
1225 1502 1282 1531 est
1312 1499 1350 1531 in
1374 1498 1572 1541 Iphigenia
1598 1500 1710 1531 Enni:

174 1543 368 1586 procede
395 1554 428 1586 g.
448 1554 483 1587 p.
510 1554 545 1586 p.
571 1554 605 1576 n.
629 1546 811 1577 cessas?
834 1544 872 1578 id
896 1544 1015 1586 ipsum
1034 1543 1204 1576 baculum
1223 1543 1425 1586 significari
1452 1555 1533 1577 cum
1553 1545 1608 1577 ait
1624 1546 1713 1577 Ver-

174 1589 266 1630 rius,
293 1589 419 1621 mirari
442 1589 537 1622 satis
561 1599 633 1622 non
659 1599 822 1632 possum,
855 1600 936 1622 cum
968 1589 1019 1622 sit
1044 1589 1131 1622 ordo
1157 1589 1263 1630 talis,
1296 1593 1331 1622 et
1364 1600 1428 1632 per
1457 1600 1539 1622 eum
1570 1589 1710 1631 signifi-

174 1633 273 1666 catio
304 1638 453 1676 aperta,
489 1635 672 1676 gradum
704 1635 908 1677 proferre
939 1634 1098 1677 pedum
1129 1637 1309 1668 cessas?
1342 1635 1517 1669 nitere)
1565 1634 1629 1676 (cf.
1661 1636 1710 1667 11.

174 1679 318 1712 Keilius
344 1679 366 1715 Ι.
391 1679 414 1711 l.
442 1690 475 1723 p.
503 1679 583 1719 623)
609 1679 728 1713 Schol.
756 1681 892 1715 Veron.
917 1680 955 1712 in
983 1680 1090 1722 Verg.
1116 1679 1193 1715 Ecl.
1219 1681 1252 1722 5,
1276 1680 1320 1714 88
1351 1691 1386 1723 p.
1411 1681 1454 1713 72
1479 1680 1575 1715 Keil.
1615 1683 1711 1722 ‘pe-

173 1723 264 1757 dum
288 1749 297 1757 .
318 1749 326 1757 .
348 1749 356 1758 .
386 1727 443 1758 est
472 1725 640 1757 baculum
675 1735 882 1765 recuruum,
915 1735 985 1767 quo
1016 1728 1187 1767 pastores
1219 1728 1373 1758 utuntur
1397 1750 1404 1758 .
1424 1751 1431 1758 .
1453 1750 1462 1759 .
1490 1728 1530 1758 ut
1560 1726 1614 1758 ait
1638 1725 1712 1757 En-

171 1770 256 1803 nius
279 1770 317 1802 in
342 1769 517 1813 Ifigenia.
543 1771 695 1812 gradum
725 1795 733 1804 .
758 1795 767 1803 .
831 1769 913 1803 fide.
963 1767 1117 1813 dici[tur
1140 1768 1313 1814 pedum]’
1340 1781 1372 1803 e.
1400 1781 1433 1813 q.
1460 1781 1487 1804 s.
1523 1774 1619 1804 teste
1646 1770 1710 1802 Ar-

172 1815 283 1848 noldo
309 1815 540 1848 Herrmanno
572 1826 657 1848 ann.
685 1815 825 1867 philon.
852 1817 940 1849 1866
965 1826 1002 1858 p.
1027 1817 1083 1848 66.
1124 1815 1290 1848 Contulit
1320 1815 1415 1848 idem
1447 1815 1617 1858 Scaliger
1642 1817 1712 1848 Eu-

171 1854 443 1947 Ῥεῦοιδῖῌαέἐ,
469 1855 532 1940 {g
539 1856 628 1939 Ιιξε
611 1855 956 1950 εξέἒνρέἕὲοιῖἑῗέ
966 1854 1105 1960 agique?
1119 1855 1481 1940 ,Ιξῆηἶῗὲιῖεοὺξῇίοκιῖἴ
1490 1860 1709 1950 ἱὶἰυὲἰῗὲο

173 1950 421 1985 tentissimi
454 1953 576 1994 regis
606 1956 922 1995 anapaestum,
956 1952 1032 1995 qui
1062 1951 1221 1984 laudat
1245 1961 1391 1985 senem
1426 1956 1469 1984 et
1500 1952 1707 1985 fortuna-

172 2000 263 2030 tum
288 2007 387 2030 esse
421 1997 557 2039 dicit,
590 1997 704 2040 quod
730 1997 959 2041 inglorius
984 1997 1044 2030 sit
1070 2001 1208 2040 atque
1233 1996 1454 2039 ignobilis
1492 1997 1543 2030 ad
1570 2007 1708 2040 supre

173 2051 280 2075 mum
310 2042 427 2075 diem
459 2046 785 2085 peruenturus’
819 2048 941 2076 utrum
965 2042 1179 2086 Euripidem
1204 2040 1264 2084 (16
1289 2039 1384 2085 sqq.)
1416 2053 1463 2075 an
1487 2042 1647 2075 Ennium
1671 2043 1709 2074 in

173 2090 296 2121 mente
320 2087 494 2121 habuerit
517 2088 698 2122 incertum
723 2091 791 2122 est.
860 2088 919 2122 111
944 2088 1087 2121 Gellius
1110 2087 1197 2121 XIX
1217 2089 1336 2128 10,11
1364 2091 1499 2129 atque
1524 2088 1576 2120 ibi
1594 2087 1711 2120 Iulius

171 2131 343 2166 Celsinus
369 2133 559 2166 admonuit
583 2134 621 2166 in
645 2133 840 2178 tragoedia
865 2144 1010 2177 quoque
1034 2134 1149 2177 Enni,
1183 2143 1279 2176 quae
1305 2133 1501 2176 Iphigenia
1525 2133 1708 2176 inscripta

170 2265 288 2302 noctis
319 2264 487 2302 uidetur?
516 2265 790 2314 Agamemnoni
808 2266 941 2303 tribuit
973 2265 1128 2303 Vossius
1196 2260 1393 2315 -superat[t
1423 2261 1541 2315 temo]
1565 2265 1707 2302 Festus

173 2326 267 2358 {emo
293 2327 443 2371 superat
481 2321 607 2359 Varro
726 2321 803 2359 179
833 2333 890 2371 sq.
919 2321 1043 2358 stellas
1073 2320 1225 2359 sublime
1261 2333 1398 2370 cogens
1432 2321 1557 2370 (agens
1596 2322 1704 2358 Flor.

171 2378 280 2415 Goth.
302 2378 397 2416 Par.
419 2391 444 2416 α
466 2376 502 2425 b)
523 2379 628 2415 etiam
649 2383 757 2427 atque
776 2379 882 2415 etiam
904 2379 1020 2416 noctis
1041 2379 1111 2415 iter
1129 2379 1220 2415 libri
1247 2378 1371 2415 stelias
1392 2389 1529 2427 cogens
1550 2377 1704 2414 sublime

169 2434 277 2471 etiam
307 2446 340 2472 a.
363 2446 396 2473 e.
418 2446 455 2472 ιι.
476 2436 500 2472 ἰ.
534 2435 712 2485 Scaliyer
740 2439 787 2472 st.
810 2434 965 2472 sublime
995 2436 1101 2472 etiam
1131 2446 1268 2484 cogens
1299 2446 1330 2473 a.
1354 2446 1385 2471 e.
1410 2446 1443 2471 n.
1466 2435 1488 2474 i.
1521 2435 1563 2471 Ο.
1584 2435 1706 2471 Muel-

167 2492 277 2528 lerus
305 2502 443 2540 cogens
473 2490 627 2528 sublime
657 2492 763 2529 etiam
784 2504 816 2529 a.
837 2503 869 2532 e.
892 2504 928 2532 n.
949 2493 974 2529 i.
1005 2491 1258 2529 Her-mannus
1279 2493 1303 2528 l.
1326 2493 1352 2529 l.
1384 2490 1522 2538 stellam,
1553 2490 1705 2527 sublime

169 2548 276 2584 etiam
307 2553 415 2596 atque
444 2549 551 2585 etiam
578 2543 585 2599 Ι
611 2548 729 2585 noctis
759 2559 896 2598 cogens
927 2549 998 2586 iter
1027 2549 1224 2598 Berylcius
1252 2549 1328 2585 incl.
1358 2549 1461 2584 lecu.
1495 2552 1590 2587 aest.
1621 2548 1703 2583 Ila-

167 2606 264 2641 lens.
298 2604 406 2642 1863
436 2616 475 2652 p.
507 2603 540 2641 V
654 2604 736 2643 180
763 2606 907 2643 noctuis
945 2606 1053 2642 itiner
1084 2605 1307 2642 Boeclckius
1345 2604 1410 2641 Gr.
1445 2609 1544 2651 [νας.
1573 2606 1701 2650 princ.

167 2671 208 2707 p.
230 2659 312 2699 279
394 2660 471 2699 181
494 2671 551 2710 sq.
572 2660 718 2710 pedum,
739 2661 876 2709 Nitere‚
898 2662 1043 2700 cessas?
1064 2673 1149 2699 cum
1165 2662 1282 2698 Festo
1304 2661 1556 2697 Her-mannus
1575 2662 1613 2695 in
1629 2662 1654 2696 Ι.
1674 2660 1701 2695 1.

173 2716 251 2755 138
343 2717 421 2755 182
442 2729 463 2754 o
486 2715 555 2755 fide
575 2718 695 2756 schol.
730 2718 880 2766 Veron„
904 2731 972 2756 om.
995 2719 1136 2756 Festus
1213 2728 1322 2754 senex
1344 2717 1488 2754 addidit
1510 2716 1706 2764 Bergk-ius

168 2773 256 2811 Iud.
286 2775 389 2812 lectt.
419 2774 549 2812 Marb.
570 2780 665 2813 aest.
690 2774 798 2813 1844
826 2787 867 2824 p.
889 2775 978 2813 XII
1063 2775 1142 2812 183
1174 2774 1333 2811 Dimidio
1365 2778 1585 2810 truncatum
1615 2782 1702 2809 uer-

169 2840 251 2867 sum
287 2832 521 2879 siqnificauie
561 2831 814 2869 Her-mannus
856 2834 882 2869 l.
920 2834 947 2869 l.
977 2845 1017 2879 p.
1049 2831 1152 2877 818,
1191 2832 1354 2867 alterum
1393 2830 1583 2875 incipiens
1623 2829 1704 2866 his.-

170 2885 254 2924 Plus
284 2888 410 2936 negoti
528 2887 608 2926 184
639 2899 746 2937 quam
775 2899 857 2926 cum
894 2894 951 2925 est
990 2888 1178 2937 negotium
1218 2887 1253 2923 in
1293 2886 1444 2934 negotio
1473 2885 1563 2922 libri
1597 2895 1701 2935 quam
