1942 3204
850 172 898 205 M.
924 171 1160 207 PAcvvlvs
1695 171 1772 213 lOl

355 278 507 335 Neque
547 280 589 321 te
627 278 709 321 mei
749 278 940 333 miseret,
990 281 1117 335 surge
1161 278 1206 320 et
1243 277 1374 333 sepeli
1420 277 1570 320 mitum
1616 275 1771 335 [tuum]

1092 355 1211 412 prius
1243 355 1374 411 quam
1405 355 1521 398 ferae

355 415 650 471 Volucresque

236 495 325 537 200
356 493 454 537 Neu
485 493 687 550 reliquias
719 494 879 550 quaeso
911 493 1032 541 mias¹
1053 492 1174 535 sireis
1205 492 1434 535 denudatis
1467 493 1635 535 ossibus

355 571 437 614 Per
468 572 632 616 terram
663 571 782 614 sanie
815 563 1029 614 delibutas
1060 570 1185 614 foede
1217 570 1468 613 diuexz‘trier.

771 648 811 691 V
845 647 978 706 (Enn.
1010 648 1151 691 Iliona
1182 646 1229 705 2)

353 725 448 783 Age
481 727 594 769 asts:
626 741 752 769 mane
785 726 903 770 audi:
935 725 1045 769 itera
1077 726 1179 769 dum
1211 726 1360 768 eadem
1392 725 1526 768 istaec
1557 725 1683 767 mihi!

770 803 835 846 VI
867 802 979 862 (Att.
1011 803 1152 847 Iliona
1183 802 1231 862 2)

352 880 444 923 Aut
476 881 731 938 stagnorum
765 881 1010 924 timidorum
1040 882 1243 924 rimarem
1274 882 1369 925 loca

892 959 979 1003 VII
1012 951 1133 1017 (10)'

352 1036 469 1087 Quos
502 1037 584 1094 ego
616 1036 678 1079 ita
709 1039 757 1080 ut
787 1036 907 1080 uolui
938 1036 1110 1080 offendo
1142 1036 1371 1080 incolumis
1405 1070 1413 1078 .
1447 1070 1455 1079 .
1489 1070 1497 1079 .

231 1131 408 1176 peliretur
438 1131 507 1165 hoo
537 1131 682 1165 dicens:
714 1135 855 1166 mater
879 1135 927 1166 te
959 1132 1163 1176 appello,
1195 1142 1389 1174 exsurge
1426 1134 1472 1164 et
1498 1131 1642 1175 sepeli
1678 1136 1772 1165 me.'

231 1178 360 1211 Cicero
386 1188 452 1221 pro
477 1177 600 1211 Sestio
625 1178 778 1218 59‚·126
805 1181 867 1211 ‘at
891 1188 979 1211 uero
1005 1177 1068 1211 ille
1092 1203 1102 1212 .
1122 1203 1130 1212 .
1151 1203 1159 1211 .
1190 1178 1403 1221 emergebat
1427 1177 1568 1218 subito,
1595 1188 1675 1210 cum
1702 1178 1771 1211 sub

231 1222 380 1258 tabulas
405 1223 660 1266 subrepserat,
687 1227 731 1256 ut
753 1224 898 1257 Mater
923 1227 966 1257 te
992 1223 1178 1267 appello
1204 1223 1370 1256 dicturus
1394 1222 1613 1257 uideretur.'
1657 1223 1773 1256 Scho-

228 1268 344 1302 liasta
372 1268 570 1303 Bobiensis
600 1268 686 1302 inl.
714 1269 757 1302 l.:
797 1268 953 1302 ‘deinde
984 1273 1068 1312 post
1099 1269 1195 1303 haec
1226 1269 1354 1302 intulit
1385 1278 1533 1302 uersum
1566 1268 1611 1301 de
1643 1269 1773 1302 fabula

229 1314 467 1356 Pacuuisna,
493 1324 588 1357 quae
613 1315 680 1348 sub
706 1314 815 1348 titulo
833 1315 949 1348 Ilione
974 1315 1104 1348 fertur.
1137 1315 1180 1348 In
1206 1326 1252 1348 ea
1277 1319 1334 1348 est
1359 1315 1496 1358 quippe
1514 1318 1771 1357 argumentum

229 1360 285 1394 ita
309 1359 550 1404 dispositum,
583 1364 624 1393 ut
648 1359 826 1402 Polydori
858 1360 987 1393 umbra
1018 1361 1220 1394 secundum
1246 1360 1550 1394 consuetudinem
1581 1360 1771 1393 scaenico-

229 1415 307 1438 rum
333 1406 379 1439 ab
405 1405 580 1439 inferiore
607 1405 749 1439 aulaei’
775 1405 843 1448 (sio
868 1405 1060 1439 Halmius:
1085 1407 1221 1440 aulae
1247 1404 1344 1448 cod.)
1379 1409 1506 1449 ‘parte
1532 1405 1711 1448 procedat
1735 1410 1773 1438 et

229 1453 359 1484 utatur
384 1451 454 1484 hac
478 1451 715 1485 inuocatione
741 1452 868 1484 matris
894 1461 1002 1491 suae,
1029 1462 1138 1495 quam
1165 1451 1375 1486 sordidatus
1400 1454 1439 1484 et
1454 1451 1604 1494 lugubri
1627 1450 1770 1492 habitu,

228 1500 270 1530 ut
293 1497 416 1530 solent
441 1497 503 1539 qui
529 1507 596 1540 pro
620 1498 772 1529 mortuis
798 1497 1044 1538 inducuntur,
1077 1496 1172 1530 filius
1205 1497 1458 1540 implorabat.’
1499 1496 1631 1529 Cicero
1656 1497 1769 1530 Acad.

228 1552 282 1586 pr.
303 1542 340 1576 11
363 1543 420 1584 27,
437 1543 483 1575 88
508 1541 572 1584 (cf.
590 1541 635 1585 V)
731 1544 761 1577 V
779 1542 910 1576 Cicero
929 1543 1042 1577 Acad.
1068 1553 1120 1585 pr.
1138 1543 1175 1576 11
1192 1544 1248 1585 27,
1266 1543 1310 1576 88
1336 1541 1472 1584 ‘quidi‘
1497 1541 1618 1575 Iliona
1644 1552 1769 1575 somno

229 1587 295 1621 illo
320 1588 461 1620 Mater
484 1590 529 1621 te
554 1587 737 1631 appello
769 1598 890 1621 nonne
916 1588 970 1621 ita
993 1588 1113 1622 eredit
1136 1588 1251 1621 filium
1275 1588 1456 1628 locutum,
1483 1592 1523 1620 ut
1548 1592 1770 1630 experrecta

230 1634 345 1666 etiam
370 1632 565 1666 crederet?
591 1633 688 1666 unde
715 1633 811 1667 enim
837 1633 920 1667 illa:
955 1644 1039 1678 age
1063 1659 1072 1668 .
1091 1659 1100 1668 .
1122 1658 1130 1666 .
1155 1633 1286 1667 mihi?
1311 1643 1396 1666 num
1422 1633 1569 1666 uidetur
1592 1633 1770 1666 minorem

229 1678 369 1712 habere
399 1678 491 1711 uisis
522 1688 632 1722 quam
663 1679 868 1722 uigilantes
899 1679 1054 1713 fidem?’
1102 1679 1201 1712 Idem
1233 1679 1353 1722 Epist.
1378 1678 1426 1711 ad
1449 1678 1526 1711 Att.
1550 1678 1637 1711 XIV
1663 1679 1723 1719 14,
1751 1683 1765 1711 l

231 1723 482 1758 ‘Iteradum
509 1724 664 1758 eadem
686 1724 779 1758 ista
804 1723 939 1761 mihi)
974 1725 1122 1758 Eisdem
1146 1725 1271 1758 uerbis
1296 1723 1427 1757 Cicero
1451 1725 1571 1757 utitur
1594 1723 1706 1757 etiam
1731 1724 1769 1757 in

229 1770 343 1805 Tusc.
366 1768 460 1813 disp.
476 1770 515 1803 Π
533 1770 587 1809 19,
604 1771 651 1803 44
741 1769 793 1803 VI
815 1769 910 1803 Non.
936 1771 1016 1812 382,
1042 1772 1063 1804 8
1088 1770 1264 1803 ‘rimari
1290 1769 1428 1803 dicitur
1452 1769 1631 1811 scrutari,
1658 1780 1769 1812 quae-

228 1825 310 1849 rere
339 1839 346 1848 .
367 1839 376 1848 .
396 1839 405 1848 .
433 1815 621 1849 Pacuuius
644 1815 824 1848 Atalanta
852 1840 860 1848 .
881 1840 888 1848 .
910 1840 919 1849 .
948 1816 1114 1850 Accius
1139 1815 1287 1849 Ilione
1313 1840 1322 1850 .
1343 1840 1351 1849 .
1372 1817 1402 1847 .'
1429 1813 1639 1857 (aeonius
1662 1815 1768 1849 Leid.

227 1860 454 1895 Pacuuius
479 1860 652 1903 Rothius)
744 1860 815 1894 VII
840 1862 934 1895 Non.
960 1862 1046 1902 359,
1072 1863 1093 1895 2
1119 1861 1406 1903 ‘offendere,
1432 1860 1628 1893 inuenire.’

343 1967 424 2007 198
455 1979 575 2018 neque
606 1963 642 2006 t'e
663 1970 732 2006 mei
751 1970 858 2016 libri,
892 1969 1105 2007 Bentleius.
1138 1980 1257 2018 neque
1278 1969 1347 2006 mei
1368 1974 1403 2006 te
1437 1969 1590 2007 Vossius
1662 1969 1767 2006 mise-

228 2031 330 2064 retur
361 2026 564 2064 Bentleius
665 2031 768 2063 tuum
799 2027 1020 2074 BentleiuS,
1053 2038 1126 2064 om.
1156 2027 1248 2064 libri
1346 2037 1460 2075 surge
1489 2037 1557 2075 age
1588 2031 1624 2062 et
1654 2026 1789 2075 sepeli

228 2088 350 2120 natum
381 2094 418 2132 p.
450 2093 485 2131 q.
516 2083 542 2121 f.
575 2083 796 2132 Seyffertus
886 2083 965 2122 198
998 2094 1055 2132 sq.
1086 2084 1188 2133 prius
1218 2082 1328 2128 Quam
1360 2083 1459 2120 serae
1491 2082 1692 2120 ‘Bentleius

228 2139 311 2178 200
340 2150 413 2177 neu
449 2139 622 2189 reliquias
661 2141 825 2178 semiassi
864 2141 935 2178 reis
969 2140 1064 2179 Gud.
1095 2140 1220 2178 Bern.
1258 2151 1331 2178 neu
1361 2139 1426 2177 rel.
1457 2140 1546 2176 semi
1583 2139 1655 2176 assi
1693 2141 1765 2176 reis

227 2198 325 2246 Req.
357 2207 403 2234 ne
433 2207 463 2233 r.
495 2197 677 2235 semiassis
714 2198 788 2235 reis
820 2197 951 2236 Brux.
985 2209 1055 2235 neu
1085 2197 1151 2239 rel.
1190 2198 1352 2235 semiassi
1390 2197 1487 2246 regis
1526 2199 1649 2234 celeri
1675 2198 1768 2234 libri

227 2254 303 2290 Neu
335 2258 375 2290 tu
404 2253 574 2303 reliquias
604 2255 655 2292 sic
684 2265 781 2292 meas
818 2254 923 2292 sieris
955 2255 1255 2301 Fleckeisenus,
1296 2254 1510 2301 nisi-forte
1550 2254 1659 2291 aliud
1695 2254 1764 2291 ali-

227 2311 336 2359 quid,
376 2312 478 2358 quod
503 2311 620 2349 iambi
647 2322 866 2349 mensuram
896 2315 1057 2361 aequet,
1095 2314 1134 2350 in
1163 2313 1303 2349 titteris
1333 2322 1372 2348 se
1401 2312 1536 2348 lateat.
1572 2310 1649 2347 Neu
1680 2310 1764 2347 reli-

227 2367 328 2416 quias
361 2368 529 2405 semiesas
559 2370 623 2406 uel
642 2369 694 2405 sic
725 2379 820 2406 meas
848 2369 932 2406 siris
954 2369 1175 2419 Bentleius,
1204 2373 1291 2416 post
1321 2378 1430 2417 quem
1462 2367 1565 2404 sireis
1593 2367 1763 2415 sormam

227 2425 392 2462 restituit
419 2424 473 2462 M.
496 2425 697 2473 Hauptius
725 2427 801 2463 ind.
830 2426 965 2464 scholl.
989 2426 1122 2464 Berol.
1147 2430 1244 2463 aest.
1271 2425 1376 2462 1867
1397 2437 1441 2472 μ,
1462 2424 1487 2461 8
1518 2435 1589 2461 neu
1620 2436 1650 2461 r.
1675 2425 1763 2461 inias

226 2482 279 2518 sic
306 2480 411 2518 sireis
441 2483 549 2519 malit
579 2482 848 2520 Buechelerus
961 2482 1040 2522 201
1071 2493 1138 2532 per
1167 2487 1300 2520 terram
1329 2483 1421 2520 libri
1452 2486 1542 2518 tetra
1575 2483 1635 2519 uel
1666 2482 1763 2530 putri

227 2538 427 2576 Bentleius
555 2537 749 2576 delibutam
779 2540 854 2577 duo
887 2539 1026 2587 Oxon„
1059 2540 1268 2577 Lambinus
1385 2538 1464 2577 202
1497 2543 1572 2574 asta
1602 2538 1706 2575 Leid.
1729 2539 1762 2574 A

236 2594 389 2633 Vindob.
420 2594 521 2632 adsta
551 2598 673 2633 ceteri
764 2607 867 2634 mane
897 2597 1001 2634 Leid.
1024 2597 1057 2633 Α
1078 2607 1127 2634 m.
1151 2596 1175 2633 2
1196 2598 1236 2634 in
1267 2606 1348 2633 ras.
1456 2594 1537 2631 audi
1569 2607 1639 2632 om.
1675 2594 1759 2630 Vin-

225 2652 309 2689 dob.
422 2651 626 2689 iterandum
656 2655 767 2700 epist.
799 2653 901 2691 Med.
932 2658 967 2690 et
1002 2654 1117 2691 Tusc.
1149 2653 1245 2691 Gud.
1269 2653 1366 2701 Req.
1401 2652 1526 2688 Brux.
1636 2650 1760 2687 eadem

225 2708 336 2746 istaec
364 2708 565 2747 Manutius
595 2708 718 2746 eadem
749 2710 818 2746 ista
850 2711 960 2748 codd.
991 2712 1100 2758 epist.
1131 2715 1168 2746 et
1201 2710 1311 2747 Tusc.
1345 2707 1467 2745 endem
1499 2713 1535 2744 et
1575 2708 1642 2743 ista
1671 2707 1764 2744 libri

225 2764 347 2802 Acad.
459 2765 734 2803 Fleckeisenus
757 2769 966 2815 proposuit
995 2767 1207 2804 baccheos:
1245 2776 1335 2814 age,
1365 2764 1484 2801 adsta:
1526 2775 1627 2800 mane
1657 2762 1758 2799 audi:

225 2820 403 2859 iteradum
433 2821 557 2860 eadem
586 2822 698 2860 istae'c
728 2823 775 2860 mi
883 2823 964 2862 203
996 2819 1076 2874 aut]
1109 2835 1160 2860 cm
1193 2824 1255 2859 ut?
1343 2820 1571 2858 humidorum
1606 2820 1760 2858 Vossius

227 2877 414 2916 humorem
443 2879 534 2916 libri
618 2879 699 2917 loco
731 2880 874 2918 Genea.
909 2880 1031 2917 Basa.
