1942 3204
807 206 851 249 Q.
877 204 1055 240 nnmvs
1265 244 1268 246 ,
1644 204 1701 249 55

847 309 891 353 ΙΙ
924 307 1022 368 (11)

282 387 365 432 Sed
396 388 682 445 superstitiosi
714 390 837 431 uates
868 386 1213 445 {npudentesque
1244 388 1387 444 arioli,

280 464 372 510 Alit
401 465 561 509 inertes
593 468 669 509 mit
699 466 841 509 insani
873 467 950 509 aut
980 464 1140 523 quibus
1172 468 1342 523 egestas
1374 464 1581 522 imperat,

281 542 368 595 Qus
396 543 478 587 sibi
510 543 707 588 semitam
738 559 828 588 non
859 544 1053 601 sapiunt,
1084 544 1211 588 alteri
1241 544 1489 587 monstrant
1521 545 1656 600 uiam,

162 621 249 666 275
280 619 447 673 Quibus
471 621 645 665 diuitias
669 622 942 678 p6llicentur‚
972 622 1028 666 ab
1060 622 1122 665 eis
1141 622 1390 673 dracumam
1415 620 1504 678 ipss
1531 624 1700 677 petunt.

283 697 364 758 [De
395 698 464 743 his
484 699 646 743 diuitiis
677 697 762 742 ssbi
782 699 998 744 deducant
1016 699 1284 756 drdcumam,
1314 698 1499 742 reddant
1525 698 1696 757 cetera]

846 783 912 827 111
944 781 1013 842 (3)

282 859 403 903 More
441 860 621 918 antiquo
665 859 826 906 audsbo
870 863 1000 919 atque
1038 861 1154 906 auris
1197 859 1281 904 tl'bi
1318 862 1472 905 contra
1513 861 1698 904 utendas

1080 939 1205 983 dabo.

849 1016 914 1061 IV
933 1015 1002 1075 (1)

280 1092 429 1138 scibas
449 1096 601 1138 natum
619 1094 858 1152 ingenuum
877 1093 1074 1151 Aiacem,
1105 1093 1179 1138 cus
1194 1097 1242 1138 tu
1270 1094 1540 1138 obsidionem
1559 1109 1699 1150 paras.

864 1172 906 1216 V
927 1170 995 1230 (2)

278 1249 394 1294 Nam
437 1249 500 1294 sta
542 1250 649 1294 mihi
687 1250 934 1293 Telamonis
971 1250 1126 1307 patris,
1170 1250 1242 1293 aui
1280 1248 1414 1293 Aeaci
1458 1251 1502 1292 et
1544 1249 1702 1306 proaui

1075 1327 1194 1371 Iouis

159 1406 247 1450 280
277 1405 427 1450 Gratia
458 1392 594 1450 ecstet
624 1407 753 1463 aitque
785 1406 868 1450 hoc
898 1407 1046 1450 lumen
1078 1405 1310 1449 candidum
1341 1405 1476 1448 claret
1507 1405 1614 1448 mihj

249 1537 288 1571 11
312 1537 444 1572 Cicero
467 1537 513 1570 de
538 1537 611 1572 diu.
639 1539 654 1570 1
681 1539 741 1579 58,
770 1538 835 1571 132
860 1540 981 1570 ‘nunc
1006 1536 1072 1570 illa
1099 1537 1280 1574 testabor,
1313 1547 1385 1570 non
1412 1547 1467 1569 me
1494 1535 1696 1578 sortilegos

158 1593 277 1626 neque
310 1594 391 1625 eos,
423 1584 485 1628 qui
515 1586 693 1626 quaestus
724 1592 839 1616 causa
870 1582 1076 1616 ariolentnr
1105 1608 1113 1617 .
1135 1607 1143 1616 .
1162 1607 1171 1617 .
1203 1592 1418 1626 agnoscere.
1467 1581 1548 1615 Non
1574 1581 1696 1615 habeo

159 1628 319 1672 denique
343 1630 456 1662 nauci
480 1629 644 1662 Marsum
668 1638 860 1672 augurem,
892 1638 965 1662 non
989 1629 1142 1662 uicanos
1175 1628 1386 1671 aruspices,
1417 1638 1491 1660 non
1523 1626 1568 1659 de
1594 1627 1695 1660 circo

159 1673 384 1718 astrologos,
417 1684 490 1708 non
519 1674 659 1708 Isiacos
690 1674 938 1716 coniectores,
971 1684 1045 1707 non
1075 1674 1299 1717 interpretes
1330 1673 1562 1706 somniorum.
1613 1672 1695 1705 Non

160 1720 258 1754 enim
282 1723 369 1753 sunt
392 1719 430 1753 hi
454 1722 520 1753 aut
543 1719 702 1753 scientia
727 1721 793 1753 aut
818 1723 900 1753 arte
925 1719 1058 1760 diuini,
1084 1719 1160 1753 sed
1185 1718 1532 1763 superstitiosi’
1561 1728 1590 1751 e.
1610 1727 1645 1760 q.
1664 1728 1697 1752 s.

160 1766 298 1809 ‘Atque
330 1765 425 1799 haec
450 1765 597 1809 quidem
622 1764 780 1802 Ennius.
806 1765 869 1808 qui
894 1764 1024 1808 paucis
1048 1767 1136 1798 ante
1160 1764 1330 1798 uersibus
1355 1773 1455 1797 esse
1479 1763 1585 1797 deos
1611 1773 1698 1796 cen-

158 1815 228 1851 set,
253 1810 331 1845 sed
355 1821 431 1845 eos
455 1821 542 1844 non
566 1820 726 1844 curare
752 1809 983 1854 opinatur,
1011 1809 1118 1853 quid
1134 1812 1244 1852 agat
1266 1809 1502 1842 humanum
1527 1811 1696 1851 genus.’

158 1857 348 1893 Ennianos
372 1866 505 1890 uersus
530 1855 674 1890 demum
698 1866 721 1889 a
744 1856 869 1890 uerbis
901 1855 989 1890 ‘sed
1015 1855 1284 1899 superstitiosi’
1317 1854 1482 1898 incipere
1509 1853 1698 1887 intellexit

160 1901 315 1936 Bothius
380 1902 439 1936 111
463 1902 557 1935 Non.
582 1903 667 1944 506,
694 1902 712 1935 1
739 1901 926 1935 ‘audibo
951 1911 1018 1945 pro
1043 1900 1203 1934 audiam.
1238 1900 1380 1934 Ennius
1404 1898 1651 1933 Telemone..
1667 1902 1696 1933 .’

249 1948 301 1982 IV
333 1948 470 1982 Festus
502 1958 537 1991 p.
571 1948 635 1982 198
666 1948 716 1981 M.
751 1946 1056 1980 ‘obsidionem
1091 1946 1213 1990 potius
1244 1945 1442 1979 dicendum
1472 1954 1553 1978 esse
1587 1955 1697 1988 quam

158 1993 340 2027 obsidium
364 1993 518 2028 adiuuat
542 2003 609 2027 nos
625 1993 840 2027 testimonio
865 2002 931 2026 suo
947 1992 1091 2026 Ennius
1108 1992 1147 2025 in
1163 1991 1360 2025 Telamone
1378 2000 1485 2034 quom
1503 1990 1557 2024 ait
1575 2015 1583 2023 .
1598 2015 1606 2023 .
1620 2015 1629 2024 .
1640 1992 1650 2010 '

161 2039 191 2072 V
214 2038 308 2073 Non.
325 2039 389 2079 85,
407 2040 452 2073 23
476 2038 668 2083 ‘clar-et,
695 2038 798 2073 clara
821 2041 879 2072 est
902 2037 965 2072 uel
990 2037 1132 2072 clareat
1155 2063 1164 2072 .
1178 2061 1186 2070 .
1202 2062 1211 2072 .
1232 2037 1375 2070 Ennius
1393 2035 1596 2070 Telamone
1620 2061 1628 2069 .
1643 2039 1696 2071 ..’

274 2182 356 2222 272
387 2182 452 2221 sed
483 2187 612 2220 utrum
642 2182 763 2220 Ennii
791 2185 839 2220 sit
869 2195 922 2220 an
954 2182 1170 2228 Ciceronis,
1203 2181 1377 2218 dubitari
1402 2184 1528 2227 potest
1616 2179 1696 2219 273

159 2246 222 2279 aut
250 2241 387 2288 insani,
419 2238 550 2290 quihus
581 2238 835 2278 Hermannus
868 2239 1009 2287 Opusc.
1051 2239 1131 2276 VII
1158 2238 1239 2276 379
1358 2236 1439 2275 275
1470 2236 1694 2274 dracumam:

162 2298 217 2346 cf.
249 2298 455 2335 Bitschelii
482 2307 616 2345 opusc·
647 2296 694 2334 ΙΙ
721 2295 804 2335 469
835 2307 917 2346 sqq.
958 2295 1135 2334 dracmam
1166 2293 1273 2332 Leid.
1302 2294 1335 2332 Α
1375 2293 1558 2343 dragmam
1589 2294 1694 2331 Leid.

163 2349 223 2392 B²
265 2354 417 2392 Vindob.
441 2354 527 2391 Erl.
559 2352 762 2390 drachmam
783 2353 889 2391 Leia.
913 2348 977 2390 B²
1074 2353 1233 2391 Versum
1265 2351 1346 2389 276
1377 2363 1454 2388 non
1479 2352 1592 2398 potui
1610 2351 1701 2387 mihi

156 2412 402 2460 persuadere
431 2411 480 2448 ab
511 2410 636 2448 Ennio
660 2412 794 2458 potius
818 2410 1018 2459 prioribus
1047 2411 1271 2447 adiunctum
1302 2420 1416 2457 quam
1445 2409 1604 2445 lectoris
1626 2408 1697 2444 ali-

160 2470 271 2507 cuius
297 2469 466 2506 lasciuia
497 2468 703 2515 confictum
733 2478 819 2505 esse
904 2466 1133 2505 drachumam
1155 2467 1260 2503 Leid.
1286 2460 1378 2502 ΑΒι
1423 2464 1578 2502 Vindob.
1599 2476 1647 2501 m.
1673 2464 1693 2500 1

161 2525 339 2563 dracmam
381 2525 534 2563 Vindob.
555 2536 603 2561 m.
627 2523 651 2561 2
683 2523 867 2574 dragmam
899 2523 1004 2562 Leid.
1037 2519 1098 2560 13²
1129 2523 1214 2561 Erl.
1246 2522 1450 2559 drachmam
1482 2523 1597 2569 uulyo

162 2582 243 2620 277
274 2586 384 2631 atque
405 2582 542 2619 Bamb.
574 2591 692 2631 neque
722 2583 844 2619 ceteri
861 2581 953 2619 libri
1038 2579 1194 2618 utendos
1220 2579 1355 2616 Bamb.
1447 2583 1485 2614 tu
1516 2577 1563 2614 ibi
1595 2589 1627 2614 c.
1659 2588 1694 2613 u.

162 2638 246 2676 dato
268 2638 311 2676 L.
332 2638 501 2676 Mueller
527 2649 620 2675 ann.
650 2638 798 2685 philoll.
832 2637 940 2676 1867
968 2649 1009 2686 p.
1030 2636 1112 2675 495
1138 2640 1306 2684 praeter
1342 2636 1611 2672 necessitatem

162 2695 244 2734 279
275 2694 478 2732 Telamonis
515 2695 649 2744 palm,
687 2695 746 2732 aui
777 2695 883 2734 Aeaei
915 2694 1112 2743 Bgrqlcius
1141 2694 1242 2731 Mus.
1278 2692 1403 2729 Rleen.
1436 2690 1543 2728 1835
1573 2702 1610 2737 p.
1644 2689 1695 2726 73

162 2751 370 2790 Telamonis
400 2751 514 2801 patris
548 2751 727 2801 atquel'aci
755 2752 849 2790 libri
876 2751 917 2788 Τ.
949 2763 983 2800 p.
1017 2750 1125 2788 facies
1157 2750 1313 2787 Grotius
1349 2748 1461 2797 patris
1492 2746 1696 2783 Telamonis

165 2809 272 2846 facies
303 2809 557 2846 Her-mannus
671 2807 755 2847 280
791 2808 908 2858 gratia
946 2819 987 2844 ea
1024 2812 1081 2844 est
1110 2807 1201 2844 libri
1236 2805 1351 2855 gratia
1389 2803 1482 2840 adsit
1513 2805 1575 2840 uel
1601 2806 1697 2839 astet

164 2865 450 2913 Buechelerus,
479 2868 548 2915 qui
571 2866 664 2903 uidit
683 2864 796 2903 claret
815 2867 1103 2904 coniunctiuum
1133 2872 1217 2901 esse
1247 2862 1363 2911 gratia
1393 2866 1495 2910 grata
1521 2864 1578 2897 est
1599 2860 1695 2897 Gro-

163 2924 240 2960 {ius
269 2927 370 2971 grata
399 2927 456 2961 est
484 2923 601 2972 gratia
631 2922 885 2960 Hermannus
