1942 3204
291 226 377 269 260
603 225 670 260 Ex
695 223 920 260 meamus
948 222 1265 259 INOERTORVM
1290 214 1499 258 FABVLIS

875 329 996 373 XCII
1029 327 1118 386 (63.
1151 327 1227 385 64)

409 402 667 445 Aurieo'mus
700 401 926 445 Coleorum
977 434 1340 443 .......

408 478 529 521 Finis
562 480 771 536 frugifera
803 481 845 521 et
877 479 1024 521 efferta
1057 493 1161 520 arua
1192 477 1322 520 Asiae
1352 479 1472 519 tenet

775 555 919 599 XCIII
952 554 1084 613 (Emi.
1116 555 1227 597 Med.
1263 553 1336 612 15)

292 628 376 671 165
1370 626 1580 681 posquam
1611 627 1733 680 pater

406 704 751 761 'Adpropinquat
782 706 951 760 iamque
983 719 1119 760 paene
1151 706 1200 746 ut
1231 703 1619 765 comprehendatur
1650 704 1786 757 parat,

406 782 592 824 Puerum
623 783 787 824 interea
813 784 1044 838 optrrineat
1069 782 1343 836 membraque
1369 779 1629 822 articulatim
1649 777 1815 835 diuidit,

406 859 572 914 Perque
605 874 732 916 agros
763 858 926 915 passim
959 859 1166 915 dispergit
1197 860 1368 914 eorpus:
1400 858 1442 899 id
1475 872 1525 899 ea
1556 857 1714 913 gratia,

406 935 498 991 'Vt,
530 936 631 984 dum
663 937 754 978 nati
788 935 1033 991 dissupatos
1066 937 1184 978 artus
1217 935 1409 990 captaret
1438 949 1613 990 parens,
1743 989 1745 991 Ι

292 1012 518 1067 170'1psa
549 1013 713 1055 interea
745 1014 968 1069 effugeret,
998 1014 1120 1054 illum
1151 1016 1200 1055 ut
1230 1027 1397 1054 maeror
1427 1011 1618 1054 tardaret
1649 1011 1784 1096 sequi,

406 1088 500 1131 Sibi
532 1090 714 1132 salutem
746 1093 794 1132 ut
825 1090 1027 1133 familiari
1057 1091 1227 1146 pareret
1256 1087 1499 1145 parricidio.

978 1166 1120 1210 XCIV

404 1236 507 1280 Non
539 1253 825 1284 commemoro
858 1238 972 1294 quod
1005 1238 1202 1281 draconis
1236 1238 1352 1280 saeui
1384 1237 1524 1293 sopiui
1555 1235 1784 1294 impetum,

288 1333 461 1364 Enniana
485 1332 604 1365 locum
630 1333 800 1366 habuisse
826 1333 1033 1376 suspicatus
1059 1343 1149 1367 sum.
1257 1331 1360 1364 XCII
1386 1332 1516 1365 Cicero
1542 1335 1633 1365 orat.
1658 1333 1721 1371 49,
1747 1333 1812 1365 163

288 1378 442 1419 ‘uerba,
468 1382 509 1410 ut
534 1388 648 1420 supra
672 1378 846 1418 diximus,
872 1378 1030 1420 legenda
1055 1382 1140 1410 sunt
1164 1378 1391 1420 potissimum
1417 1377 1508 1410 bene
1534 1378 1724 1418 sonantia,
1749 1378 1814 1411 sed

289 1434 335 1454 ea
361 1433 434 1455 non
457 1427 498 1455 ut
517 1427 650 1465 poetae
669 1424 851 1465 exquisita
877 1424 922 1455 ad
940 1434 1085 1466 sonum,
1113 1423 1177 1456 sed
1194 1426 1339 1465 sumpta
1364 1422 1408 1455 de
1425 1422 1560 1457 medio.
1594 1423 1677 1463 Qua
1694 1423 1813 1455 Ponto

286 1469 333 1500 ab
364 1468 494 1500 Helles
523 1485 567 1491 —
598 1473 745 1510 superat
776 1469 936 1509 modum,
971 1471 1028 1501 at:
1066 1469 1322 1501 auricomus
1355 1467 1619 1500 Colchorum
1651 1467 1812 1510 splendi-

284 1513 339 1545 dis
371 1513 577 1546 nominibus
608 1514 847 1546 inluminat-us
879 1517 936 1551 est
961 1523 1104 1554 uersus,
1137 1514 1201 1545 sed
1234 1513 1417 1556 proximus
1448 1513 1661 1555 inquinatus
1686 1513 1810 1545 insun-

285 1558 436 1590 uissima
464 1558 612 1590 littera:
638 1559 751 1592 finis
777 1559 1028 1600 frugifera'
1055 1569 1088 1594 e.
1115 1569 1147 1600 q.
1174 1569 1203 1591 S.
1251 1557 1329 1600 (Sic
1355 1559 1448 1590 enim
1475 1558 1673 1590 seeundum
1690 1557 1811 1593 Viteb.

284 1603 386 1638 Eins.
410 1603 509 1636 Mon.
535 1603 579 1636 Ο.
598 1603 751 1636 Iahnius
778 1607 815 1636 et
842 1604 1100 1636 Lachmannus
1126 1605 1165 1635 in
1189 1603 1297 1635 Lucr.
1319 1603 1367 1635 VI
1385 1604 1463 1636 258.
1489 1603 1812 1636 insuauissima

283 1648 423 1681 litera
448 1648 614 1681 finitus
641 1649 871 1691 frugifera
898 1650 1014 1681 ceteri
1038 1648 1138 1689 libri)
1231 1647 1352 1680 XCIII
1379 1648 1506 1680 Cicero
1537 1649 1583 1681 de
1608 1653 1685 1681 nat.
1711 1647 1811 1685 deor,

285 1694 339 1726 111
357 1694 472 1734 26,>67
499 1692 597 1736 (uide
615 1693 695 1736 XC)
787 1693 906 1727 XCIV
931 1693 1120 1726 Charisius
1145 1694 1177 1727 V
1200 1705 1236 1736 p.
1262 1695 1327 1726 252
1352 1694 1392 1725 P.
1418 1696 1505 1735 ‘per
1526 1693 1810 1736 paralipuim,

285 1749 365 1770 cum
391 1738 559 1771 uolumus
585 1741 763 1781 negantes
789 1739 928 1804 aliquem
956 1739 1134 1779 indicar‚e
1162 1743 1367 1780 tamquam·
1392 1748 1476 1770 non
1502 1741 1810 1771 commemoro'
1856 1780 1862 1786 ἱ

286 1794 316 1815 e.
343 1795 375 1825 q.
403 1795 430 1816 S.
479 1784 579 1816 Idem
607 1785 635 1816 V
662 1795 696 1826 p
721 1786 788 1817 253
811 1784 853 1819 Ρ.
888 1784 1080 1827 negando
1107 1794 1186 1816 eum
1212 1783 1297 1827 quid
1323 1787 1502 1826 negantes
1527 1785 1695 1816 uolumus
1720 1784 1819 1828 indi--v

285 1839 368 1860 eale
395 1833 504 1871 ‘itque
532 1830 822 1872 improperantes
846 1829 1046 1869 beneficia,
1075 1840 1168 1872 quae
1194 1829 1349 1862 audiens
1376 1839 1545 1870 cognose·
1537 1831 1620 1861 zt*’
1647 1827 1810 1869 (infiniti—

283 1884 368 1911 uum
393 1874 578 1906 excidisse
596 1875 729 1907 statuit
747 1875 944 1915 Keilius)‘
956 1885 1040 1906 non
1067 1877 1276 1907 memoro’
1297 1885 1327 1906 e.
1346 1883 1381 1915 q.
1400 1884 1427 1908 s.
1461 1874 1592 1906 Medea
1616 1874 1710 1906 dixit
1735 1874 1808 1906 for·

284 1923 382 1952 tasse
409 1921 446 1951 in
472 1920 583 1952 Ennii
609 1919 756 1970 fabula,
773 1918 972 1973 Euripidis
997 1924 1083 1952 sunt
1106 1930 1139 1954 u.
1164 1920 1231 1952 476

599 1959 719 1997 ἔσωσα
745 1959 783 1997 σ’
808 1959 857 2003 ὡς
882 1963 1010 1998 ἴσασιν
1028 1960 1219 2007 Ελλήνων
1243 1957 1326 1997 ὅσοι

597 2004 740 2043 ταύτὸν
767 2007 1041 2061 ξυνεισέβησαν
1064 2003 1220 2060 Ἀργῷον
1244 2005 1411 2064 σκάφος,

603 2053 837 2108 πεμφθέντα
861 2050 1014 2097 ταύρων
1036 2050 1243 2095 πυρπνόων
1252 2049 1474 2107 ἐπιστάτην

604 2097 795 2151 ζεύγλαισι
821 2098 889 2134 καὶ
914 2098 1126 2143 σπεροῦντα
1151 2094 1374 2142 θανασιμον
1397 2110 1505 2144 γυην.

596 2139 790 2189 δράκοντά
814 2156 855 2179 τε
882 2157 915 2181 κ.
939 2156 971 2178 τ.
998 2146 1028 2181 λ,

368 2235 447 2272 163
469 2236 671 2272 aulicomus
693 2235 876 2272 eoleorum
898 2237 1041 2282 scripsi
1060 2231 1163 2283 (aries
1184 2236 1248 2272 uel
1269 2237 1378 2283 sequi
1396 2237 1459 2272 uel
1478 2236 1600 2271 inseri
1612 2233 1752 2285 potuit)

281 2291 422 2327 auricos
454 2291 617 2327 locorum
641 2292 759 2329 Gudd.
783 2304 806 2328 α
829 2303 850 2328 c
882 2292 1037 2328 taurinos
1069 2291 1231 2328 locorum
1255 2291 1349 2328 Gud.
1372 2291 1402 2338 b,
1427 2293 1484 2328 ed.
1506 2291 1615 2328 Rom.
1637 2290 1724 2327 alles
1744 2289 1808 2326 bo-

281 2348 419 2384 leorum
435 2347 519 2384 Erl.
535 2349 566 2394 b,
590 2350 762 2385 similiter
783 2350 904 2385 ceteri
922 2347 1030 2395 (latet
1051 2348 1141 2384 aries
1161 2350 1200 2384 in
1220 2347 1300 2395 illo)
1321 2352 1464 2384 auratus
1486 2347 1579 2383 aries
1592 2346 1807 2384 Colchorum

281 2406 338 2440 ed.
363 2405 547 2452 Norimb.‚
576 2405 850 2442 Lac-lemannus
868 2407 904 2440 in
931 2405 1043 2442 Lucr.
1075 2404 1129 2441 VI
1148 2403 1228 2441 258
1251 2403 1397 2440 Tmolus
1420 2403 1594 2451 (Timolus
1615 2401 1810 2449 Klotzius)

281 2460 357 2497 auri
387 2461 467 2496 sons
497 2460 678 2509 liquorum
708 2462 802 2498 idem
832 2463 869 2498 in
905 2460 946 2498 Ο.
967 2461 1099 2498 Iahnii
1126 2462 1289 2497 editione
1320 2465 1355 2497 ec
1376 2461 1553 2497 Klotzius
1582 2459 1710 2496 Tmolo
1731 2459 1808 2496 auri

282 2517 362 2553 sons
383 2517 566 2565 liquorum
592 2516 630 2553 0.
644 2518 808 2554 Iahnius
829 2518 903 2554 auri
925 2517 1026 2554 colos
1046 2516 1466 2566 liquorumauriferum
1484 2517 1626 2563 flumen
1646 2522 1686 2553 ut
1709 2516 1806 2552 Pac-

283 2575 397 2610 tolum
417 2575 643 2622 ineelleyens
666 2574 936 2611 Bueclcelerus
1022 2580 1058 2610 et
1088 2584 1157 2622 qua
1178 2572 1308 2621 Lydiae
1331 2575 1500 2621 exempli
1519 2582 1642 2610 causa
1665 2572 1807 2609 addidit

281 2630 556 2667 Lachmannus
585 2633 624 2667 in
653 2630 768 2667 Lucr.
804 2631 856 2667 VI
884 2630 964 2668 258
997 2631 1179 2676 exoritur,
1210 2629 1340 2678 Lydiae
1374 2629 1414 2666 0.
1445 2630 1608 2666 Iahnius
1725 2626 1805 2665 164

284 2685 409 2722 efferta
438 2687 713 2723 Lachmannus
741 2689 781 2723 in
802 2686 918 2723 Lucr.
940 2688 964 2723 l.
988 2689 1014 2724 l.
1045 2686 1134 2733 (nisi
1161 2685 1295 2723 ecferia
1320 2684 1515 2733 praestat)
1544 2685 1636 2722 serta
1664 2685 1754 2721 libri

253 2752 259 2757 ‘
282 2743 385 2778 Asiae
408 2743 492 2780 Erl.
519 2743 539 2779 b
571 2743 652 2779 Asia
677 2743 790 2779 Viteb.
814 2743 921 2780 Eins.
945 2743 1048 2794 Mon.
1072 2742 1191 2781 Gudd.
1215 2754 1238 2778 α
1255 2742 1288 2789 b,
1321 2743 1378 2779 ed.
1399 2742 1506 2779 Rom.
1538 2742 1637 2777 Asias
1661 2740 1805 2789 Gryple.

397 2799 475 2836 165
507 2810 683 2847 posquam
715 2799 818 2836 Leid.
840 2800 873 2834 A
903 2805 1093 2848 postquam
1125 2801 1246 2836 ceteri
1344 2798 1422 2835 168
1453 2808 1588 2846 perque
1619 2808 1723 2834 corr.
1755 2807 1807 2833 ex

286 2866 444 2902 peraque
477 2856 583 2893 Vina.
615 2867 751 2905 parque
783 2855 866 2892 Erl.
994 2855 1072 2892 169
1105 2854 1308 2904 disputatus
1338 2855 1440 2892 Leid.
1467 2853 1496 2890 C
1521 2854 1714 2902 dissipatos
1745 2863 1805 2889 ce-

284 2912 356 2946 leri
460 2917 599 2959 aptaret
630 2911 902 2959 Kiesslinyius:
934 2914 1061 2949 conici
1089 2914 1201 2948 etiam
1232 2916 1363 2947 artaret
1389 2913 1510 2958 possit
1538 2928 1541 2931 ⁴
1624 2909 1702 2947 172
1733 2920 1807 2945 non
