1942 3204
221 150 275 191 56
862 150 905 189 Q.
932 147 1109 181 Evas

894 251 958 294 VI
991 249 1060 308 (6)

338 321 533 373 Eandem
564 345 631 372 me
663 330 709 371 in
742 327 1029 384 suspicionem
1061 328 1228 371 sceleris
1260 326 1440 383 partiust
1470 329 1602 383 pater.

887 405 974 448 VII
1006 403 1073 462 (5)

341 483 454 526 Dein
488 485 600 526 senis
633 499 699 525 me
730 485 870 526 fficere
901 483 1057 539 pietas,
1088 481 1246 525 ciuium
1278 482 1426 537 porceb
1456 481 1604 537 pudor.

877 560 987 602 VIII
1019 558 1086 617 (4)

343 637 486 680 Strata
524 640 661 679 berrae
704 638 848 680 lziuere
891 638 1092 680 lacrumis
1137 638 1300 679 uestem
1338 637 1531 691 squalam
1576 638 1619 678 et
1657 637 1743 678 s6r-
1807 657 1814 665 ·

1133 714 1276 756 didam

906 791 969 833 IX
1002 789 1070 848 (7)

340 867 620 911 ‘Abnuebun'n

833 950 1138 994 TELEPHVS

925 1028 945 1069 I
999 1028 1024 1071 8

221 1106 307 1147 285
339 1106 540 1161 Regnum
571 1106 723 1161 reliqui
756 1107 928 1161 saeptus
959 1026 1147 1147 nloeiidici
1177 1106 1298 1148 stola.

914 1182 958 1224 ΙΙ
991 1181 1057 1240 (4)

340 1260 488 1302 Palam
520 1259 674 1302 mutire
692 1259 872 1315 ,plebeio
905 1260 1121 1315 piaculum
1153 1261 1228 1302 est.

903 1336 968 1379 III
1001 1335 1069 1394 (7)

342 1414 525 1456 Caedem
557 1430 687 1456 caueo
723 1412 834 1471 [hoc]
870 1417 966 1457 clim
998 1415 1174 1470 uestitu,
1208 1415 1401 1470 squalida
1433 1418 1606 1470 saeptus
1627 1417 1749 1459 stola.

313 1545 361 1577 VI
387 1545 478 1577 Non.
495 1545 574 1585 475,
592 1545 634 1577 25
660 1544 882 1587 ‘partiret
907 1555 969 1586 pro
994 1545 1194 1587 partiretur
1217 1570 1224 1577 .
1262 1545 1435 1578 ‚Ennius
1453 1546 1653 1579 Telamone
1675 1571 1705 1580 ..
1721 1550 1748 1581 .’

315 1590 384 1622 VII
409 1590 502 1624 Non.
530 1591 611 1630 160,
636 1591 657 1622 4
689 1592 867 1632 ‘porcet
898 1589 1084 1632 significat
1108 1590 1311 1632 prohibet.
1386 1591 1529 1624 Ennius
1552 1591 1748 1625 Telamone

412 1635 502 1668 VIII
531 1635 624 1667 Non.
660 1636 742 1676 172,
775 1636 818 1667 20
849 1634 1072 1678 ‘squalam
1108 1646 1174 1678 pro
1206 1635 1436 1678 squalidam!
1483 1636 1589 1701 Idem
1612 1638 1698 1678 504,
1729 1640 1750 1671 3

226 1661 406 1713 ‘lauere
431 1680 514 1712 inde
541 1682 698 1712 tractum
725 1682 812 1715 est!
904 1679 957 1712 IX
981 1680 1178 1714 Diomedes
1202 1682 1219 1714 I
1244 1691 1279 1723 p.
1304 1683 1370 1714 378
1395 1682 1434 1714 P.
1483 1684 1627 1714 ‘uerum
1652 1683 1748 1725 apud

223 1729 376 1759 ueteres
394 1728 431 1758 et
455 1726 631 1758 abnueo
657 1725 793 1758 dictum
811 1729 1047 1767 annotamus,
1072 1729 1113 1758 ut
1131 1726 1272 1758 Ennius
1289 1729 1420 1759 octauo
1438 1726 1644 1760 annalium:
1672 1739 1748 1760 cer-

223 1776 303 1804 tare
328 1771 495 1803 abnueo’
522 1781 551 1803 e.
578 1781 610 1813 q.
636 1781 664 1806 s,
704 1771 814 1803 ‘item
846 1771 884 1803 in
909 1770 1109 1803 Telamone
1134 1782 1179 1804 ex
1204 1782 1246 1804 eo
1272 1771 1432 1804 futurum
1459 1772 1748 1807 abnuebunt.’

317 1816 490 1849 Eiusdem
522 1815 673 1849 fabulae
706 1818 763 1848 est
793 1816 863 1849 inc.
890 1816 962 1849 inc.
989 1816 1065 1851 fab.
1090 1817 1202 1857 XLV,
1235 1816 1393 1850 fortasse
1419 1817 1531 1850 etiam
1556 1819 1628 1850 inc.
1654 1829 1747 1851 nom.

227 1861 367 1895 XXVII
390 1864 429 1894 et
453 1860 571 1894 LXII.

314 1907 516 1939 Tmarnvs
541 1906 648 1939 immo
665 1906 837 1939 TELEva
855 1907 872 1939 Ι
889 1906 981 1938 Νοιι.
999 1907 1075 1944 537,
1094 1907 1137 1939 25
1163 1906 1349 1939 ‘stolam
1373 1910 1521 1940 ueteres
1545 1918 1615 1940 non
1639 1907 1749 1941 hone—

223 1955 315 1984 stam
347 1955 490 1984 uestem
521 1948 655 1990 solum,
686 1951 751 1984 sed
783 1952 894 1984 etiam
926 1961 1084 1991 omnem,
1118 1962 1212 1994 quae
1244 1961 1375 1994 corpus
1405 1955 1561 1995 tegeret.
1609 1954 1750 1986 Ennius

223 1997 349 2029 Pelefo
376 1994 458 2038 [111]
489 1996 585 2028 idem
617 1997 655 2028 in
686 1996 834 2029 eadem.
859 1998 1029 2038 regnum’
1063 2007 1093 2030 e.
1124 2006 1159 2038 q.
1186 2008 1214 2030 s.
1309 1998 1346 2030 II
1378 1998 1512 2030 Festus
1543 2009 1578 2040 p.
1605 1999 1669 2031 145
1699 1999 1746 2034 M

225 2042 425 2082 ‘mutire,
457 2041 566 2083 loqui.
605 2041 747 2074 Ennius
777 2042 815 2073 in
847 2041 1009 2084 Telepho
1033 2067 1041 2075 .
1062 2041 1116 2075 ..'
1158 2041 1295 2074 Paulus
1326 2052 1359 2084 p.
1387 2043 1450 2075 144
1473 2043 1522 2077 M.
1547 2044 1747 2082 ‘mutii-e,

224 2087 334 2129 loqui.
375 2087 515 2119 Ennius
539 2111 569 2119 ..
604 2086 831 2119 'Phaedrus
850 2087 905 2120 111
931 2087 1015 2129 epil.
1034 2087 1114 2120 34‘
1125 2098 1193 2129 ego
1219 2086 1401 2129 quondam
1426 2087 1500 2130 legi
1526 2098 1632 2141 quam
1658 2099 1748 2131 puer

224 2132 446 2164 sententiam
472 2131 626 2164 Palem
649 2156 657 2164 .
678 2156 686 2164 .
706 2157 713 2165 .
738 2135 822 2172 est,
848 2132 943 2164 Dum
969 2132 1108 2165 se'znitas
1134 2133 1321 2165 constabit
1346 2133 1495 2184 pulchre
1521 2135 1746 2166 meminero.

226 2176 391 2209 Contulit
414 2177 633 2210 Welckerus
658 2187 703 2209 ex
729 2177 916 2219 Euripidis
932 2177 1107 2231 Telepho
1131 2177 1174 2210 fr.
1194 2179 1255 2211 701
1274 2178 1316 2211 N.
1341 2172 1394 2220 μή
1419 2188 1484 2219 μοι
1509 2173 1745 2229 φθονήσητ’,

222 2215 362 2264 ἄνδρες
380 2217 570 2265 Ελλήνων
594 2215 720 2264 ἄκροι,
746 2219 796 2255 Εἰ
819 2217 966 2265 πτωχὸς
989 2233 1043 2254 ων
1067 2216 1217 2265 τέτληκ’
1244 2217 1285 2256 ἐν
1310 2217 1509 2257 ἐσθλοῖσιν
1534 2217 1669 2266 λέγειν.

314 2268 368 2299 III
394 2267 485 2300 Non,
513 2269 589 2305 537,
616 2269 659 2300 25
685 2267 746 2309 (cf.
771 2268 802 2310 Ι)
827 2269 960 2300 Festus
991 2279 1025 2310 p.
1052 2269 1117 2301 329
1142 2269 1190 2302 Μ.
1218 2266 1461 2310 ‘[squalidum
1485 2266 1676 2311 inqultum
1709 2272 1746 2302 et

310 2385 388 2423 281
412 2387 448 2422 in
471 2398 524 2422 me
544 2387 675 2424 Delrz'o
764 2386 844 2424 282
866 2387 947 2423 dein
969 2388 1062 2423 senis
1085 2398 1139 2423 mo
1161 2388 1412 2424 Hermannus
1440 2387 1546 2424 deum
1568 2399 1622 2424 me
1637 2389 1748 2424 sentit

223 2444 327 2488 libri,
361 2445 473 2479 etiam
495 2443 645 2490 Bamb„
677 2444 779 2491 quod
808 2446 878 2480 uix
905 2443 1095 2490 defendas
1124 2445 1415 2491 interpretando
1446 2443 1644 2481 ‘stimulat’
1678 2442 1745 2492 (cf.

223 2499 357 2535 Plauti
377 2499 484 2546 Capl.
507 2498 602 2546 860)
624 2499 730 2536 deum
751 2510 808 2536 me
827 2499 986 2536 incendit
1006 2500 1157 2546 Lipsius
1178 2500 1302 2547 Epist.
1326 2504 1472 2548 quaest.
1487 2500 1513 2537 Ι
1523 2501 1552 2537 V
1570 2500 1619 2537 19
1641 2500 1746 2536 deum

222 2566 277 2591 me
307 2556 418 2591 sancit
450 2556 644 2604 Berylcizcs
668 2558 694 2593 l.
716 2558 742 2593 l.
774 2555 878 2592 deum
910 2555 1070 2592 defendit
1091 2556 1160 2592 Ad.
1185 2557 1451 2604 Kiesslinyius.
1483 2556 1541 2593 An
1572 2555 1654 2592 dein
1684 2567 1740 2592 me

222 2612 376 2647 senicis?
500 2611 579 2649 283
618 2617 692 2648 trae
729 2623 931 2659 suprascr.
962 2623 1002 2648 er
1029 2612 1132 2655 Lem,
1158 2624 1200 2660 p.
1232 2612 1311 2648 172
1352 2618 1445 2649 terra
1473 2613 1608 2648 Bamb.
1638 2613 1744 2649 Leid.

220 2679 260 2714 p.
283 2667 378 2714 504,
410 2667 657 2705 Hermannus
743 2668 862 2705 labere
890 2669 980 2704 libri
1005 2680 1044 2716 p.
1068 2668 1149 2706 504
1235 2668 1386 2704 lacrimis
1416 2669 1507 2706 libri
1530 2680 1572 2715 p.
1600 2668 1679 2705 172

223 2723 382 2771 squalem
414 2725 461 2760 W
481 2736 525 2771 p.
549 2724 628 2762 172
659 2724 856 2773 squalidam
884 2725 975 2762 libri
998 2736 1040 2771 p.
1063 2723 1145 2763 504
1249 2724 1330 2762 284
1361 2724 1563 2760 abnuebant
1591 2725 1686 2761 Par.

226 2779 305 2817 285
336 2786 461 2828 septus
491 2782 581 2817 libri
670 2781 821 2818 mendici
851 2781 1077 2828 Leopardus
1108 2782 1265 2818 Emend.
1301 2781 1399 2818 VIII
1417 2780 1468 2816 24
1499 2780 1626 2817 medici
1657 2782 1748 2818 libri

338 2836 416 2873 286
449 2836 589 2884 plebeio
629 2843 684 2874 est
720 2837 897 2886 piaculum
929 2839 1140 2885 eleyantius
1165 2838 1346 2885 futurum
1375 2847 1457 2874 esse
1486 2842 1611 2874 monet
1641 2838 1743 2874 Her-

932 3020 974 3057 ἡ
