1942 3204
781 239 824 272 L.
850 236 1026 271 A‘rnvs
1589 231 1671 275 217

820 342 882 385 IX
915 340 984 400 (7)

254 423 338 466 Pr6
371 424 488 465 certo
521 422 764 465 arbitriibor
796 421 925 464 sortis
957 420 1103 463 6racla
1134 420 1289 476 adyssus
1322 420 1519 476 aiigura?

832 498 872 541 X
905 495 974 556 (9)

135 578 223 622 625
254 578 337 629 Qui
368 580 507 634 neque
539 578 693 620 cuiatis
725 579 856 633 esset,
887 590 1092 632 umquam
1126 576 1346 632 pdtuinius

254 656 395 699 Multa
425 656 690 712 &rogitantes
722 653 904 697 sciscere

810 731 875 775 XI
906 730 1005 789 (15)

256 811 539 868 Stridiumque
570 811 689 854 iteris
721 810 917 866 reprime.

811 887 898 931 XII
931 886 999 946 (5)

255 967 386 1011 Nunc
420 970 467 1010 tu
500 965 547 1009 1'11
578 982 624 1009 re
658 981 834 1023 crepera
865 967 941 1009 tuzi
973 966 1076 1022 quid
1108 966 1254 1022 capias
1286 964 1458 1020 e6nsili,

259 1045 383 1090 Vide.

804 1115 915 1159 XIII
947 1114 1015 1174 (4)

384 1230 392 1239 .
442 1193 658 1251 remisque
690 1195 780 1237 nixi
811 1194 1053 1252 pr6peri'ner
1083 1208 1241 1236 nauem
1273 1192 1321 1236 1'11
1351 1193 1503 1249 fugam

138 1276 226 1319 630
264 1274 515 1318 Transdunt
552 1273 700 1316 subter
738 1274 842 1316 saxa
879 1272 934 1315 ad
970 1273 1159 1329 laeuam,
1198 1273 1282 1328 quai,
1320 1285 1445 1314 mons
1483 1269 1682 1312 mollibat

1213 1363 1345 1391 mare.

787 1427 895 1472 XIV
928 1426 1026 1486 (11)

320 1543 328 1551 .
439 1542 449 1550 .
499 1523 596 1550 aere
628 1508 758 1563 atque
788 1507 904 1550 ferro
936 1507 1124 1562 feruere,

260 1543 517 1643 Insignibus
548 1585 700 1628 florere

168 1750 180 1759 ,
232 1718 285 1752 IX
309 1719 403 1752 Non.
427 1718 511 1755 488,
535 1718 594 1749 2(
604 1726 777 1760 augura
801 1726 865 1760 pro
891 1716 1073 1759 auguria!
1099 1714 1278 1757 (Telofo
1298 1713 1358 1756 W)
1429 1714 1463 1746 X
1488 1715 1581 1747 Non.
1601 1714 1680 1753 426,

141 1767 224 1798 24(
235 1764 343 1797 cuius
368 1766 406 1796 et
429 1763 602 1795 cuiatis
626 1762 719 1796 haec
744 1766 803 1795 est
831 1761 1067 1795 differentia.
1100 1760 1203 1793 cuius
1228 1760 1276 1793 ad
1302 1769 1495 1803 personam
1520 1759 1684 1792 refertur

141 1810 318 1848 hominis,
352 1809 487 1842 cuiatis
517 1808 616 1841 unde
647 1807 860 1851 significat?
977 1807 1030 1841 XI
1054 1806 1147 1840 Non.
1171 1806 1255 1845 485,
1281 1807 1302 1839 8
1334 1805 1492 1838 ‘iteris
1523 1804 1682 1847 positum

144 1867 207 1899 pro
231 1855 379 1888 itineris
403 1854 615 1888 ..Accius
640 1854 920 1887 Oenomao..
949 1852 1045 1886 idem
1062 1851 1195 1885 Telefo
1219 1876 1227 1884 .
1243 1877 1251 1885 .
1283 1850 1506 1893 ’(Telof0
1531 1851 1591 1891 W)

142 1902 215 1935 XII
237 1901 330 1935 Non.
357 1902 418 1941 13,
426 1879 524 1932 22(
534 1909 723 1942 crepera
747 1909 808 1932 res
831 1898 979 1941 proprie
1005 1897 1141 1931 dicitur
1165 1897 1278 1930 dubia
1302 1896 1513 1931 ...Accius
1530 1896 1682 1929 Poenis-

143 1948 226 1981 εἰς.
264 1971 272 1980 .
294 1945 392 1979 idem
416 1944 581 1979 'r.elefo
756 1944 847 1977 XIII
872 1944 965 1977 Non.
995 1945 1076 1984 155,
1100 1944 1121 1976 8
1148 1943 1389 1986 ‘properatim
1415 1945 1453 1974 et
1477 1941 1682 1985 properi-

143 1996 230 2035 ter,
264 1991 448 2032 celeriter,
475 1993 719 2034 properanter
747 2015 755 2023 .
776 2015 784 2022 .
806 2015 814 2024 .
835 2015 844 2024 .
879 1989 1015 2023 Accius
1045 1988 1197 2022 Telefo.
1235 1988 1460 2030 remisque
1492 2012 1500 2020 .
1590 1989 1682 2020 tra-

143 2038 279 2072 dunt)
325 2037 426 2070 Idem
457 2038 544 2078 307,
574 2037 619 2070 25
656 2035 786 2080 ‘fuga
821 2036 912 2069 item
943 2035 1080 2068 dicitur
1109 2034 1315 2078 nauigatio.
1367 2032 1502 2067 Ace-ius
1523 2012 1681 2067 Telefoz

145 2083 371 2127 remisque
395 2107 404 2116 .
441 2083 798 2117 ‚transeuntury
835 2081 938 2115 Idem
955 2081 1096 2118 347,15
1122 2080 1297 2121 (ιιιοΗε,
1323 2078 1521 2123 placidum.
1547 2079 1684 2111 Accius

143 2129 294 2163 Telefo:
319 2128 417 2161 nixi
441 2153 450 2162 .
470 2153 478 2160 .
498 2152 507 2162 .
535 2130 682 2162 mare!
783 2127 870 2160 XIV
894 2128 989 2160 Non.
1013 2127 1097 2167 503,
1123 2127 1167 2160 20
1192 2125 1258 2158 ‘ab
1285 2136 1328 2159 eo
1353 2124 1451 2168 quod
1476 2126 1535 2158 est
1560 2124 1682 2164 seruit,

146 2175 317 2209 breuiato
342 2176 498 2207 accentu
524 2173 565 2207 fe
576 2183 706 2207 ruere
732 2173 846 2216 facit,
871 2176 914 2206 ut
938 2172 1097 2215 spernit,
1124 2181 1297 2215 spernere
1321 2196 1329 2206 .
1345 2195 1374 2205 ..
1390 2195 1399 2204 .

232 2306 314 2346 624
334 2306 463 2356 adytus
485 2304 522 2353 (i.
548 2316 582 2342 e.
601 2299 789 2356 ἀδύτους)
811 2305 916 2348 libri,
938 2305 1213 2342 Lachmannus
1232 2307 1272 2342 in
1294 2304 1410 2341 Luer.
1435 2303 1483 2341 II
1501 2302 1579 2340 991
1611 2301 1685 2338 adi-

148 2370 207 2402 tus
239 2364 437 2413 Berylcius
457 2362 618 2410 Ephem.
639 2362 770 2400 Marb.
794 2361 905 2400 1850
927 2373 970 2410 p.
996 2361 1078 2399 337
1181 2357 1337 2411 augura]
1369 2361 1416 2397 de
1445 2361 1518 2398 hoc
1548 2363 1685 2396 neutro

144 2423 327 2459 disseruit
356 2419 626 2457 Buecheler-us
662 2420 809 2457 annali.
836 2420 985 2468 philoll.
1017 2418 1127 2457 1863
1158 2430 1201 2466 p.
1232 2417 1333 2456 785:
1374 2418 1430 2465 cf.
1469 2418 1567 2454 decl.
1597 2416 1683 2453 Lat.

144 2491 182 2527 p.
205 2478 228 2516 7
318 2475 400 2515 626
431 2475 654 2525 erogitantes
683 2476 839 2514 sciscere
869 2475 1076 2514 Mercerus
1105 2476 1307 2525 ergitantes
1337 2474 1505 2511 isciseere
1534 2474 1626 2511 libri

147 2557 227 2597 627
260 2538 512 2606 ειᾷᾶίιιιιιᾳιιειε
533 2556 670 2593 Bamb.
759 2555 840 2594 628
872 2555 1014 2592 consilii
1043 2555 1134 2592 libri
1218 2554 1347 2592 consili
1368 2554 1485 2602 capias
1508 2554 1684 2598 Bothius,

146 2619 188 2653 ul
218 2615 466 2663 septenarius
493 2614 619 2661 fieret.
757 2611 837 2650 629
866 2613 1003 2661 pei-iter
1030 2613 1123 2650 libri
1155 2612 1334 2660 plerique
1359 2623 1398 2659 p.
1430 2609 1510 2648 347
1550 2609 1686 2658 pariter

148 2672 273 2709 Basil.
305 2671 439 2708 ibidem
594 2669 678 2708 630
708 2668 900 2706 transdunt
929 2679 997 2706 ms.
1030 2669 1161 2706 Ouiae.
1191 2681 1232 2716 p.
1264 2667 1344 2706 155
1377 2666 1549 2704 trandum
1579 2666 1683 2702 Leid.

145 2740 186 2776 p.
208 2727 288 2766 347
322 2731 556 2764 transeuntur
574 2727 667 2764 libri
682 2739 722 2775 p.
748 2726 828 2764 307
861 2725 1055 2763 traducunt
1077 2726 1200 2762 Basil.
1215 2737 1259 2773 p.
1284 2724 1364 2762 347
1398 2723 1545 2759 tradunt
1566 2725 1688 2758 celeri

146 2786 238 2823 libri
265 2784 418 2821 trudunt
439 2783 615 2832 Scaliger
644 2785 683 2821 in
705 2784 868 2821 Aetnam
883 2793 926 2829 p.
950 2782 1002 2820 95
1091 2782 1229 2819 laeuam
1255 2783 1392 2818 Aldina
1424 2779 1503 2816 lena
1532 2780 1623 2816 libri

150 2852 220 2890 qua
251 2842 334 2878 edd.
367 2851 472 2889 quam
502 2841 592 2878 libri
706 2840 784 2878 631
819 2850 900 2876 aere
932 2840 1067 2876 Bamb.
1100 2851 1180 2875 rere
1212 2840 1333 2875 celeri
1361 2838 1452 2874 libri
1544 2835 1685 2873 seruere

151 2899 209 2935 ed.
236 2896 344 2935 1526
377 2897 494 2934 seruet
523 2898 614 2934 libri
756 2895 838 2935 632
876 2897 953 2945 igni
983 2895 1187 2946 insignibus
1222 2895 1313 2932 libri
1341 2894 1450 2942 inque
1481 2891 1685 2942 insignibus

151 2954 314 2992 Bolhius
400 2952 490 2991 flore
521 2954 570 2991 W
