1942 3204
230 155 285 196 26
874 155 925 195 ρ,
944 155 1120 189 ENNIVS

471 258 613 303 Tectis
645 260 818 302 caelatis
849 260 1048 315 lacuatis,

267 339 322 381 85
472 337 591 380 Auro
624 338 750 380 ebore
782 338 1035 380 instructam
1067 338 1247 394 regifice.

469 415 588 457 Haec
620 415 764 457 6n1nia
794 415 907 457 uidei
938 415 1237 470 inflammarei,

470 492 641 534 Priamo
674 493 718 534 ui
749 493 884 534 uitam
917 491 1113 547 eustarei,

468 569 584 612 Iouis
617 570 735 612 aram
768 570 977 625 sanguine
1008 563 1209 625 turparei.

817 646 857 688 X
891 645 1072 703 (Hecub.
1097 645 1169 704 13)

353 723 419 765 Ex
451 723 604 779 opibus
637 725 812 766 summis
844 725 936 780 opis
969 739 1117 780 egens,
1147 725 1320 780 Hector,
1351 727 1448 777 tuae

911 801 974 843 XI
1006 799 1073 858 (6)

262 877 319 918 90
351 876 534 927 Quantis
567 893 662 921 cum
695 879 909 921 aerumnis
940 877 1064 921 sslum
1096 876 1321 921 exanclaus
1350 879 1477 921 diem!

555 997 559 1001 .
905 956 991 998 XII
1023 954 1090 1013 (4)

351 1031 471 1087 Vidi,
502 1033 646 1075 uidere
679 1034 791 1089 qu6d
825 1049 918 1076 sum
950 1048 1077 1090 passa
1108 1034 1375 1090 aegerrume,

350 1108 579 1152 Hect6ren1
612 1126 737 1153 curru
770 1111 1022 1166 quadriiugo
1054 1111 1274 1166 raptarier,

352 1185 550 1229 Hect6ris
582 1184 732 1231 n'atum
764 1188 815 1229 de
847 1203 968 1230 muro
1000 1188 1208 1231 iactarier.

231 1318 273 1349 82
300 1317 344 1349 de
371 1328 447 1360 rep.
473 1318 488 1350 I
514 1319 570 1359 30)
596 1318 864 1352 ‘Andromacha
889 1319 1099 1362 deplorare:
1132 1318 1243 1351 haec
1268 1318 1415 1351 omnia
1439 1318 1555 1359 uidi,
1589 1317 1652 1350 sed
1682 1318 1755 1350 iam

233 1362 523 1395 decantauerant
549 1363 735 1397 fortasse.’
782 1365 874 1398 Non.
902 1366 983 1406 181,
1011 1366 1026 1396 1
1055 1364 1270 1406 ‘turpari‚
1296 1374 1318 1395 a
1343 1363 1584 1405 turpitudine.
1624 1362 1754 1395 Cicero

231 1408 523 1441 Tusculanarum
554 1408 618 1444 lib.
644 1410 719 1443 IIII
746 1407 846 1453 [88]’.
889 1409 1077 1450 Quaedam
1111 1420 1155 1442 ex
1185 1409 1255 1442 hoc
1287 1408 1433 1441 cantico
1463 1408 1500 1439 in
1525 1407 1619 1440 Attii
1642 1408 1757 1450 Eury<

232 1463 317 1486 sace
343 1453 488 1496 agenda
513 1465 608 1488 anno
633 1456 698 1488 696
722 1455 888 1498 Aesopus
914 1466 958 1488 ex
974 1454 1229 1487 Andromacha
1253 1454 1363 1486 Ennii
1387 1452 1593 1493 transtulit,
1620 1464 1651 1486 e.
1678 1464 1709 1485 c.
1737 1464 1757 1485 o

233 1502 362 1540 pater
387 1501 425 1531 et
447 1509 482 1531 u.
501 1501 563 1533 86:
589 1501 642 1534 sic
667 1501 760 1533 enim
786 1500 974 1533 Ciceronis
998 1510 1063 1542 pro
1082 1500 1202 1533 Sestio
1227 1500 1283 1540 57,
1302 1500 1363 1531 121
1382 1498 1631 1531 narrationem
1648 1498 1757 1530 inter-

231 1543 447 1586 pretandam
474 1555 554 1578 esse
580 1545 828 1580 demonstraui
853 1547 891 1578 in
916 1548 1057 1588 quaest.
1084 1555 1181 1579 scen.
1206 1546 1272 1578 328
1299 1555 1352 1587 sq.
1387 1544 1488 1577 Idem
1514 1554 1661 1576 carmen
1684 1543 1755 1575 Ta-

233 1589 344 1621 citum
372 1589 494 1624 annal.
517 1590 607 1623 XIII
626 1593 666 1624 15
690 1591 909 1634 intellegere
935 1591 1196 1623 animaduertit
1213 1589 1402 1622 Columna.
1436 1589 1581 1621 Adlusit
1604 1587 1759 1621 Plautus

231 1634 367 1667 Bacch.
386 1636 452 1668 933
477 1638 587 1668 ‘nunc
610 1635 682 1670 hiic
706 1636 804 1679 prius
829 1647 937 1679 quam
963 1646 1074 1669 senex
1097 1636 1219 1677 uenit,
1243 1635 1347 1668 lubet
1368 1634 1563 1667 lamentari
1588 1633 1672 1666 dnm
1697 1644 1758 1666 ex-

235 1683 307 1714 eat.
335 1679 364 1711 O
391 1679 545 1721 Troia,
578 1693 598 1714 ο
623 1682 792 1724 patria,
825 1693 845 1715 o
876 1683 1155 1723 Pergamum:
1188 1692 1208 1713 o
1238 1680 1422 1713 Perame
1454 1678 1521 1722 (sic
1543 1678 1757 1712 Fleckeise-

234 1735 314 1766 nus,
339 1725 516 1758 Priame
542 1726 642 1769 libri)
669 1727 853 1770 periisti
879 1729 1033 1761 senex’
1060 1725 1125 1766 (cf.
1144 1729 1285 1769 quaest.
1303 1735 1402 1758 scen.
1418 1724 1509 1764 353.)
1571 1725 1604 1756 X
1629 1724 1757 1756 Cicero

233 1771 342 1805 Tusc.
374 1771 548 1814 disp..111
574 1773 632 1814 19,
656 1774 701 1805 44
733 1773 795 1812 (cf.
822 1771 889 1814 IX)
982 1772 1033 1804 XI
1064 1772 1156 1804 Non.
1187 1772 1323 1810 292s8
1355 1769 1618 1803 ‘exanclare
1649 1769 1758 1801 etiam

233 1815 419 1857 significat
449 1817 605 1859 perpeti.
653 1819 793 1850 Ennius
822 1817 1128 1851 Andromache
1161 1817 1273 1849 malo
1304 1814 1568 1858 torquentis
1592 1816 1692 1846 cum’
1725 1824 1756 1848 e.

235 1871 267 1902 q.
293 1871 322 1892 s.
363 1860 641 1904 (torquantis
668 1863 804 1895 Geneu.
829 1862 1136 1896 Andromache
1161 1860 1374 1901 ,molottoe
1409 1859 1589 1902 quantis
1621 1859 1757 1891 Merce-

234 1916 294 1938 rus
319 1906 445 1940 Andr.
472 1907 829 1941 aechmalotide:
856 1908 1039 1950 quantis
1062 1905 1232 1947 Rothius)
1301 1906 1372 1938 XII
1390 1905 1517 1937 Cicero
1535 1905 1643 1936 Tusc.
1665 1904 1756 1946 disp,

234 1951 251 1982 I
276 1952 332 1990 44,
361 1952 424 1983 105
450 1952 589 1984 ‘trahit
613 1954 812 1986 Hectorem
838 1977 845 1984 .
867 1977 874 1985 .
895 1978 903 1986 .
925 1951 1086 1985 Achilles
1109 1976 1117 1984 .
1137 1977 1146 1986 .
1166 1976 1174 1984 .
1197 1952 1245 1983 At
1269 1951 1334 1984 illa
1369 1950 1465 1983 sicut
1489 1949 1756 1982 acerbissimam

234 2006 309 2028 rem
334 2000 491 2028 maeret:
526 1995 596 2040 [91.
623 1997 682 2040 92]
716 2008 820 2040 quem
845 1999 1068 2031 Hectorem?
1099 2000 1162 2030 aut
1186 2006 1294 2039 quam
1324 1995 1386 2028 diu
1415 1995 1478 2028 ille
1502 1995 1572 2027 erit
1595 1994 1758 2027 Hector?

234 2041 366 2074 Melius
397 2041 531 2075 Accius
560 2067 567 2075 .
596 2068 604 2075 .
631 2045 660 2076 .'
692 2045 808 2077 Varro
840 2043 885 2076 de
916 2043 939 2076 l.
964 2044 1006 2076 L.
1032 2043 1065 2075 X
1091 2044 1133 2076 70
1157 2042 1205 2074 Μ.
1247 2044 1342 2074 ‘non
1371 2040 1476 2074 modo
1508 2042 1660 2083 poetae,
1694 2039 1758 2072 sed
1821 2050 1826 2054 ·

236 2086 345 2118 etiam
370 2087 534 2130 plerique
560 2098 603 2120 ac
627 2089 741 2131 primo
758 2089 891 2129 omnis,
918 2090 980 2131 qui
1004 2087 1125 2121 soluta
1149 2087 1315 2120 oratione
1331 2086 1545 2128 loquuntur,
1571 2085 1757 2124 dicebant,

206 2152 209 2155 «
235 2134 276 2163 nt
302 2135 549 2173 quaestorem,
575 2137 798 2175 praetorem,
825 2134 879 2166 sic
903 2135 1119 2174 Hectorem,
1145 2133 1347 2165 Nestorem.
1383 2131 1517 2172 Itaque
1541 2130 1682 2162 Ennius
1707 2130 1759 2162 ait

239 2175 338 2219 [93].’
365 2178 405 2210 V.
433 2179 475 2209 92
510 2179 778 2212 obuersabatur
808 2179 973 2221 Vergilio
1006 2179 1094 2211 Aen.
1126 2179 1141 2210 I
1170 2179 1247 2211 483.
1286 2178 1488 2218 Vtrumque
1519 2175 1639 2208 locum
1673 2185 1757 2207 con-

235 2222 690 2301 iunctugHAIndromachae
715 2225 845 2258 tribuit
869 2224 1045 2267 Scaliger.
1079 2225 1135 2256 Ex
1159 2223 1230 2255 hac
1252 2221 1380 2255 fabula
1396 2222 1521 2254 nescio
1546 2231 1594 2253 an
1619 2220 1667 2253 sit
1690 2220 1758 2252 inc.

235 2278 329 2301 nom.
449 2293 456 2300 .

350 2397 404 2435 84
434 2394 557 2436 celatis
588 2401 682 2448 369.
716 2401 811 2438 Gud.
848 2401 960 2438 Taso.
992 2400 1063 2437 III
1080 2400 1130 2437 19
1218 2399 1366 2435 lacuatis
1398 2399 1558 2436 Seruius
1587 2398 1759 2446 laqueatis

239 2455 434 2492 Ciceronis
462 2457 552 2492 libri
664 2457 717 2494 85
749 2458 962 2493 instructum
1004 2457 1131 2494 Vrsini
1159 2467 1225 2493 ms.
1319 2454 1500 2503 regificem
1532 2454 1626 2502 Req.
1657 2454 1755 2490 Pith.

238 2512 334 2548 Gud.
365 2505 495 2549 Brux.
523 2525 568 2548 m.
594 2513 614 2548 1
703 2513 755 2550 86
788 2513 880 2549 uidci
922 2514 1114 2551 Vahlenus
1145 2512 1242 2548 uidet
1272 2512 1427 2548 Abrinc.
1462 2511 1544 2547 Erl.
1574 2511 1596 2547 b
1625 2511 1671 2546 de
1701 2522 1758 2546 or.

238 2569 305 2604 ΙΙΙ
335 2567 387 2605 58
420 2568 526 2615 (teste
559 2566 711 2618 Orellio)
745 2570 817 2606 uidi
849 2573 969 2607 celeri
1080 2569 1289 2605 inflammari
1319 2569 1410 2605 libri
1522 2567 1574 2604 87
1616 2567 1650 2601 ui
1688 2578 1758 2602 om.

239 2625 324 2661 Erl.
356 2626 377 2661 b
407 2626 494 2662 ibid.
583 2627 732 2662 euitarei
764 2626 957 2664 Vccklenus
986 2627 1139 2662 euitaret
1160 2626 1316 2662 Abrine.
1350 2625 1432 2660 Erl.
1463 2623 1485 2659 b
1515 2623 1599 2659 ibid.
1631 2622 1758 2660 euitari

238 2683 360 2717 ceteri
462 2681 515 2719 88
547 2683 757 2731 sanguinem
790 2684 884 2720 Gud.
908 2683 1002 2731 369.
1025 2695 1070 2719 m.
1095 2683 1114 2718 1
1143 2683 1256 2719 Tusc.
1280 2680 1347 2718 III
1370 2680 1419 2716 19
1506 2679 1642 2727 turpari
1671 2679 1761 2715 libri

353 2737 403 2774 91
437 2738 534 2786 quod
564 2750 641 2775 sum
670 2750 771 2787 passe
805 2740 909 2779 Vina.
932 2752 956 2776 a
976 2740 1122 2785 Duisb.‚
1144 2739 1329 2775 Dauisius
1349 2735 1445 2785 quod
1475 2746 1530 2771 me
1560 2746 1663 2783 passa
1693 2746 1758 2781 op-

241 2796 318 2830 timi
344 2795 434 2831 libri
517 2795 569 2832 92
600 2806 706 2832 curro
738 2797 832 2845 Rey.
857 2797 952 2834 Gud.
1041 2796 1093 2833 93
1125 2795 1168 2831 ‹le
1199 2794 1352 2830 Troiano
1383 2803 1486 2828 muro
1515 2792 1615 2829 libri.
1653 2791 1758 2828 Glos-

241 2861 344 2889 sema
376 2853 486 2888 eiecit
517 2851 694 2900 Scaliyer
780 2853 941 2889 iactarier
972 2853 1148 2902 Scaliqer
1177 2850 1296 2887 iactari
1326 2850 1417 2886 libri
1664 2855 1666 2857 ’
