<?xml version="1.0" encoding="UTF-8"?>
<!DOCTYPE html PUBLIC "-//W3C//DTD XHTML 1.0 Transitional//EN"
    "http://www.w3.org/TR/xhtml1/DTD/xhtml1-transitional.dtd">
<html xmlns="http://www.w3.org/1999/xhtml" xml:lang="en" lang="en">
 <head>
  <title>
</title>
<meta http-equiv="Content-Type" content="text/html;charset=utf-8" />
  <meta name='ocr-system' content='tesseract 3.04.00' />
  <meta name='ocr-capabilities' content='ocr_page ocr_carea ocr_par ocr_line ocrx_word'/>
</head>
<body>
  <div class='ocr_page' id='page_1' title='image "./romanorumpoes01ribbuoft_0233.png"; bbox 0 0 1942 3204; ppageno 0'>
   <div class='ocr_carea' id='block_1_1' title="bbox 0 0 99 143">
    <p class='ocr_par' dir='ltr' id='par_1_1' title="bbox 0 0 99 143">
     <span class='ocr_line' id='line_1_1' title="bbox 0 0 99 143; baseline 0 3061"><span class='ocrx_word' id='word_1_1' title='bbox 0 0 99 143; x_wconf 95' lang='lat' dir='ltr'><strong> </strong></span> 
     </span>
    </p>
   </div>
   <div class='ocr_carea' id='block_1_2' title="bbox 814 203 1706 246">
    <p class='ocr_par' dir='ltr' id='par_1_2' title="bbox 814 203 1706 246">
     <span class='ocr_line' id='line_1_2' title="bbox 814 203 1706 246; baseline 0.008 -7"><span class='ocrx_word' id='word_1_2' title='bbox 814 205 857 240; x_wconf 78' lang='lat' dir='ltr'><strong>L.</strong></span> <span class='ocrx_word' id='word_1_3' title='bbox 882 205 1058 240; x_wconf 61' lang='lat' dir='ltr'><strong>mvnvs</strong></span> <span class='ocrx_word' id='word_1_4' title='bbox 1625 203 1706 246; x_wconf 82' lang='lat'><strong>149</strong></span> 
     </span>
    </p>
   </div>
   <div class='ocr_carea' id='block_1_3' title="bbox 165 307 1700 1048">
    <p class='ocr_par' dir='ltr' id='par_1_3' title="bbox 165 307 1700 1048">
     <span class='ocr_line' id='line_1_3' title="bbox 859 307 1002 368; baseline 0.007 -15"><span class='ocrx_word' id='word_1_5' title='bbox 859 309 902 353; x_wconf 97' lang='lat' dir='ltr'><strong>II</strong></span> <span class='ocrx_word' id='word_1_6' title='bbox 934 307 1002 368; x_wconf 87' lang='lat'><strong>(5)</strong></span> 
     </span>
     <span class='ocr_line' id='line_1_4' title="bbox 280 385 1295 432; baseline 0.002 -2"><span class='ocrx_word' id='word_1_7' title='bbox 280 386 389 430; x_wconf 85' lang='lat' dir='ltr'><strong>Cum</strong></span> <span class='ocrx_word' id='word_1_8' title='bbox 419 385 642 431; x_wconf 77' lang='lat' dir='ltr'><strong>nsnxcrint</strong></span> <span class='ocrx_word' id='word_1_9' title='bbox 673 387 922 430; x_wconf 77' lang='lat' dir='ltr'><strong>caelestium</strong></span> <span class='ocrx_word' id='word_1_10' title='bbox 953 388 1110 431; x_wconf 74' lang='lat' dir='ltr'><strong>molem</strong></span> <span class='ocrx_word' id='word_1_11' title='bbox 1141 386 1260 430; x_wconf 86' lang='lat' dir='ltr'><strong>mihi.</strong></span> <span class='ocrx_word' id='word_1_12' title='bbox 1293 430 1295 432; x_wconf 87' lang='lat'>.</span> 
     </span>
     <span class='ocr_line' id='line_1_5' title="bbox 831 463 1029 524; baseline 0.005 -17"><span class='ocrx_word' id='word_1_13' title='bbox 831 464 896 507; x_wconf 90' lang='lat' dir='ltr'><strong>III</strong></span> <span class='ocrx_word' id='word_1_14' title='bbox 931 463 1029 524; x_wconf 87' lang='lat'>(14)</span> 
     </span>
     <span class='ocr_line' id='line_1_6' title="bbox 279 540 1601 609; baseline -0.001 -24"><span class='ocrx_word' id='word_1_15' title='bbox 279 540 618 609; x_wconf 56' lang='lat' dir='ltr'><strong>NQUOE</strong></span> <span class='ocrx_word' id='word_1_16' title='bbox 648 542 834 586; x_wconf 65' lang='lat' dir='ltr'><strong>facultas</strong></span> <span class='ocrx_word' id='word_1_17' title='bbox 866 542 992 586; x_wconf 81' lang='lat' dir='ltr'><strong>nobis</strong></span> <span class='ocrx_word' id='word_1_18' title='bbox 1023 543 1136 586; x_wconf 67' lang='lat' dir='ltr'><strong>tfilat</strong></span> <span class='ocrx_word' id='word_1_19' title='bbox 1167 557 1311 598; x_wconf 88' lang='lat' dir='ltr'><strong>opem,</strong></span> <span class='ocrx_word' id='word_1_20' title='bbox 1342 543 1518 598; x_wconf 64' lang='lat' dir='ltr'><strong>peream</strong></span> <span class='ocrx_word' id='word_1_21' title='bbox 1550 576 1559 585; x_wconf 91' lang='lat'><em>.</em></span> <span class='ocrx_word' id='word_1_22' title='bbox 1593 577 1601 585; x_wconf 95' lang='lat'><strong>.</strong></span> 
     </span>
     <span class='ocr_line' id='line_1_7' title="bbox 829 618 1025 679; baseline 0 -16"><span class='ocrx_word' id='word_1_23' title='bbox 829 619 895 664; x_wconf 93' lang='lat' dir='ltr'><strong>IV</strong></span> <span class='ocrx_word' id='word_1_24' title='bbox 927 618 1025 679; x_wconf 91' lang='lat'>(13)</span> 
     </span>
     <span class='ocr_line' id='line_1_8' title="bbox 165 668 1700 771; baseline -0.001 -30"><span class='ocrx_word' id='word_1_25' title='bbox 165 668 250 771; x_wconf 51' lang='lat' dir='ltr'><strong>{gi</strong></span> <span class='ocrx_word' id='word_1_26' title='bbox 280 696 372 741; x_wconf 89' lang='lat' dir='ltr'><strong>Nec</strong></span> <span class='ocrx_word' id='word_1_27' title='bbox 403 696 507 755; x_wconf 76' lang='lat' dir='ltr'><strong>ques</strong></span> <span class='ocrx_word' id='word_1_28' title='bbox 530 699 572 741; x_wconf 77' lang='lat' dir='ltr'><strong>te</strong></span> <span class='ocrx_word' id='word_1_29' title='bbox 592 697 782 742; x_wconf 76' lang='lat' dir='ltr'><strong>adiutem</strong></span> <span class='ocrx_word' id='word_1_30' title='bbox 801 698 996 741; x_wconf 74' lang='lat' dir='ltr'><strong>inuenio:</strong></span> <span class='ocrx_word' id='word_1_31' title='bbox 1027 697 1193 741; x_wconf 75' lang='lat' dir='ltr'><strong>hortari</strong></span> <span class='ocrx_word' id='word_1_32' title='bbox 1214 695 1356 754; x_wconf 70' lang='lat' dir='ltr'><strong>piget,</strong></span> <span class='ocrx_word' id='word_1_33' title='bbox 1386 711 1476 740; x_wconf 88' lang='lat' dir='ltr'><strong>non</strong></span> <span class='ocrx_word' id='word_1_34' title='bbox 1496 697 1700 753; x_wconf 81' lang='lat' dir='ltr'><strong>prodesse</strong></span> 
     </span>
     <span class='ocr_line' id='line_1_9' title="bbox 1234 773 1456 831; baseline 0 -13"><span class='ocrx_word' id='word_1_35' title='bbox 1234 773 1280 818; x_wconf 87' lang='lat' dir='ltr'><strong>1&#39;d</strong></span> <span class='ocrx_word' id='word_1_36' title='bbox 1311 774 1456 831; x_wconf 79' lang='lat' dir='ltr'><strong>pudet.</strong></span> 
     </span>
     <span class='ocr_line' id='line_1_10' title="bbox 226 834 1000 893; baseline 0 -1"><span class='ocrx_word' id='word_1_37' title='bbox 226 883 244 892; x_wconf 79' lang='grc'><strong>-</strong></span> <span class='ocrx_word' id='word_1_38' title='bbox 858 835 899 879; x_wconf 92' lang='lat' dir='ltr'><strong>V</strong></span> <span class='ocrx_word' id='word_1_39' title='bbox 932 834 1000 893; x_wconf 85' lang='lat'><strong>(2)</strong></span> 
     </span>
     <span class='ocr_line' id='line_1_11' title="bbox 165 882 1431 986; baseline 0 -31"><span class='ocrx_word' id='word_1_40' title='bbox 165 882 250 986; x_wconf 49' lang='lat' dir='ltr'><strong>{gg</strong></span> <span class='ocrx_word' id='word_1_41' title='bbox 282 912 492 957; x_wconf 69' lang='lat' dir='ltr'><strong>Mtiliebre</strong></span> <span class='ocrx_word' id='word_1_42' title='bbox 523 914 766 971; x_wconf 72' lang='lat' dir='ltr'><strong>ingenium,</strong></span> <span class='ocrx_word' id='word_1_43' title='bbox 797 913 1062 975; x_wconf 77' lang='lat' dir='ltr'><strong>prolubium,</strong></span> <span class='ocrx_word' id='word_1_44' title='bbox 1094 913 1263 957; x_wconf 69' lang='lat' dir='ltr'><strong>occasio</strong></span> <span class='ocrx_word' id='word_1_45' title='bbox 1297 947 1305 956; x_wconf 90' lang='lat'><strong>.</strong></span> <span class='ocrx_word' id='word_1_46' title='bbox 1339 947 1347 955; x_wconf 95' lang='lat'><strong><em>.</em></strong></span> <span class='ocrx_word' id='word_1_47' title='bbox 1381 946 1390 955; x_wconf 88' lang='lat'><strong>.</strong></span> <span class='ocrx_word' id='word_1_48' title='bbox 1423 947 1431 955; x_wconf 90' lang='lat'><em>.</em></span> 
     </span>
     <span class='ocr_line' id='line_1_12' title="bbox 847 989 1013 1048; baseline -0.006 -13"><span class='ocrx_word' id='word_1_49' title='bbox 847 990 911 1035; x_wconf 95' lang='lat' dir='ltr'><strong>VI</strong></span> <span class='ocrx_word' id='word_1_50' title='bbox 946 989 1013 1048; x_wconf 84' lang='lat'><strong>(7)</strong></span> 
     </span>
    </p>
   </div>
   <div class='ocr_carea' id='block_1_4' title="bbox 731 1069 1393 1125">
    <p class='ocr_par' dir='ltr' id='par_1_4' title="bbox 731 1069 1393 1125">
     <span class='ocr_line' id='line_1_13' title="bbox 731 1069 1393 1125; baseline 0 -14"><span class='ocrx_word' id='word_1_51' title='bbox 731 1083 918 1125; x_wconf 86' lang='lat' dir='ltr'><strong>namque</strong></span> <span class='ocrx_word' id='word_1_52' title='bbox 949 1071 998 1112; x_wconf 76' lang='lat' dir='ltr'><strong>ut</strong></span> <span class='ocrx_word' id='word_1_53' title='bbox 1029 1069 1170 1112; x_wconf 83' lang='lat' dir='ltr'><strong>dicam</strong></span> <span class='ocrx_word' id='word_1_54' title='bbox 1201 1069 1245 1112; x_wconf 72' lang='lat' dir='ltr'><strong>te</strong></span> <span class='ocrx_word' id='word_1_55' title='bbox 1275 1070 1393 1111; x_wconf 78' lang='lat' dir='ltr'><strong>metu</strong></span> 
     </span>
    </p>
   </div>
   <div class='ocr_carea' id='block_1_5' title="bbox 158 1187 1702 1638">
    <p class='ocr_par' dir='ltr' id='par_1_5' title="bbox 158 1187 1702 1551">
     <span class='ocr_line' id='line_1_14' title="bbox 252 1187 1702 1232; baseline -0.002 -10"><span class='ocrx_word' id='word_1_56' title='bbox 252 1188 285 1222; x_wconf 89' lang='lat'><strong>11</strong></span> <span class='ocrx_word' id='word_1_57' title='bbox 311 1189 525 1222; x_wconf 75' lang='lat' dir='ltr'><strong>Priscianus</strong></span> <span class='ocrx_word' id='word_1_58' title='bbox 551 1190 584 1222; x_wconf 89' lang='lat' dir='ltr'>X</span> <span class='ocrx_word' id='word_1_59' title='bbox 609 1200 642 1231; x_wconf 89' lang='lat' dir='ltr'><strong>p.</strong></span> <span class='ocrx_word' id='word_1_60' title='bbox 664 1189 731 1222; x_wconf 82' lang='lat'><strong>882</strong></span> <span class='ocrx_word' id='word_1_61' title='bbox 757 1189 795 1223; x_wconf 94' lang='lat' dir='ltr'><strong>P.</strong></span> <span class='ocrx_word' id='word_1_62' title='bbox 823 1188 983 1231; x_wconf 82' lang='lat' dir='ltr'><strong>‘ninguo</strong></span> <span class='ocrx_word' id='word_1_63' title='bbox 1009 1198 1152 1232; x_wconf 90' lang='lat' dir='ltr'><strong>quoque</strong></span> <span class='ocrx_word' id='word_1_64' title='bbox 1177 1188 1324 1228; x_wconf 86' lang='lat' dir='ltr'><strong>ninxi‚</strong></span> <span class='ocrx_word' id='word_1_65' title='bbox 1349 1187 1446 1220; x_wconf 87' lang='lat' dir='ltr'><strong>unde</strong></span> <span class='ocrx_word' id='word_1_66' title='bbox 1475 1190 1513 1219; x_wconf 77' lang='lat' dir='ltr'><strong>et</strong></span> <span class='ocrx_word' id='word_1_67' title='bbox 1538 1187 1600 1220; x_wconf 84' lang='lat' dir='ltr'><strong>nix</strong></span> <span class='ocrx_word' id='word_1_68' title='bbox 1626 1189 1702 1220; x_wconf 91' lang='lat'>...‘</span> 
     </span>
     <span class='ocr_line' id='line_1_15' title="bbox 159 1231 1701 1278; baseline -0.001 -12"><span class='ocrx_word' id='word_1_69' title='bbox 159 1233 333 1276; x_wconf 78' lang='lat' dir='ltr'><strong>(actius</strong></span> <span class='ocrx_word' id='word_1_70' title='bbox 357 1235 448 1278; x_wconf 85' lang='lat' dir='ltr'><strong>Reg.</strong></span> <span class='ocrx_word' id='word_1_71' title='bbox 474 1235 517 1267; x_wconf 87' lang='lat' dir='ltr'><strong>in</strong></span> <span class='ocrx_word' id='word_1_72' title='bbox 542 1233 823 1267; x_wconf 82' lang='lat' dir='ltr'><strong>Andromeda</strong></span> <span class='ocrx_word' id='word_1_73' title='bbox 848 1244 918 1270; x_wconf 86' lang='lat' dir='ltr'><strong>om.</strong></span> <span class='ocrx_word' id='word_1_74' title='bbox 949 1234 1079 1277; x_wconf 82' lang='lat' dir='ltr'><strong>Sang.)</strong></span> <span class='ocrx_word' id='word_1_75' title='bbox 1220 1233 1275 1266; x_wconf 91' lang='lat'><strong>111</strong></span> <span class='ocrx_word' id='word_1_76' title='bbox 1297 1233 1509 1266; x_wconf 82' lang='lat' dir='ltr'><strong>Macrobius</strong></span> <span class='ocrx_word' id='word_1_77' title='bbox 1543 1232 1588 1265; x_wconf 91' lang='lat' dir='ltr'><strong>de</strong></span> <span class='ocrx_word' id='word_1_78' title='bbox 1623 1231 1701 1265; x_wconf 78' lang='lat' dir='ltr'><strong>diff.</strong></span> 
     </span>
     <span class='ocr_line' id='line_1_16' title="bbox 158 1278 1700 1323; baseline -0.003 -9"><span class='ocrx_word' id='word_1_79' title='bbox 158 1283 197 1314; x_wconf 83' lang='lat' dir='ltr'><strong>et</strong></span> <span class='ocrx_word' id='word_1_80' title='bbox 221 1290 294 1315; x_wconf 79' lang='lat' dir='ltr'><strong>soc.</strong></span> <span class='ocrx_word' id='word_1_81' title='bbox 321 1280 381 1315; x_wconf 86' lang='lat' dir='ltr'><strong>Gr.</strong></span> <span class='ocrx_word' id='word_1_82' title='bbox 417 1282 455 1313; x_wconf 82' lang='lat' dir='ltr'><strong>et</strong></span> <span class='ocrx_word' id='word_1_83' title='bbox 486 1280 567 1314; x_wconf 85' lang='lat' dir='ltr'><strong>Lat.</strong></span> <span class='ocrx_word' id='word_1_84' title='bbox 600 1279 704 1313; x_wconf 87' lang='lat' dir='ltr'><strong>uerbi</strong></span> <span class='ocrx_word' id='word_1_85' title='bbox 735 1281 772 1321; x_wconf 87' lang='lat'><strong>6,</strong></span> <span class='ocrx_word' id='word_1_86' title='bbox 803 1280 844 1312; x_wconf 88' lang='lat'><strong>14</strong></span> <span class='ocrx_word' id='word_1_87' title='bbox 870 1279 924 1321; x_wconf 91' lang='lat' dir='ltr'><strong>(in</strong></span> <span class='ocrx_word' id='word_1_88' title='bbox 949 1279 1060 1313; x_wconf 85' lang='lat' dir='ltr'><strong>Keilii</strong></span> <span class='ocrx_word' id='word_1_89' title='bbox 1091 1290 1241 1323; x_wconf 80' lang='lat' dir='ltr'><strong>gramm.</strong></span> <span class='ocrx_word' id='word_1_90' title='bbox 1269 1279 1368 1314; x_wconf 83' lang='lat' dir='ltr'><strong>Latt.</strong></span> <span class='ocrx_word' id='word_1_91' title='bbox 1405 1278 1476 1313; x_wconf 86' lang='lat' dir='ltr'><strong>nol.</strong></span> <span class='ocrx_word' id='word_1_92' title='bbox 1504 1279 1535 1310; x_wconf 91' lang='lat' dir='ltr'>V</span> <span class='ocrx_word' id='word_1_93' title='bbox 1562 1288 1595 1321; x_wconf 86' lang='lat' dir='ltr'><strong>p.</strong></span> <span class='ocrx_word' id='word_1_94' title='bbox 1620 1278 1700 1313; x_wconf 72' lang='lat'><strong>607)</strong></span> 
     </span>
     <span class='ocr_line' id='line_1_17' title="bbox 159 1322 1702 1366; baseline -0.003 -8"><span class='ocrx_word' id='word_1_95' title='bbox 159 1325 262 1359; x_wconf 80' lang='lat' dir='ltr'><strong>‘fero</strong></span> <span class='ocrx_word' id='word_1_96' title='bbox 288 1325 358 1358; x_wconf 81' lang='lat' dir='ltr'><strong>tuli</strong></span> <span class='ocrx_word' id='word_1_97' title='bbox 384 1329 423 1359; x_wconf 88' lang='lat' dir='ltr'><strong>et</strong></span> <span class='ocrx_word' id='word_1_98' title='bbox 446 1325 536 1359; x_wconf 89' lang='lat' dir='ltr'><strong>tollo</strong></span> <span class='ocrx_word' id='word_1_99' title='bbox 562 1325 630 1359; x_wconf 86' lang='lat' dir='ltr'><strong>tuli</strong></span> <span class='ocrx_word' id='word_1_100' title='bbox 738 1325 874 1358; x_wconf 80' lang='lat' dir='ltr'><strong>Accius</strong></span> <span class='ocrx_word' id='word_1_101' title='bbox 898 1335 987 1358; x_wconf 88' lang='lat' dir='ltr'><strong>uero</strong></span> <span class='ocrx_word' id='word_1_102' title='bbox 1012 1325 1050 1358; x_wconf 91' lang='lat' dir='ltr'><strong>in</strong></span> <span class='ocrx_word' id='word_1_103' title='bbox 1067 1324 1301 1358; x_wconf 82' lang='lat' dir='ltr'><strong>Andromeda</strong></span> <span class='ocrx_word' id='word_1_104' title='bbox 1325 1324 1439 1358; x_wconf 75' lang='lat' dir='ltr'><strong>etiam</strong></span> <span class='ocrx_word' id='word_1_105' title='bbox 1457 1334 1499 1356; x_wconf 89' lang='lat' dir='ltr'><strong>ex</strong></span> <span class='ocrx_word' id='word_1_106' title='bbox 1518 1334 1578 1361; x_wconf 87' lang='lat' dir='ltr'><strong>eo,</strong></span> <span class='ocrx_word' id='word_1_107' title='bbox 1605 1322 1702 1366; x_wconf 83' lang='lat' dir='ltr'><strong>quod</strong></span> 
     </span>
     <span class='ocr_line' id='line_1_18' title="bbox 159 1369 1700 1417; baseline -0.003 -13"><span class='ocrx_word' id='word_1_108' title='bbox 159 1375 215 1404; x_wconf 72' lang='lat' dir='ltr'><strong>est</strong></span> <span class='ocrx_word' id='word_1_109' title='bbox 238 1370 357 1412; x_wconf 85' lang='lat' dir='ltr'><strong>tulo,</strong></span> <span class='ocrx_word' id='word_1_110' title='bbox 383 1372 490 1414; x_wconf 77' lang='lat' dir='ltr'><strong>quasi</strong></span> <span class='ocrx_word' id='word_1_111' title='bbox 515 1382 537 1404; x_wconf 81' lang='lat' dir='ltr'><strong>a</strong></span> <span class='ocrx_word' id='word_1_112' title='bbox 562 1371 724 1405; x_wconf 80' lang='lat' dir='ltr'><strong>themate</strong></span> <span class='ocrx_word' id='word_1_113' title='bbox 750 1370 855 1417; x_wconf 74' lang='lat' dir='ltr'><strong>tuli,</strong></span> <span class='ocrx_word' id='word_1_114' title='bbox 884 1370 1064 1404; x_wconf 83' lang='lat' dir='ltr'><strong>declinat:</strong></span> <span class='ocrx_word' id='word_1_115' title='bbox 1091 1370 1184 1403; x_wconf 86' lang='lat' dir='ltr'><strong>nisi’</strong></span> <span class='ocrx_word' id='word_1_116' title='bbox 1212 1381 1243 1404; x_wconf 90' lang='lat' dir='ltr'><strong>e.</strong></span> <span class='ocrx_word' id='word_1_117' title='bbox 1265 1380 1301 1413; x_wconf 88' lang='lat' dir='ltr'><strong>q.</strong></span> <span class='ocrx_word' id='word_1_118' title='bbox 1321 1380 1349 1403; x_wconf 83' lang='lat' dir='ltr'><strong>s.</strong></span> <span class='ocrx_word' id='word_1_119' title='bbox 1434 1369 1486 1403; x_wconf 92' lang='lat' dir='ltr'><strong>lV</strong></span> <span class='ocrx_word' id='word_1_120' title='bbox 1511 1369 1604 1403; x_wconf 89' lang='lat' dir='ltr'><strong>Non.</strong></span> <span class='ocrx_word' id='word_1_121' title='bbox 1621 1370 1700 1404; x_wconf 74' lang='lat'><strong>424.</strong></span> 
     </span>
     <span class='ocr_line' id='line_1_19' title="bbox 158 1414 1701 1460; baseline -0.003 -10"><span class='ocrx_word' id='word_1_122' title='bbox 158 1418 179 1450; x_wconf 83' lang='lat'><strong>2</strong></span> <span class='ocrx_word' id='word_1_123' title='bbox 213 1417 377 1460; x_wconf 78' lang='lat' dir='ltr'><strong>‘pudet</strong></span> <span class='ocrx_word' id='word_1_124' title='bbox 408 1420 445 1450; x_wconf 81' lang='lat' dir='ltr'><strong>et</strong></span> <span class='ocrx_word' id='word_1_125' title='bbox 475 1417 604 1460; x_wconf 84' lang='lat' dir='ltr'><strong>piget</strong></span> <span class='ocrx_word' id='word_1_126' title='bbox 634 1417 704 1450; x_wconf 87' lang='lat' dir='ltr'><strong>hoc</strong></span> <span class='ocrx_word' id='word_1_127' title='bbox 736 1416 869 1449; x_wconf 79' lang='lat' dir='ltr'><strong>distat:</strong></span> <span class='ocrx_word' id='word_1_128' title='bbox 903 1416 1015 1459; x_wconf 82' lang='lat' dir='ltr'><strong>pudet</strong></span> <span class='ocrx_word' id='word_1_129' title='bbox 1046 1417 1142 1449; x_wconf 88' lang='lat' dir='ltr'><strong>enim</strong></span> <span class='ocrx_word' id='word_1_130' title='bbox 1173 1415 1424 1448; x_wconf 78' lang='lat' dir='ltr'><strong>uerecundiae</strong></span> <span class='ocrx_word' id='word_1_131' title='bbox 1458 1418 1534 1458; x_wconf 85' lang='lat' dir='ltr'><strong>est,</strong></span> <span class='ocrx_word' id='word_1_132' title='bbox 1572 1414 1701 1457; x_wconf 80' lang='lat' dir='ltr'><strong>pigere</strong></span> 
     </span>
     <span class='ocr_line' id='line_1_20' title="bbox 161 1458 1700 1505; baseline -0.003 -10"><span class='ocrx_word' id='word_1_133' title='bbox 161 1462 416 1505; x_wconf 80' lang='lat' dir='ltr'><strong>paenitentiae</strong></span> <span class='ocrx_word' id='word_1_134' title='bbox 443 1487 473 1496; x_wconf 90' lang='lat'><strong>..</strong></span> <span class='ocrx_word' id='word_1_135' title='bbox 489 1488 497 1495; x_wconf 91' lang='lat'><em>.</em></span> <span class='ocrx_word' id='word_1_136' title='bbox 529 1462 659 1496; x_wconf 73' lang='lat' dir='ltr'><strong>Accius</strong></span> <span class='ocrx_word' id='word_1_137' title='bbox 684 1461 926 1504; x_wconf 83' lang='lat' dir='ltr'><strong>Neoptolemo</strong></span> <span class='ocrx_word' id='word_1_138' title='bbox 950 1486 959 1495; x_wconf 90' lang='lat'><strong>.</strong></span> <span class='ocrx_word' id='word_1_139' title='bbox 980 1487 989 1496; x_wconf 94' lang='lat'><strong>.</strong></span> <span class='ocrx_word' id='word_1_140' title='bbox 1008 1487 1016 1495; x_wconf 90' lang='lat'><strong><em>.</em></strong></span> <span class='ocrx_word' id='word_1_141' title='bbox 1041 1461 1139 1494; x_wconf 87' lang='lat' dir='ltr'><strong>idem</strong></span> <span class='ocrx_word' id='word_1_142' title='bbox 1165 1460 1448 1504; x_wconf 84' lang='lat' dir='ltr'><strong>Anpromeda</strong></span> <span class='ocrx_word' id='word_1_143' title='bbox 1475 1485 1483 1493; x_wconf 96' lang='lat'>.</span> <span class='ocrx_word' id='word_1_144' title='bbox 1505 1485 1513 1494; x_wconf 93' lang='lat'>.</span> <span class='ocrx_word' id='word_1_145' title='bbox 1532 1462 1563 1493; x_wconf 88' lang='lat'><strong>.’</strong></span> <span class='ocrx_word' id='word_1_146' title='bbox 1596 1458 1700 1501; x_wconf 84' lang='lat' dir='ltr'><strong>(An-</strong></span> 
     </span>
     <span class='ocr_line' id='line_1_21' title="bbox 160 1505 1700 1551; baseline -0.002 -11"><span class='ocrx_word' id='word_1_147' title='bbox 160 1507 371 1541; x_wconf 84' lang='lat' dir='ltr'><strong>dromeda</strong></span> <span class='ocrx_word' id='word_1_148' title='bbox 395 1508 547 1551; x_wconf 75' lang='lat' dir='ltr'><strong>Lipsiufl</strong></span> <span class='ocrx_word' id='word_1_149' title='bbox 575 1509 656 1541; x_wconf 84' lang='lat' dir='ltr'><strong>Ant.</strong></span> <span class='ocrx_word' id='word_1_150' title='bbox 686 1509 792 1540; x_wconf 86' lang='lat' dir='ltr'><strong>Lect.</strong></span> <span class='ocrx_word' id='word_1_151' title='bbox 817 1507 836 1540; x_wconf 96' lang='lat' dir='ltr'>I</span> <span class='ocrx_word' id='word_1_152' title='bbox 859 1506 896 1550; x_wconf 81' lang='lat'><strong>2)</strong></span> <span class='ocrx_word' id='word_1_153' title='bbox 1002 1507 1034 1540; x_wconf 87' lang='lat' dir='ltr'>V</span> <span class='ocrx_word' id='word_1_154' title='bbox 1058 1507 1151 1539; x_wconf 88' lang='lat' dir='ltr'><strong>Non.</strong></span> <span class='ocrx_word' id='word_1_155' title='bbox 1176 1508 1238 1548; x_wconf 87' lang='grc'><strong>64,</strong></span> <span class='ocrx_word' id='word_1_156' title='bbox 1264 1508 1285 1540; x_wconf 91' lang='grc'>8</span> <span class='ocrx_word' id='word_1_157' title='bbox 1312 1505 1589 1548; x_wconf 84' lang='lat' dir='ltr'><strong>‘proluuium</strong></span> <span class='ocrx_word' id='word_1_158' title='bbox 1614 1529 1621 1537; x_wconf 94' lang='lat'><strong>.</strong></span> <span class='ocrx_word' id='word_1_159' title='bbox 1642 1529 1650 1538; x_wconf 93' lang='lat'>.</span> <span class='ocrx_word' id='word_1_160' title='bbox 1670 1507 1700 1538; x_wconf 88' lang='lat'><strong>.’</strong></span> 
     </span>
    </p>

    <p class='ocr_par' dir='ltr' id='par_1_6' title="bbox 159 1550 1695 1638">
     <span class='ocr_line' id='line_1_22' title="bbox 254 1550 1695 1596; baseline -0.003 -9"><span class='ocrx_word' id='word_1_161' title='bbox 254 1554 306 1587; x_wconf 88' lang='lat' dir='ltr'><strong>VI</strong></span> <span class='ocrx_word' id='word_1_162' title='bbox 330 1552 423 1586; x_wconf 82' lang='lat' dir='ltr'><strong>Non.</strong></span> <span class='ocrx_word' id='word_1_163' title='bbox 451 1555 534 1594; x_wconf 79' lang='lat'><strong>174,</strong></span> <span class='ocrx_word' id='word_1_164' title='bbox 568 1555 611 1586; x_wconf 77' lang='lat'><strong>22</strong></span> <span class='ocrx_word' id='word_1_165' title='bbox 644 1553 876 1596; x_wconf 73' lang='lat' dir='ltr'><strong>‘segnitas</strong></span> <span class='ocrx_word' id='word_1_166' title='bbox 909 1563 973 1596; x_wconf 89' lang='lat' dir='ltr'><strong>pro</strong></span> <span class='ocrx_word' id='word_1_167' title='bbox 1013 1553 1188 1595; x_wconf 83' lang='lat' dir='ltr'><strong>segnitia.</strong></span> <span class='ocrx_word' id='word_1_168' title='bbox 1236 1550 1375 1585; x_wconf 81' lang='lat' dir='ltr'><strong>Accius</strong></span> <span class='ocrx_word' id='word_1_169' title='bbox 1406 1550 1592 1584; x_wconf 79' lang='lat' dir='ltr'><strong>Aeneadis</strong></span> <span class='ocrx_word' id='word_1_170' title='bbox 1628 1575 1636 1584; x_wconf 93' lang='lat'><strong>.</strong></span> <span class='ocrx_word' id='word_1_171' title='bbox 1657 1575 1665 1582; x_wconf 92' lang='grc'><em>.</em></span> <span class='ocrx_word' id='word_1_172' title='bbox 1687 1575 1695 1582; x_wconf 90' lang='grc'><strong>.</strong></span> 
     </span>
     <span class='ocr_line' id='line_1_23' title="bbox 159 1597 614 1638; baseline -0.002 -7"><span class='ocrx_word' id='word_1_173' title='bbox 159 1597 256 1638; x_wconf 82' lang='lat' dir='ltr'><strong>idem</strong></span> <span class='ocrx_word' id='word_1_174' title='bbox 282 1597 515 1631; x_wconf 84' lang='lat' dir='ltr'><strong>Andromeda</strong></span> <span class='ocrx_word' id='word_1_175' title='bbox 539 1623 546 1632; x_wconf 90' lang='lat'><strong><em>.</em></strong></span> <span class='ocrx_word' id='word_1_176' title='bbox 562 1623 570 1632; x_wconf 87' lang='lat'><strong>.</strong></span> <span class='ocrx_word' id='word_1_177' title='bbox 585 1601 614 1630; x_wconf 74' lang='lat'><strong>‚²</strong></span> 
     </span>
    </p>
   </div>
   <div class='ocr_carea' id='block_1_6' title="bbox 164 1675 449 1680">
    <p class='ocr_par' dir='ltr' id='par_1_7' title="bbox 164 1675 449 1680">
     <span class='ocr_line' id='line_1_24' title="bbox 164 1675 449 1680; baseline 0 0"><span class='ocrx_word' id='word_1_178' title='bbox 164 1675 449 1680; x_wconf 95' lang='lat' dir='ltr'><strong> </strong></span> 
     </span>
    </p>
   </div>
   <div class='ocr_carea' id='block_1_7' title="bbox 155 1715 1702 2960">
    <p class='ocr_par' dir='ltr' id='par_1_8' title="bbox 155 1715 1702 2960">
     <span class='ocr_line' id='line_1_25' title="bbox 155 1715 1700 1767; baseline -0.003 -11"><span class='ocrx_word' id='word_1_179' title='bbox 155 1723 248 1767; x_wconf 89' lang='lat' dir='ltr'><strong>post</strong></span> <span class='ocrx_word' id='word_1_180' title='bbox 272 1718 468 1756; x_wconf 84' lang='lat' dir='ltr'><strong>Osannum</strong></span> <span class='ocrx_word' id='word_1_181' title='bbox 497 1719 550 1755; x_wconf 86' lang='lat' dir='ltr'><strong>ad</strong></span> <span class='ocrx_word' id='word_1_182' title='bbox 571 1717 649 1755; x_wconf 86' lang='lat' dir='ltr'><strong>Cic.</strong></span> <span class='ocrx_word' id='word_1_183' title='bbox 679 1719 726 1755; x_wconf 86' lang='lat' dir='ltr'><strong>de</strong></span> <span class='ocrx_word' id='word_1_184' title='bbox 754 1729 838 1766; x_wconf 86' lang='lat' dir='ltr'><strong>rep.</strong></span> <span class='ocrx_word' id='word_1_185' title='bbox 863 1730 904 1766; x_wconf 92' lang='lat' dir='ltr'><strong>p.</strong></span> <span class='ocrx_word' id='word_1_186' title='bbox 928 1717 1008 1755; x_wconf 84' lang='lat'><strong>379</strong></span> <span class='ocrx_word' id='word_1_187' title='bbox 1032 1717 1300 1755; x_wconf 78' lang='lat' dir='ltr'><strong>Buechelerus</strong></span> <span class='ocrx_word' id='word_1_188' title='bbox 1331 1716 1435 1754; x_wconf 85' lang='lat' dir='ltr'><strong>Coni.</strong></span> <span class='ocrx_word' id='word_1_189' title='bbox 1458 1717 1544 1753; x_wconf 86' lang='lat' dir='ltr'><strong>Lat.</strong></span> <span class='ocrx_word' id='word_1_190' title='bbox 1570 1715 1620 1753; x_wconf 89' lang='lat'><strong>13</strong></span> <span class='ocrx_word' id='word_1_191' title='bbox 1642 1727 1700 1764; x_wconf 81' lang='lat' dir='ltr'><strong>sq.</strong></span> 
     </span>
     <span class='ocr_line' id='line_1_26' title="bbox 158 1772 1698 1814; baseline -0.003 -1"><span class='ocrx_word' id='word_1_192' title='bbox 158 1775 314 1814; x_wconf 87' lang='lat' dir='ltr'><strong>circulos</strong></span> <span class='ocrx_word' id='word_1_193' title='bbox 342 1776 434 1813; x_wconf 81' lang='lat' dir='ltr'><strong>libri</strong></span> <span class='ocrx_word' id='word_1_194' title='bbox 452 1775 567 1812; x_wconf 87' lang='lat' dir='ltr'><strong>circos</strong></span> <span class='ocrx_word' id='word_1_195' title='bbox 589 1774 794 1812; x_wconf 85' lang='lat' dir='ltr'><strong>Mercerus</strong></span> <span class='ocrx_word' id='word_1_196' title='bbox 876 1785 986 1811; x_wconf 88' lang='lat' dir='ltr'><strong>cursu</strong></span> <span class='ocrx_word' id='word_1_197' title='bbox 1010 1774 1130 1812; x_wconf 86' lang='lat' dir='ltr'><strong>Vatic.</strong></span> <span class='ocrx_word' id='word_1_198' title='bbox 1163 1783 1271 1810; x_wconf 87' lang='lat' dir='ltr'><strong>curso</strong></span> <span class='ocrx_word' id='word_1_199' title='bbox 1293 1776 1416 1810; x_wconf 86' lang='lat' dir='ltr'><strong>ceteri</strong></span> <span class='ocrx_word' id='word_1_200' title='bbox 1442 1774 1534 1810; x_wconf 86' lang='lat' dir='ltr'><strong>libri</strong></span> <span class='ocrx_word' id='word_1_201' title='bbox 1620 1772 1698 1810; x_wconf 90' lang='lat'><strong>101</strong></span> 
     </span>
     <span class='ocr_line' id='line_1_27' title="bbox 160 1829 1700 1880; baseline -0.003 -10"><span class='ocrx_word' id='word_1_202' title='bbox 160 1833 316 1870; x_wconf 84' lang='lat' dir='ltr'><strong>ninxerit</strong></span> <span class='ocrx_word' id='word_1_203' title='bbox 338 1832 482 1879; x_wconf 87' lang='lat' dir='ltr'><strong>Bern.,</strong></span> <span class='ocrx_word' id='word_1_204' title='bbox 508 1832 606 1880; x_wconf 82' lang='lat' dir='ltr'><strong>fort.</strong></span> <span class='ocrx_word' id='word_1_205' title='bbox 629 1836 738 1869; x_wconf 85' lang='lat' dir='ltr'><strong>recte</strong></span> <span class='ocrx_word' id='word_1_206' title='bbox 765 1831 959 1880; x_wconf 84' lang='lat' dir='ltr'><strong>(Iuppiter</strong></span> <span class='ocrx_word' id='word_1_207' title='bbox 985 1830 1086 1879; x_wconf 88' lang='lat' dir='ltr'><strong>scil.)</strong></span> <span class='ocrx_word' id='word_1_208' title='bbox 1192 1841 1273 1867; x_wconf 86' lang='lat' dir='ltr'><strong>cum</strong></span> <span class='ocrx_word' id='word_1_209' title='bbox 1303 1830 1460 1866; x_wconf 78' lang='lat' dir='ltr'><strong>uinxerit</strong></span> <span class='ocrx_word' id='word_1_210' title='bbox 1490 1829 1700 1866; x_wconf 69' lang='lat' dir='ltr'><strong>caelestium</strong></span> 
     </span>
     <span class='ocr_line' id='line_1_28' title="bbox 161 1885 1699 1938; baseline -0.003 -12"><span class='ocrx_word' id='word_1_211' title='bbox 161 1889 346 1926; x_wconf 87' lang='lat' dir='ltr'><strong>molimine</strong></span> <span class='ocrx_word' id='word_1_212' title='bbox 369 1889 526 1927; x_wconf 83' lang='lat' dir='ltr'><strong>Grotius</strong></span> <span class='ocrx_word' id='word_1_213' title='bbox 615 1888 693 1927; x_wconf 83' lang='lat'><strong>102</strong></span> <span class='ocrx_word' id='word_1_214' title='bbox 726 1888 811 1938; x_wconf 87' lang='lat' dir='ltr'><strong>quid</strong></span> <span class='ocrx_word' id='word_1_215' title='bbox 834 1889 998 1926; x_wconf 83' lang='lat' dir='ltr'><strong>Botlu‘us</strong></span> <span class='ocrx_word' id='word_1_216' title='bbox 1022 1887 1119 1937; x_wconf 83' lang='lat' dir='ltr'><strong>quod</strong></span> <span class='ocrx_word' id='word_1_217' title='bbox 1142 1888 1386 1935; x_wconf 77' lang='lat' dir='ltr'><strong>exemplaria</strong></span> <span class='ocrx_word' id='word_1_218' title='bbox 1409 1885 1553 1935; x_wconf 85' lang='lat' dir='ltr'><strong>quidem</strong></span> <span class='ocrx_word' id='word_1_219' title='bbox 1576 1886 1699 1934; x_wconf 76' lang='lat' dir='ltr'><strong>Bery-</strong></span> 
     </span>
     <span class='ocr_line' id='line_1_29' title="bbox 159 1944 1698 1995; baseline -0.003 -12"><span class='ocrx_word' id='word_1_220' title='bbox 159 1947 248 1984; x_wconf 83' lang='lat' dir='ltr'><strong>lcius</strong></span> <span class='ocrx_word' id='word_1_221' title='bbox 267 1946 385 1993; x_wconf 81' lang='lat' dir='ltr'><strong>symb.</strong></span> <span class='ocrx_word' id='word_1_222' title='bbox 410 1947 463 1984; x_wconf 84' lang='lat' dir='ltr'><strong>ad</strong></span> <span class='ocrx_word' id='word_1_223' title='bbox 479 1958 640 1995; x_wconf 73' lang='lat' dir='ltr'><strong>yramm.</strong></span> <span class='ocrx_word' id='word_1_224' title='bbox 663 1946 748 1983; x_wconf 83' lang='lat' dir='ltr'><strong>Lat.</strong></span> <span class='ocrx_word' id='word_1_225' title='bbox 770 1946 794 1983; x_wconf 91' lang='lat'><em>1</em></span> <span class='ocrx_word' id='word_1_226' title='bbox 814 1944 882 1991; x_wconf 87' lang='grc'><strong>55,</strong></span> <span class='ocrx_word' id='word_1_227' title='bbox 904 1947 1071 1982; x_wconf 79' lang='lat' dir='ltr'><strong>creticos</strong></span> <span class='ocrx_word' id='word_1_228' title='bbox 1090 1945 1312 1982; x_wconf 79' lang='lat' dir='ltr'><strong>horridulos</strong></span> <span class='ocrx_word' id='word_1_229' title='bbox 1330 1945 1460 1980; x_wconf 84' lang='lat' dir='ltr'><strong>nescio</strong></span> <span class='ocrx_word' id='word_1_230' title='bbox 1482 1953 1578 1991; x_wconf 81' lang='lat' dir='ltr'><strong>quos</strong></span> <span class='ocrx_word' id='word_1_231' title='bbox 1598 1954 1698 1980; x_wconf 87' lang='lat' dir='ltr'><strong>com·</strong></span> 
     </span>
     <span class='ocr_line' id='line_1_30' title="bbox 158 2001 1702 2050; baseline -0.003 -10"><span class='ocrx_word' id='word_1_232' title='bbox 158 2004 356 2040; x_wconf 72' lang='lat' dir='ltr'><strong>mendatis.</strong></span> <span class='ocrx_word' id='word_1_233' title='bbox 418 2003 567 2040; x_wconf 77' lang='lat' dir='ltr'><strong>facultas</strong></span> <span class='ocrx_word' id='word_1_234' title='bbox 590 2008 649 2039; x_wconf 77' lang='lat' dir='ltr'><strong>tua</strong></span> <span class='ocrx_word' id='word_1_235' title='bbox 672 2002 764 2039; x_wconf 75' lang='lat' dir='ltr'><strong>tutat</strong></span> <span class='ocrx_word' id='word_1_236' title='bbox 784 2001 888 2039; x_wconf 90' lang='lat' dir='ltr'><strong>nobis</strong></span> <span class='ocrx_word' id='word_1_237' title='bbox 900 2001 1064 2039; x_wconf 74' lang='lat' dir='ltr'><strong>Botleius</strong></span> <span class='ocrx_word' id='word_1_238' title='bbox 1125 2011 1242 2050; x_wconf 87' lang='lat' dir='ltr'><strong>opem,</strong></span> <span class='ocrx_word' id='word_1_239' title='bbox 1267 2011 1410 2050; x_wconf 84' lang='lat' dir='ltr'><strong>peream</strong></span> <span class='ocrx_word' id='word_1_240' title='bbox 1433 2011 1538 2037; x_wconf 86' lang='lat' dir='ltr'><strong>nunc</strong></span> <span class='ocrx_word' id='word_1_241' title='bbox 1557 2001 1702 2047; x_wconf 87' lang='lat' dir='ltr'><strong>scripsi</strong></span> 
     </span>
     <span class='ocr_line' id='line_1_31' title="bbox 159 2056 1702 2109; baseline -0.003 -12"><span class='ocrx_word' id='word_1_242' title='bbox 159 2061 257 2098; x_wconf 69' lang='lat' dir='ltr'><strong>[luce</strong></span> <span class='ocrx_word' id='word_1_243' title='bbox 272 2060 518 2108; x_wconf 72' lang='lat' dir='ltr'><strong>Kiesslinyio,</strong></span> <span class='ocrx_word' id='word_1_244' title='bbox 541 2062 609 2109; x_wconf 85' lang='lat' dir='ltr'><strong>qui</strong></span> <span class='ocrx_word' id='word_1_245' title='bbox 628 2058 823 2109; x_wconf 81' lang='lat' dir='ltr'><strong>peribimus</strong></span> <span class='ocrx_word' id='word_1_246' title='bbox 845 2061 906 2096; x_wconf 86' lang='lat' dir='ltr'><strong>uel</strong></span> <span class='ocrx_word' id='word_1_247' title='bbox 927 2069 994 2095; x_wconf 90' lang='lat' dir='ltr'><strong>nos</strong></span> <span class='ocrx_word' id='word_1_248' title='bbox 1017 2056 1191 2108; x_wconf 86' lang='lat' dir='ltr'><strong>periimus</strong></span> <span class='ocrx_word' id='word_1_249' title='bbox 1213 2059 1395 2095; x_wconf 82' lang='lat' dir='ltr'><strong>clausula</strong></span> <span class='ocrx_word' id='word_1_250' title='bbox 1415 2067 1572 2094; x_wconf 87' lang='lat' dir='ltr'><strong>uersum</strong></span> <span class='ocrx_word' id='word_1_251' title='bbox 1593 2058 1702 2104; x_wconf 83' lang='lat' dir='ltr'><strong>finiri</strong></span> 
     </span>
     <span class='ocr_line' id='line_1_32' title="bbox 159 2113 1701 2166; baseline -0.003 -12"><span class='ocrx_word' id='word_1_252' title='bbox 159 2118 255 2154; x_wconf 85' lang='lat' dir='ltr'><strong>uult.</strong></span> <span class='ocrx_word' id='word_1_253' title='bbox 292 2117 341 2154; x_wconf 86' lang='lat' dir='ltr'><strong>In</strong></span> <span class='ocrx_word' id='word_1_254' title='bbox 370 2118 562 2155; x_wconf 80' lang='lat' dir='ltr'><strong>comoedia</strong></span> <span class='ocrx_word' id='word_1_255' title='bbox 590 2115 704 2166; x_wconf 84' lang='lat' dir='ltr'><strong>probe</strong></span> <span class='ocrx_word' id='word_1_256' title='bbox 735 2117 927 2154; x_wconf 83' lang='lat' dir='ltr'><strong>adderem.</strong></span> <span class='ocrx_word' id='word_1_257' title='bbox 960 2126 1106 2165; x_wconf 78' lang='lat' dir='ltr'><strong>operam</strong></span> <span class='ocrx_word' id='word_1_258' title='bbox 1138 2116 1380 2163; x_wconf 80' lang='lat' dir='ltr'><strong>exemplaria</strong></span> <span class='ocrx_word' id='word_1_259' title='bbox 1411 2124 1515 2162; x_wconf 88' lang='lat' dir='ltr'><strong>opem</strong></span> <span class='ocrx_word' id='word_1_260' title='bbox 1540 2113 1701 2150; x_wconf 80' lang='lat' dir='ltr'><strong>Bothius</strong></span> 
     </span>
     <span class='ocr_line' id='line_1_33' title="bbox 159 2172 1697 2222; baseline -0.003 -11"><span class='ocrx_word' id='word_1_261' title='bbox 159 2184 265 2222; x_wconf 86' lang='lat' dir='ltr'><strong>opem</strong></span> <span class='ocrx_word' id='word_1_262' title='bbox 294 2174 367 2211; x_wconf 85' lang='lat' dir='ltr'><strong>cito</strong></span> <span class='ocrx_word' id='word_1_263' title='bbox 390 2175 475 2211; x_wconf 86' lang='lat' dir='ltr'><strong>otim</strong></span> <span class='ocrx_word' id='word_1_264' title='bbox 493 2175 695 2222; x_wconf 82' lang='lat' dir='ltr'><strong>proposui,</strong></span> <span class='ocrx_word' id='word_1_265' title='bbox 720 2184 806 2210; x_wconf 87' lang='lat' dir='ltr'><strong>cum</strong></span> <span class='ocrx_word' id='word_1_266' title='bbox 826 2183 1005 2210; x_wconf 84' lang='lat' dir='ltr'><strong>mancum</strong></span> <span class='ocrx_word' id='word_1_267' title='bbox 1027 2184 1101 2210; x_wconf 86' lang='lat' dir='ltr'><strong>uno</strong></span> <span class='ocrx_word' id='word_1_268' title='bbox 1121 2172 1220 2220; x_wconf 85' lang='lat' dir='ltr'><strong>pede</strong></span> <span class='ocrx_word' id='word_1_269' title='bbox 1241 2172 1290 2209; x_wconf 88' lang='lat' dir='ltr'><strong>ab</strong></span> <span class='ocrx_word' id='word_1_270' title='bbox 1311 2173 1418 2208; x_wconf 84' lang='lat' dir='ltr'><strong>initio</strong></span> <span class='ocrx_word' id='word_1_271' title='bbox 1439 2180 1590 2219; x_wconf 81' lang='lat' dir='ltr'><strong>quoque</strong></span> <span class='ocrx_word' id='word_1_272' title='bbox 1610 2180 1697 2217; x_wconf 85' lang='lat' dir='ltr'><strong>sep-</strong></span> 
     </span>
     <span class='ocr_line' id='line_1_34' title="bbox 159 2227 1701 2278; baseline -0.003 -10"><span class='ocrx_word' id='word_1_273' title='bbox 159 2233 350 2268; x_wconf 84' lang='lat' dir='ltr'><strong>tenarium</strong></span> <span class='ocrx_word' id='word_1_274' title='bbox 377 2235 589 2268; x_wconf 77' lang='lat' dir='ltr'><strong>statuerem</strong></span> <span class='ocrx_word' id='word_1_275' title='bbox 723 2230 801 2268; x_wconf 88' lang='lat'><strong>103</strong></span> <span class='ocrx_word' id='word_1_276' title='bbox 831 2241 887 2278; x_wconf 81' lang='lat' dir='ltr'><strong>sq.</strong></span> <span class='ocrx_word' id='word_1_277' title='bbox 922 2229 1170 2267; x_wconf 86' lang='lat' dir='ltr'><strong>Octonarium</strong></span> <span class='ocrx_word' id='word_1_278' title='bbox 1198 2229 1402 2267; x_wconf 85' lang='lat' dir='ltr'><strong>iambicum</strong></span> <span class='ocrx_word' id='word_1_279' title='bbox 1431 2228 1583 2276; x_wconf 85' lang='lat' dir='ltr'><strong>qualem</strong></span> <span class='ocrx_word' id='word_1_280' title='bbox 1613 2227 1701 2263; x_wconf 77' lang='lat' dir='ltr'><strong>(ledi</strong></span> 
     </span>
     <span class='ocr_line' id='line_1_35' title="bbox 164 2282 1699 2345; baseline -0.002 -21"><span class='ocrx_word' id='word_1_281' title='bbox 164 2290 320 2336; x_wconf 73' lang='lat' dir='ltr'><strong>aynouit</strong></span> <span class='ocrx_word' id='word_1_282' title='bbox 349 2287 392 2324; x_wconf 89' lang='lat' dir='ltr'><strong>L.</strong></span> <span class='ocrx_word' id='word_1_283' title='bbox 424 2287 589 2325; x_wconf 85' lang='lat' dir='ltr'><strong>Mueller</strong></span> <span class='ocrx_word' id='word_1_284' title='bbox 617 2288 664 2324; x_wconf 83' lang='lat' dir='ltr'><strong>de</strong></span> <span class='ocrx_word' id='word_1_285' title='bbox 694 2297 739 2324; x_wconf 89' lang='lat' dir='ltr'><strong>re</strong></span> <span class='ocrx_word' id='word_1_286' title='bbox 769 2299 816 2324; x_wconf 90' lang='lat' dir='ltr'><strong>m.</strong></span> <span class='ocrx_word' id='word_1_287' title='bbox 848 2286 922 2324; x_wconf 83' lang='lat'><strong>38:</strong></span> <span class='ocrx_word' id='word_1_288' title='bbox 953 2288 1278 2345; x_wconf 46' lang='lat' dir='ltr'><strong>septenariorQ</strong></span> <span class='ocrx_word' id='word_1_289' title='bbox 1296 2285 1581 2322; x_wconf 72' lang='lat' dir='ltr'><strong>trochaicorum</strong></span> <span class='ocrx_word' id='word_1_290' title='bbox 1607 2282 1699 2331; x_wconf 79' lang='lat' dir='ltr'><strong>fru-</strong></span> 
     </span>
     <span class='ocr_line' id='line_1_36' title="bbox 157 2341 1694 2394; baseline -0.004 -12"><span class='ocrx_word' id='word_1_291' title='bbox 157 2343 272 2391; x_wconf 82' lang='lat' dir='ltr'><strong>stula,</strong></span> <span class='ocrx_word' id='word_1_292' title='bbox 294 2355 457 2392; x_wconf 84' lang='lat' dir='ltr'><strong>quorum</strong></span> <span class='ocrx_word' id='word_1_293' title='bbox 473 2345 587 2392; x_wconf 86' lang='lat' dir='ltr'><strong>prius</strong></span> <span class='ocrx_word' id='word_1_294' title='bbox 599 2348 691 2392; x_wconf 88' lang='lat' dir='ltr'><strong>post</strong></span> <span class='ocrx_word' id='word_1_295' title='bbox 711 2344 814 2394; x_wconf 80' lang='lat' dir='ltr'><strong>piget</strong></span> <span class='ocrx_word' id='word_1_296' title='bbox 835 2346 1074 2391; x_wconf 79' lang='lat' dir='ltr'><strong>terminetur,</strong></span> <span class='ocrx_word' id='word_1_297' title='bbox 1095 2344 1305 2391; x_wconf 79' lang='lat' dir='ltr'><strong>dispescuit</strong></span> <span class='ocrx_word' id='word_1_298' title='bbox 1325 2341 1589 2379; x_wconf 72' lang='lat' dir='ltr'><strong>Buecheler-us</strong></span> <span class='ocrx_word' id='word_1_299' title='bbox 1607 2341 1633 2377; x_wconf 93' lang='lat' dir='ltr'><strong>l.</strong></span> <span class='ocrx_word' id='word_1_300' title='bbox 1651 2341 1694 2386; x_wconf 90' lang='lat' dir='ltr'><strong>l.,</strong></span> 
     </span>
     <span class='ocr_line' id='line_1_37' title="bbox 159 2398 1698 2450; baseline -0.003 -12"><span class='ocrx_word' id='word_1_301' title='bbox 159 2403 423 2447; x_wconf 81' lang='lat' dir='ltr'><strong>senariorum,</strong></span> <span class='ocrx_word' id='word_1_302' title='bbox 457 2412 616 2450; x_wconf 85' lang='lat' dir='ltr'><strong>quorum</strong></span> <span class='ocrx_word' id='word_1_303' title='bbox 644 2403 853 2448; x_wconf 84' lang='lat' dir='ltr'><strong>posteriori</strong></span> <span class='ocrx_word' id='word_1_304' title='bbox 882 2405 963 2438; x_wconf 88' lang='lat' dir='ltr'><strong>tres</strong></span> <span class='ocrx_word' id='word_1_305' title='bbox 986 2402 1108 2448; x_wconf 86' lang='lat' dir='ltr'><strong>primi</strong></span> <span class='ocrx_word' id='word_1_306' title='bbox 1133 2401 1254 2448; x_wconf 85' lang='lat' dir='ltr'><strong>pedes</strong></span> <span class='ocrx_word' id='word_1_307' title='bbox 1277 2400 1474 2444; x_wconf 85' lang='lat' dir='ltr'><strong>deessent,</strong></span> <span class='ocrx_word' id='word_1_308' title='bbox 1508 2408 1575 2445; x_wconf 72' lang='lat' dir='ltr'><strong>eqo</strong></span> <span class='ocrx_word' id='word_1_309' title='bbox 1598 2398 1698 2434; x_wconf 87' lang='lat' dir='ltr'><strong>olim.</strong></span> 
     </span>
     <span class='ocr_line' id='line_1_38' title="bbox 244 2454 1696 2507; baseline -0.003 -13"><span class='ocrx_word' id='word_1_310' title='bbox 244 2468 290 2495; x_wconf 86' lang='lat' dir='ltr'><strong>ne</strong></span> <span class='ocrx_word' id='word_1_311' title='bbox 321 2457 443 2507; x_wconf 80' lang='lat' dir='ltr'><strong>quiete</strong></span> <span class='ocrx_word' id='word_1_312' title='bbox 471 2458 580 2506; x_wconf 83' lang='lat' dir='ltr'><strong>libri,</strong></span> <span class='ocrx_word' id='word_1_313' title='bbox 618 2459 694 2495; x_wconf 81' lang='lat' dir='ltr'><strong>nisi</strong></span> <span class='ocrx_word' id='word_1_314' title='bbox 721 2459 824 2506; x_wconf 80' lang='lat' dir='ltr'><strong>quod</strong></span> <span class='ocrx_word' id='word_1_315' title='bbox 859 2457 1016 2506; x_wconf 77' lang='lat' dir='ltr'><strong>quietem</strong></span> <span class='ocrx_word' id='word_1_316' title='bbox 1051 2468 1119 2495; x_wconf 88' lang='lat' dir='ltr'><strong>ms.</strong></span> <span class='ocrx_word' id='word_1_317' title='bbox 1155 2455 1241 2493; x_wconf 83' lang='lat' dir='ltr'><strong>Iun.</strong></span> <span class='ocrx_word' id='word_1_318' title='bbox 1282 2466 1349 2493; x_wconf 87' lang='lat' dir='ltr'><strong>nec</strong></span> <span class='ocrx_word' id='word_1_319' title='bbox 1378 2455 1439 2504; x_wconf 91' lang='lat' dir='ltr'><strong>qui</strong></span> <span class='ocrx_word' id='word_1_320' title='bbox 1481 2459 1518 2491; x_wconf 85' lang='lat' dir='ltr'><strong>te</strong></span> <span class='ocrx_word' id='word_1_321' title='bbox 1547 2454 1696 2499; x_wconf 85' lang='lat' dir='ltr'><strong>Iunius,</strong></span> 
     </span>
     <span class='ocr_line' id='line_1_39' title="bbox 159 2511 1696 2563; baseline -0.004 -11"><span class='ocrx_word' id='word_1_322' title='bbox 159 2515 312 2563; x_wconf 84' lang='lat' dir='ltr'><strong>Lipsius</strong></span> <span class='ocrx_word' id='word_1_323' title='bbox 331 2514 420 2553; x_wconf 83' lang='lat' dir='ltr'><strong>Ant.</strong></span> <span class='ocrx_word' id='word_1_324' title='bbox 440 2514 545 2552; x_wconf 86' lang='lat' dir='ltr'><strong>Lect.</strong></span> <span class='ocrx_word' id='word_1_325' title='bbox 569 2515 592 2552; x_wconf 96' lang='lat'><em>1</em></span> <span class='ocrx_word' id='word_1_326' title='bbox 611 2513 650 2558; x_wconf 83' lang='lat'><strong>2,</strong></span> <span class='ocrx_word' id='word_1_327' title='bbox 684 2513 866 2552; x_wconf 82' lang='lat' dir='ltr'><strong>Cuiacius</strong></span> <span class='ocrx_word' id='word_1_328' title='bbox 889 2514 1049 2552; x_wconf 87' lang='lat' dir='ltr'><strong>Obseru.</strong></span> <span class='ocrx_word' id='word_1_329' title='bbox 1072 2513 1135 2551; x_wconf 88' lang='lat' dir='ltr'><strong>XI</strong></span> <span class='ocrx_word' id='word_1_330' title='bbox 1155 2513 1205 2550; x_wconf 84' lang='lat'><strong>21</strong></span> <span class='ocrx_word' id='word_1_331' title='bbox 1230 2523 1349 2561; x_wconf 85' lang='lat' dir='ltr'><strong>neque</strong></span> <span class='ocrx_word' id='word_1_332' title='bbox 1379 2511 1441 2560; x_wconf 90' lang='lat' dir='ltr'><strong>qui</strong></span> <span class='ocrx_word' id='word_1_333' title='bbox 1464 2516 1498 2548; x_wconf 77' lang='lat' dir='ltr'><strong>te</strong></span> <span class='ocrx_word' id='word_1_334' title='bbox 1521 2511 1696 2547; x_wconf 76' lang='lat' dir='ltr'><strong>Bueche-</strong></span> 
     </span>
     <span class='ocr_line' id='line_1_40' title="bbox 158 2567 1698 2621; baseline -0.005 -12"><span class='ocrx_word' id='word_1_335' title='bbox 158 2573 267 2609; x_wconf 87' lang='lat' dir='ltr'><strong>lerus</strong></span> <span class='ocrx_word' id='word_1_336' title='bbox 370 2570 510 2608; x_wconf 79' lang='lat' dir='ltr'><strong>adiuter</strong></span> <span class='ocrx_word' id='word_1_337' title='bbox 539 2571 736 2621; x_wconf 75' lang='lat' dir='ltr'><strong>Berylcius</strong></span> <span class='ocrx_word' id='word_1_338' title='bbox 764 2570 865 2608; x_wconf 85' lang='lat' dir='ltr'><strong>Mus.</strong></span> <span class='ocrx_word' id='word_1_339' title='bbox 899 2570 1023 2608; x_wconf 67' lang='lat' dir='ltr'><strong>Rhea.</strong></span> <span class='ocrx_word' id='word_1_340' title='bbox 1055 2569 1162 2608; x_wconf 81' lang='lat'>1835</span> <span class='ocrx_word' id='word_1_341' title='bbox 1192 2582 1232 2618; x_wconf 92' lang='lat' dir='ltr'><strong>p.</strong></span> <span class='ocrx_word' id='word_1_342' title='bbox 1262 2569 1313 2606; x_wconf 86' lang='lat'><strong>79</strong></span> <span class='ocrx_word' id='word_1_343' title='bbox 1431 2568 1566 2605; x_wconf 77' lang='lat' dir='ltr'><strong>hortm-i</strong></span> <span class='ocrx_word' id='word_1_344' title='bbox 1597 2567 1698 2615; x_wconf 77' lang='lat' dir='ltr'><strong>piget</strong></span> 
     </span>
     <span class='ocr_line' id='line_1_41' title="bbox 161 2622 1697 2677; baseline -0.005 -11"><span class='ocrx_word' id='word_1_345' title='bbox 161 2627 382 2666; x_wconf 86' lang='lat' dir='ltr'><strong>Scriuerius</strong></span> <span class='ocrx_word' id='word_1_346' title='bbox 412 2628 549 2665; x_wconf 78' lang='lat' dir='ltr'><strong>hortari</strong></span> <span class='ocrx_word' id='word_1_347' title='bbox 579 2627 691 2677; x_wconf 81' lang='lat' dir='ltr'><strong>pudet</strong></span> <span class='ocrx_word' id='word_1_348' title='bbox 719 2629 826 2675; x_wconf 84' lang='lat' dir='ltr'><strong>libri,</strong></span> <span class='ocrx_word' id='word_1_349' title='bbox 860 2628 1057 2677; x_wconf 74' lang='lat' dir='ltr'><strong>Berylcius</strong></span> <span class='ocrx_word' id='word_1_350' title='bbox 1083 2629 1109 2664; x_wconf 90' lang='lat' dir='ltr'><strong>t.</strong></span> <span class='ocrx_word' id='word_1_351' title='bbox 1132 2629 1181 2669; x_wconf 83' lang='lat' dir='ltr'><strong>l..</strong></span> <span class='ocrx_word' id='word_1_352' title='bbox 1210 2626 1308 2674; x_wconf 86' lang='lat' dir='ltr'><strong>fort.</strong></span> <span class='ocrx_word' id='word_1_353' title='bbox 1340 2629 1443 2661; x_wconf 83' lang='lat' dir='ltr'><strong>recte</strong></span> <span class='ocrx_word' id='word_1_354' title='bbox 1529 2622 1563 2660; x_wconf 80' lang='lat' dir='ltr'><strong>id</strong></span> <span class='ocrx_word' id='word_1_355' title='bbox 1595 2623 1697 2671; x_wconf 79' lang='lat' dir='ltr'><strong>piget</strong></span> 
     </span>
     <span class='ocr_line' id='line_1_42' title="bbox 160 2679 1694 2735; baseline -0.005 -13"><span class='ocrx_word' id='word_1_356' title='bbox 160 2686 260 2732; x_wconf 63' lang='lat' dir='ltr'><strong>edd„</strong></span> <span class='ocrx_word' id='word_1_357' title='bbox 287 2684 477 2735; x_wconf 73' lang='lat' dir='ltr'><strong>Berqlcius</strong></span> <span class='ocrx_word' id='word_1_358' title='bbox 496 2686 522 2722; x_wconf 90' lang='lat' dir='ltr'><strong>l.</strong></span> <span class='ocrx_word' id='word_1_359' title='bbox 543 2686 587 2733; x_wconf 91' lang='lat' dir='ltr'><strong>l.,</strong></span> <span class='ocrx_word' id='word_1_360' title='bbox 605 2684 702 2732; x_wconf 81' lang='lat' dir='ltr'><strong>sort.</strong></span> <span class='ocrx_word' id='word_1_361' title='bbox 726 2689 832 2723; x_wconf 86' lang='lat' dir='ltr'><strong>recte</strong></span> <span class='ocrx_word' id='word_1_362' title='bbox 923 2683 1002 2722; x_wconf 88' lang='lat'><strong>105</strong></span> <span class='ocrx_word' id='word_1_363' title='bbox 1024 2695 1079 2732; x_wconf 84' lang='lat' dir='ltr'><strong>sq.</strong></span> <span class='ocrx_word' id='word_1_364' title='bbox 1107 2684 1327 2721; x_wconf 79' lang='lat' dir='ltr'><strong>Troclmeos</strong></span> <span class='ocrx_word' id='word_1_365' title='bbox 1357 2691 1461 2717; x_wconf 85' lang='lat' dir='ltr'><strong>nunc</strong></span> <span class='ocrx_word' id='word_1_366' title='bbox 1483 2691 1567 2717; x_wconf 88' lang='lat' dir='ltr'><strong>cum</strong></span> <span class='ocrx_word' id='word_1_367' title='bbox 1592 2679 1694 2716; x_wconf 86' lang='lat' dir='ltr'><strong>Bue-</strong></span> 
     </span>
     <span class='ocr_line' id='line_1_43' title="bbox 161 2737 1643 2790; baseline -0.005 -11"><span class='ocrx_word' id='word_1_368' title='bbox 161 2741 314 2779; x_wconf 68' lang='lat' dir='ltr'><strong>che-zero</strong></span> <span class='ocrx_word' id='word_1_369' title='bbox 335 2742 536 2789; x_wconf 83' lang='lat' dir='ltr'><strong>discripsi,</strong></span> <span class='ocrx_word' id='word_1_370' title='bbox 569 2743 654 2779; x_wconf 88' lang='lat' dir='ltr'><strong>olim</strong></span> <span class='ocrx_word' id='word_1_371' title='bbox 677 2744 844 2779; x_wconf 82' lang='lat' dir='ltr'><strong>creticos</strong></span> <span class='ocrx_word' id='word_1_372' title='bbox 920 2740 1126 2790; x_wconf 86' lang='lat' dir='ltr'><strong>prolubium</strong></span> <span class='ocrx_word' id='word_1_373' title='bbox 1147 2741 1302 2787; x_wconf 87' lang='lat' dir='ltr'><strong>Lipsius</strong></span> <span class='ocrx_word' id='word_1_374' title='bbox 1322 2737 1530 2787; x_wconf 89' lang='lat' dir='ltr'><strong>proluuium</strong></span> <span class='ocrx_word' id='word_1_375' title='bbox 1551 2737 1643 2772; x_wconf 84' lang='lat' dir='ltr'><strong>libri</strong></span> 
     </span>
     <span class='ocr_line' id='line_1_44' title="bbox 164 2792 1698 2846; baseline -0.004 -11"><span class='ocrx_word' id='word_1_376' title='bbox 164 2797 241 2835; x_wconf 88' lang='grc'><strong>107</strong></span> <span class='ocrx_word' id='word_1_377' title='bbox 264 2808 320 2846; x_wconf 81' lang='lat' dir='ltr'><strong>sq.</strong></span> <span class='ocrx_word' id='word_1_378' title='bbox 341 2798 463 2835; x_wconf 88' lang='lat' dir='ltr'><strong>libros</strong></span> <span class='ocrx_word' id='word_1_379' title='bbox 483 2809 587 2836; x_wconf 85' lang='lat' dir='ltr'><strong>nunc</strong></span> <span class='ocrx_word' id='word_1_380' title='bbox 607 2809 691 2835; x_wconf 88' lang='lat' dir='ltr'><strong>cum</strong></span> <span class='ocrx_word' id='word_1_381' title='bbox 718 2799 955 2835; x_wconf 75' lang='lat' dir='ltr'><strong>Buechelero</strong></span> <span class='ocrx_word' id='word_1_382' title='bbox 978 2801 1134 2835; x_wconf 80' lang='lat' dir='ltr'><strong>secutus</strong></span> <span class='ocrx_word' id='word_1_383' title='bbox 1154 2808 1256 2833; x_wconf 87' lang='lat' dir='ltr'><strong>sum.-</strong></span> <span class='ocrx_word' id='word_1_384' title='bbox 1287 2796 1373 2831; x_wconf 85' lang='lat' dir='ltr'><strong>olim</strong></span> <span class='ocrx_word' id='word_1_385' title='bbox 1393 2794 1492 2830; x_wconf 76' lang='lat' dir='ltr'><strong>haec</strong></span> <span class='ocrx_word' id='word_1_386' title='bbox 1523 2797 1563 2829; x_wconf 89' lang='lat' dir='ltr'><strong>ut</strong></span> <span class='ocrx_word' id='word_1_387' title='bbox 1589 2792 1647 2839; x_wconf 76' lang='lat' dir='ltr'><strong>fr.</strong></span> <span class='ocrx_word' id='word_1_388' title='bbox 1669 2792 1698 2829; x_wconf 84' lang='lat' dir='ltr'><em>V</em></span> 
     </span>
     <span class='ocr_line' id='line_1_45' title="bbox 165 2850 1697 2904; baseline -0.003 -14"><span class='ocrx_word' id='word_1_389' title='bbox 165 2856 319 2891; x_wconf 83' lang='lat' dir='ltr'><strong>creticis</strong></span> <span class='ocrx_word' id='word_1_390' title='bbox 338 2856 498 2898; x_wconf 84' lang='lat' dir='ltr'><strong>inclusi,</strong></span> <span class='ocrx_word' id='word_1_391' title='bbox 530 2855 668 2904; x_wconf 85' lang='lat' dir='ltr'><strong>quibus</strong></span> <span class='ocrx_word' id='word_1_392' title='bbox 698 2855 889 2892; x_wconf 76' lang='lat' dir='ltr'><strong>trochaici</strong></span> <span class='ocrx_word' id='word_1_393' title='bbox 917 2856 1109 2892; x_wconf 82' lang='lat' dir='ltr'><strong>octonarii</strong></span> <span class='ocrx_word' id='word_1_394' title='bbox 1138 2855 1266 2890; x_wconf 81' lang='lat' dir='ltr'><strong>ultima</strong></span> <span class='ocrx_word' id='word_1_395' title='bbox 1289 2850 1442 2898; x_wconf 81' lang='lat' dir='ltr'><strong>dipodia</strong></span> <span class='ocrx_word' id='word_1_396' title='bbox 1474 2860 1626 2898; x_wconf 81' lang='lat' dir='ltr'><strong>namque</strong></span> <span class='ocrx_word' id='word_1_397' title='bbox 1658 2854 1697 2885; x_wconf 76' lang='lat' dir='ltr'><strong>ut</strong></span> 
     </span>
     <span class='ocr_line' id='line_1_46' title="bbox 164 2906 1636 2960; baseline -0.002 -14"><span class='ocrx_word' id='word_1_398' title='bbox 164 2910 277 2947; x_wconf 80' lang='lat' dir='ltr'><strong>dicam</strong></span> <span class='ocrx_word' id='word_1_399' title='bbox 297 2913 487 2959; x_wconf 85' lang='lat' dir='ltr'><strong>praeiret.</strong></span> <span class='ocrx_word' id='word_1_400' title='bbox 576 2922 728 2960; x_wconf 84' lang='lat' dir='ltr'><strong>namque</strong></span> <span class='ocrx_word' id='word_1_401' title='bbox 761 2916 799 2948; x_wconf 82' lang='lat' dir='ltr'><strong>ut</strong></span> <span class='ocrx_word' id='word_1_402' title='bbox 831 2915 866 2948; x_wconf 78' lang='lat' dir='ltr'><strong>tc</strong></span> <span class='ocrx_word' id='word_1_403' title='bbox 896 2916 996 2948; x_wconf 81' lang='lat' dir='ltr'><strong>metu</strong></span> <span class='ocrx_word' id='word_1_404' title='bbox 1025 2913 1096 2947; x_wconf 84' lang='lat' dir='ltr'><strong>Aut</strong></span> <span class='ocrx_word' id='word_1_405' title='bbox 1126 2909 1305 2957; x_wconf 77' lang='lat' dir='ltr'><strong>segnitate</strong></span> <span class='ocrx_word' id='word_1_406' title='bbox 1336 2906 1447 2944; x_wconf 77' lang='lat' dir='ltr'><strong>dicam</strong></span> <span class='ocrx_word' id='word_1_407' title='bbox 1481 2906 1636 2943; x_wconf 83' lang='lat' dir='ltr'><strong>Vossius</strong></span> 
     </span>
    </p>
   </div>
  </div>
 </body>
</html>
