1942 3204
504 213 572 248 EX
596 211 825 247 INCERTIS
851 193 1177 247 INOERTOIWM
1200 210 1412 246 FABVLIS
1643 208 1729 251 243

306 318 430 370 Quod
462 303 612 362 omnes
644 318 781 375 scitiS‚
813 319 931 362 s6lus
962 315 1156 375 neglexit
1186 302 1333 360 fidem:

304 396 464 441 Furere
499 397 778 453 adsimulare,
810 397 865 439 ne
897 396 1050 453 coiret,
1081 393 1255 439 institit.

305 475 430 527 Quod
461 474 513 518 ni
539 475 762 518 Palamedi
792 475 1018 532 perspicax
1049 474 1280 531 prudentia

305 552 439 597 Istius
471 555 700 611 perspexet
730 553 993 597 malitiosam
1025 552 1250 596 audaciam
1258 586 1270 609 ,

216 632 274 675 60
304 630 411 675 Fide
443 634 636 675 sacratae
667 632 734 675 ius
766 634 976 689 perpetuo
1008 631 1190 674 falleret.

604 733 778 777 XXXII
809 731 921 791 (Aa.
953 733 1074 777 Arm.
1105 733 1191 776 iud.
1227 731 1302 790 18)

305 824 413 870 Vidi
440 827 501 882 te,
532 824 700 882 Vlixes,
731 825 835 868 saxo
868 826 1135 868 sternentem
1166 822 1377 879 Hectora,

306 901 414 948 Vidi
442 905 664 960 tegentem
696 900 836 959 clipeo
868 903 1051 946 classem
1082 902 1305 945 Doricam:

304 981 402 1039 Ego
433 984 539 1024 tunc
570 980 819 1037 pudendam
849 980 1043 1037 trepidus
1074 980 1283 1023 hortabar
1314 979 1478 1035 fugam.

797 1076 1008 1135 XXXIII„
1027 1075 1124 1135 (47)

307 1203 316 1212 .
348 1169 518 1212 facinus
550 1168 654 1212 fecit
684 1168 938 1224 maximum,
970 1182 1068 1211 cum
1098 1166 1265 1210 Danais
1297 1165 1610 1209 inclinantibus

217 1246 276 1290 65
307 1245 531 1290 Summam
561 1246 743 1304 perfecit
773 1247 886 1303 rem,
917 1261 1050 1288 manu
1082 1246 1160 1288 sua
1191 1245 1383 1288 restituit
1414 1244 1627 1300 proelium

310 1323 552 1368 Insaniens.

186 1443 397 1488 fragmenta
427 1444 671 1488 probabiliter
699 1445 949 1479 inseruerunt.
1051 1442 1174 1476 XXXI
1199 1443 1327 1476 Cicero
1352 1442 1397 1476 de
1423 1442 1485 1477 off.
1510 1442 1567 1476 III
1593 1443 1656 1485 26,
1687 1443 1741 1476 982

186 1489 299 1524 ‘utile
330 1490 528 1524 uidebatur
553 1491 693 1532 Vlixi,
724 1494 765 1524 ut
796 1490 941 1534 quidem
967 1492 1101 1533 poetae
1132 1489 1268 1532 tragici
1298 1488 1538 1532 prodiderunt
1567 1513 1576 1522 .
1598 1513 1606 1522 .
1627 1513 1636 1521 .
1666 1489 1731 1521 sed

186 1535 402 1570 insimulant
429 1546 510 1570 eum
543 1536 762 1580 tragoediae
794 1535 1034 1568 simulatione
1064 1535 1235 1567 insaniae
1267 1534 1437 1567 militiam
1468 1534 1730 1576 subterfugere

186 1581 348 1615 uoluisse
372 1606 380 1614 .
400 1606 409 1615 .
430 1607 438 1614 .
467 1581 555 1626 quid
580 1582 678 1616 enim
703 1582 910 1615 auditurum
937 1583 1048 1624 putas
1074 1580 1190 1614 fuisse
1214 1579 1378 1622 Vlixem,
1409 1580 1441 1612 si
1467 1579 1503 1612 in
1530 1578 1596 1612 illa
1620 1579 1726 1612 simu-

185 1627 328 1661 latione
361 1628 706 1671 perseuerauisset?
744 1628 805 1670 qui
837 1637 919 1660 cum
944 1627 1122 1660 maximas
1147 1636 1205 1660 res
1222 1627 1382 1669 gesserit
1398 1626 1436 1658 in
1454 1625 1573 1668 bello,
1601 1628 1727 1659 tamen

186 1672 300 1706 haec
326 1673 484 1706 audiat
507 1673 560 1706 ab
585 1673 743 1707 Aiace:
770 1673 918 1706 cuius’
943 1683 976 1706 e.
995 1682 1029 1715 q.
1049 1682 1078 1708 s.
1147 1671 1288 1704 XXXII
1313 1670 1506 1704 Charisius
1530 1671 1583 1705 IV
1607 1681 1643 1714 p.
1661 1672 1728 1704 25⁶3

186 1718 227 1755 P.
257 1721 343 1763 ‘per
373 1719 711 1761 mycterismon,
742 1718 782 1751 id
813 1722 871 1752 est
895 1718 1054 1751 derisum
1079 1717 1282 1760 quendam,
1308 1720 1385 1750 tam
1410 1727 1538 1760 quam:
1569 1716 1670 1749 uidi’
1698 1727 1731 1750 e.

188 1775 221 1807 q.
239 1774 267 1797 s.
295 1764 409 1797 ‘haec
434 1765 557 1798 omnia
580 1765 705 1798 derisu
730 1764 886 1807 quodam
913 1763 1016 1796 dicta
1041 1766 1129 1796 sunt
1153 1774 1176 1796 a
1203 1763 1349 1796 fortiori
1375 1762 1421 1795 ad
1446 1773 1519 1796 non
1546 1762 1704 1797 sortem!

278 1809 438 1843 XXXIII
465 1809 596 1843 Cicero
621 1811 735 1843 Tusc.
760 1809 852 1853 disp.
877 1810 927 1844 IV
953 1810 1015 1851 23,
1041 1810 1084 1842 52
1110 1812 1278 1852 ‘semper
1301 1809 1415 1841 Aiax
1447 1808 1572 1846 fortis,
1605 1808 1727 1840 fortis·

187 1856 300 1888 simus
323 1858 448 1889 tamen
473 1856 512 1888 in
537 1855 675 1897 surore3
702 1866 787 1889 nam
815 1856 1018 1888 facinus'
1045 1866 1076 1888 e.
1096 1864 1130 1897 q.
1148 1865 1177 1887 s.
1218 1854 1274 1887 Ex
1300 1854 1440 1887 comico
1467 1853 1625 1896 quodam
1643 1863 1728 1896 pro-

191 1901 304 1936 ducta
329 1911 412 1935 esse
438 1905 568 1935 censet
592 1901 783 1935 Bentleius

300 2022 354 2061 56
385 2021 587 2071 neglexerit
617 2022 755 2060 Bumb.
781 2022 887 2060 Oem.
979 2021 1030 2059 57
1063 2020 1275 2059 assimulare.
1306 2020 1429 2058 Bern.
1453 2031 1475 2057 c
1506 2019 1731 2057 assimulauit

184 2080 276 2117 libri
291 2081 469 2128 plerique
489 2079 718 2117 adsimulauit
748 2079 927 2117 Wuerzb.
945 2080 1042 2117 (ἐπεὶ.
1063 2091 1111 2128 a,
1133 2079 1203 2116 sed
1230 2077 1273 2115 ad
1304 2088 1420 2115 eraso
1452 2082 1487 2114 et
1517 2088 1557 2114 sc
1589 2088 1730 2125 supra-

187 2139 334 2184 scripto
365 2136 590 2174 assimulauit
617 2137 791 2175 Ambra&
822 2137 973 2174 Bernn.
1003 2149 1027 2173 α
1045 2137 1066 2173 b
1097 2134 1314 2172 adsimilauit
1340 2135 1478 2172 Bamb.
1508 2134 1732 2171 insimulauit

191 2192 297 2231 bem.
422 2205 466 2231 ne
499 2205 572 2243 quo
603 2195 673 2231 iret
704 2194 800 2232 Gud.
832 2206 878 2241 a,
909 2203 1010 2231 unus
1043 2193 1168 2231 Oxou.
1294 2191 1347 2230 58
1379 2191 1559 2229 Palamedi
1592 2192 1730 2228 Bumb.

196 2250 375 2288 Wuerzb.
395 2249 593 2287 Palamedis
615 2253 737 2288 ceteri
821 2250 872 2289 59
896 2256 1090 2300 perspexet
1111 2250 1289 2287 Klotzius
1309 2252 1347 2287 in
1370 2250 1456 2286 Ter.
1475 2250 1594 2285 Andr.
1610 2259 1654 2295 p.
1675 2248 1729 2286 43

187 2312 379 2356 percepset
409 2308 508 2354 edd„
537 2318 652 2355 quam
669 2307 839 2355 formam
862 2310 901 2345 in
923 2308 1196 2345 dubitationem
1217 2311 1335 2345 uocat
1355 2306 1563 2343 Maduz'cus
1587 2305 1728 2352 Opusc.

188 2363 237 2401 II
248 2375 290 2412 p.
315 2363 367 2401 69
390 2369 469 2402 not.
490 2365 545 2411 cf.
574 2364 777 2402 Turnebus
791 2365 957 2402 Aduers.
987 2363 1090 2402 VIII
1107 2363 1132 2402 3
1154 2365 1376 2413 percepisset
1395 2363 1486 2400 libri
1505 2361 1590 2410 (sed
1607 2363 1619 2398 i
1641 2373 1730 2399 eru-

188 2431 253 2467 sa,
286 2425 328 2458 ut
348 2422 517 2468 uidetur,
547 2424 587 2458 in
609 2419 757 2471 Bamb.)
790 2420 911 2470 ‘quod
928 2423 996 2470 qui
1023 2422 1260 2459 seruandum
1284 2422 1499 2467 censuerit,
1533 2420 1610 2456 cius
1632 2421 1729 2456 scri-

189 2479 280 2515 bere
299 2476 468 2515 debebit'
486 2478 739 2516 Her-mannus
758 2479 806 2516 cle
824 2478 1013 2527 Maduiyii
1031 2480 1234 2526 interpret.
1253 2479 1499 2526 quarundam
1516 2477 1627 2514 uerbi
1641 2477 1731 2513 Lat.

185 2534 406 2583 formarum
422 2546 464 2583 p.
489 2534 511 2572 7
601 2536 768 2573 astutiam
792 2535 888 2573 Gud.
911 2549 950 2584 a,
977 2535 1299 2584 Wakefieldus·in
1319 2535 1438 2572 Lucr.
1463 2534 1488 2571 I
1505 2533 1602 2580 234,
1625 2538 1731 2569 recle

188 2594 231 2629 ni
245 2591 280 2640 f.
361 2591 415 2629 60
436 2590 506 2629 fide
526 2592 700 2630 Ambros.
721 2592 858 2630 Bamb.
879 2593 1058 2631 Wuerzb.
1082 2592 1230 2630 Bernn.
1248 2603 1270 2628 c
1284 2603 1304 2629 e
1329 2591 1434 2630 Oeta.
1458 2591 1489 2627 ei
1511 2590 1555 2626 «le
1578 2590 1728 2626 Bet-nn.

189 2659 213 2684 a
235 2650 256 2686 b
287 2647 375 2687 [ides
407 2649 661 2687 Hermannus
689 2651 715 2686 l.
745 2651 771 2687 l.
862 2655 1020 2687 sacratae
1051 2650 1174 2686 Bern.
1197 2659 1232 2696 e,
1265 2647 1464 2697 ‘plerique
1494 2645 1618 2684 codd)
1654 2646 1729 2682 Fa-

190 2706 300 2743 bricii
318 2711 454 2743 sacrata
468 2707 642 2744 Ambros.
659 2706 794 2745 Bamb.
814 2707 993 2744 Wuerzb.
1012 2707 1157 2744 Ber-nn.
1176 2718 1200 2742 α
1217 2707 1238 2744 b
1259 2705 1364 2743 Oehl.
1387 2710 1564 2742 sacratum
1578 2703 1731 2740 Berua*

304 2762 356 2801 63
389 2762 552 2811 trepidus
580 2763 787 2802 Fabricius
818 2763 980 2813 trepidus
1011 2763 1137 2813 pedib:
1168 2763 1251 2800 cod.
1393 2761 1445 2798 64
1482 2770 1562 2797 nam
1594 2759 1729 2796 facinus

190 2821 304 2868 uulyo
391 2831 473 2857 cum
503 2821 538 2856 in
570 2821 644 2858 acie
674 2820 757 2858 facit
787 2820 877 2858 fecit
907 2832 954 2857 m.
987 2820 1073 2858 Nam
1096 2820 1228 2858 Danais
1253 2819 1336 2857 incl.
1360 2818 1462 2855 Mon.
1485 2830 1509 2853 (ι
1598 2816 1651 2853 65
1673 2827 1730 2865 sq,

190 2886 266 2912 rem
297 2876 470 2925 perfecit,
502 2888 609 2914 manu
639 2889 703 2915 sua
724 2878 884 2915 restituit
904 2877 1082 2927 proelium
1105 2877 1288 2914 insaniens
1310 2876 1563 2912 Hernumnus
1587 2872 1727 2921 Opusc.

193 2932 278 2970 ⁴VII
298 2933 380 2971 385
410 2944 486 2970 rem
516 2932 655 2983 perlicit
678 2946 802 2972 manus
826 2934 1003 2983 proelium
1024 2934 1184 2971 restituit
1206 2934 1388 2970 insaniens
1410 2931 1596 2979 (insaniem
1620 2930 1731 2979 Ray.)

1372 3008 1441 3042 16*
