1942 3204
819 230 862 271 Q.
888 228 1068 264 eumve
1657 228 1711 271 67

827 333 933 378 XIX
965 331 1063 392 (19)

863 418 1022 475 Apollo

175 496 263 541 350
295 495 386 540 Sibi
418 496 531 540 {inde
563 497 713 553 populi
744 499 788 539 et
819 497 942 554 reges
974 496 1203 540 consilium
1235 497 1460 552 expetunt,

294 573 567 618 Summarum
599 574 946 631 rerunflincerti‚
977 588 1084 630 quos
1117 587 1198 631 ego
1231 574 1311 630 ὀρθ
1339 590 1435 617 mea

293 651 361 695 Ex
391 652 567 695 incertis
600 655 738 696 certos
772 652 1077 709 c6mp0tesque
1110 652 1262 694 c6nsili

293 729 500 788 Dimitto,
530 732 580 774 ut
610 746 664 773 ne
696 745 763 772 res
794 731 954 772 temere
988 732 1176 772 tractent
1206 730 1413 773 turbidas.

775 807 860 851 XX
891 806 1015 866 (Hec.
1039 806 1113 865 18)

293 887 487 931 Nimium
519 887 623 931 boni
654 890 737 944 est,
769 887 838 930 cui
868 884 934 929 nss
966 887 1112 929 malist
1144 920 1152 928 .
1186 921 1194 928 .
1228 920 1235 929 .
1270 921 1277 929 .

764 963 872 1007 XXI
903 963 1028 1023 (Hec.
1052 963 1125 1022 11)

175 1043 262 1087 355
293 1043 523 1100 Extemplo
556 1046 777 1100 acceptam
808 1043 878 1085 me
908 1046 1062 1086 necato
1096 1045 1140 1085 et
1170 1041 1322 1085 fssiam.

818 1120 948 1164 XXII
979 1119 1077 1179 (58)

403 1234 410 1242 .
454 1200 607 1243 fauent
637 1197 836 1243 faucibus
868 1199 1002 1242 russis

265 1330 356 1364 XIX
385 1330 518 1366 Cicero
549 1331 594 1366 de
625 1334 718 1366 orat.
751 1332 770 1366 Ι
792 1332 854 1371 45,
881 1332 946 1365 199
979 1330 1082 1374 ‘quid
1114 1333 1172 1364 cst
1202 1331 1300 1364 enim
1320 1329 1576 1375 ‘praedat-iuti,
1608 1342 1716 1374 quam

175 1376 376 1412 honoribus
407 1381 444 1411 et
475 1378 528 1411 rei
559 1377 732 1421 publicae
758 1377 969 1411 muneribus
994 1376 1227 1420 perfunctum
1253 1387 1378 1410 senem
1409 1387 1518 1421 posse
1548 1387 1616 1410 suo
1640 1378 1718 1410 iure

175 1422 302 1456 dicere
327 1422 444 1465 idem,
475 1423 589 1467 quod
615 1423 731 1467 apud
755 1423 950 1456 Ennium
976 1422 1100 1455 dicat
1125 1422 1209 1455 ille
1235 1422 1430 1466 Pythius
1454 1421 1636 1466 Apollo,
1669 1433 1715 1456 se

178 1477 280 1502 esne
314 1478 429 1507 eum,
466 1468 580 1502 unde
612 1469 721 1512 sibi,
761 1469 799 1502 si
830 1479 916 1502 ιιοιι
953 1467 1110 1512 populi
1142 1472 1184 1501 et
1215 1478 1363 1512 reges,
1397 1472 1443 1502 at
1474 1478 1624 1502 omnes
1650 1468 1716 1501 sui

176 1513 310 1547 ciues
334 1513 572 1547 consilium
598 1516 842 1558 expetant’
870 1525 901 1547 e.
928 1524 963 1557 q.
989 1523 1018 1547 s.
1051 1513 1325 1557 (expectant
1350 1514 1426 1548 Erl.
1451 1514 1485 1554 b,
1510 1525 1534 1547 1.
1561 1524 1595 1548 e.
1623 1523 1667 1547 su

174 1559 398 1602 plementum
420 1560 561 1593 ueteris
581 1561 779 1594 recentius.
811 1559 929 1594 Deest
953 1560 1012 1594 hic
1037 1559 1140 1592 locus
1164 1559 1202 1592 in
1220 1558 1479 1602 Erl.uet.)1n
1505 1524 1716 1593 Eumentiffi

174 1605 244 1639 bus
268 1605 444 1639 uidentur
468 1605 574 1639 dicta
590 1605 718 1639 fuisse·
750 1605 800 1640 cf.
818 1605 951 1641 Aesch.
969 1606 1075 1639 Eum.
1093 1605 1137 1638 29
1155 1615 1232 1648 sqq.
1252 1606 1319 1638 614
1336 1615 1416 1648 sqq.
1486 1604 1553 1638 XX
1580 1603 1714 1638 Cicero

175 1649 222 1683 dc
247 1649 307 1684 fin.
334 1651 371 1684 11
398 1652 457 1693 13,
482 1652 649 1684 41‘11011
675 1652 792 1695 enim,
825 1652 858 1684 si
883 1651 1017 1685 malum
1043 1653 1101 1684 est
1125 1649 1249 1692 dolor,
1280 1661 1405 1684 carere
1432 1661 1475 1684 eo
1501 1650 1598 1683 malo
1623 1651 1715 1684 satis

177 1698 235 1729 est
257 1695 304 1729 ad
328 1696 423 1730 bene
447 1696 659 1731 uiuendum.
699 1697 781 1730 Hoc
806 1696 940 1730 dixerit
964 1696 1090 1740 potius
1115 1696 1256 1729 Ennius
1280 1721 1287 1728 .
1302 1721 1310 1729 .
1325 1699 1355 1729 .’
1394 1696 1578 1730 Publilius
1602 1695 1716 1738 Syrus

174 1742 243 1775 430
264 1741 338 1775 W.:
372 1742 538 1775 ‘nimium
571 1742 657 1775 boni
683 1746 740 1776 est
764 1742 803 1775 in
830 1745 944 1776 morte
975 1742 1035 1776 cui
1060 1740 1113 1774 nil
1137 1741 1187 1774 sit
1214 1741 1334 1783 mali’,
1364 1742 1403 1774 in
1434 1742 1567 1784 quibus
1599 1742 1716 1774 uerba

176 1787 221 1820 in
246 1790 387 1820 morte
419 1797 492 1820 non
518 1798 600 1821 cum
622 1787 948 1829 antecedentibus,
981 1787 1047 1821 sed
1077 1797 1158 1820 cum
1186 1765 1430 1830 sequentibus
1456 1787 1716 1830 coniungenda.

175 1836 271 1866 sunt.
318 1832 484 1866 Muretus
509 1833 597 1866 Var.
626 1833 714 1867 lect.
745 1833 776 1865 V
803 1835 844 1867 13
877 1834 1019 1866 monuit
1049 1832 1249 1884 quadrare
1261 1832 1450 1876 Euripidis
1481 1843 1526 1865 ex
1556 1833 1715 1866 Hecuba.

175 1888 212 1914 u.
236 1879 303 1912 627
333 1880 464 1917 κεῖνος
494 1871 723 1922 ὀλβιώτατος
744 1871 845 1924 ’Ὅτῳ
875 1871 964 1912 κατ’
994 1870 1098 1922 ἦμαρ
1119 1871 1315 1955 wygdvsc·
1335 1874 1458 1922 μηδὲν
1483 1873 1616 1911 κακόν.

266 1923 353 1957 XXI
378 1925 494 1959 Varro
527 1924 570 1958 de
595 1923 618 1957 l.
646 1924 689 1958 L.
716 1924 786 1959 VH
812 1926 854 1958 13
877 1923 926 1958 Μ.
953 1926 1087 1958 ‘etiam
1117 1923 1195 1956 indi
1224 1933 1280 1956 em
1305 1922 1396 1956 illud
1419 1923 1517 1956 Enni
1541 1948 1550 1957 .
1571 1948 1579 1957 .
1599 1949 1606 1955 .
1639 1933 1714 1955 ex·

175 1968 342 2013 templo
375 1971 472 2003 enim
505 1973 562 2004 est
592 1972 797 2003 continuo)
845 1969 984 2011 (Enni
1016 1968 1184 2012 Scaliger
1215 1967 1288 2002 eni
1320 1968 1419 2002 Flor.
1454 1969 1566 2001 enim
1598 1968 1715 2002 ceteri

178 2013 280 2056 libri)
321 2014 490 2048 Contulit
513 2015 667 2050 Bothius
698 2026 743 2049 ex
767 2014 959 2059 Euripidis
988 2014 1145 2049 Hecuba
1174 2024 1210 2049 ιι.
1235 2015 1299 2048 391
1325 2010 1436 2058 ὑμεῖς
1467 2010 1512 2048 δέ
1543 2007 1585 2057 μ’
1618 2009 1714 2047 ἀλλὰ

175 2057 348 2105 θυγατρὶ
373 2070 665 2104 συμφονευσατε
734 2060 841 2094 XXII
866 2059 997 2094 Cicero
1023 2061 1067 2094 de
1086 2060 1159 2093 diu.
1175 2059 1213 2093 11
1229 2061 1283 2099 26,
1302 2061 1383 2094 57‘
1395 2069 1459 2093 cur
1484 2063 1570 2093 ante
1595 2059 1715 2092 lucem

292 2204 377 2244 350
405 2205 642 2254 Papularum
672 2215 880 2255 reyumque
901 2215 1139 2243 concursum
1161 2204 1310 2242 Ennius
1335 2203 1510 2252 sortasse
1536 2204 1716 2251 pluribus

178 2266 470 2310 exornatam-m,
500 2266 542 2299 ul
571 2262 687 2300 dubia
708 2265 756 2300 sit
784 2263 882 2311 fides
901 2262 1016 2299 huius
1036 2272 1177 2299 uersus
1200 2263 1370 2310 primum
1396 2267 1425 2298 ἀ
1449 2261 1588 2298 Botln'o
1615 2263 1718 2298 eruti

179 2328 232 2356 ex
264 2317 452 2357 Cicerone
558 2318 653 2356 unde
683 2318 749 2356 sibi
780 2319 905 2368 populi
943 2325 979 2356 et
1009 2329 1115 2368 reges
1146 2319 1326 2356 Albertus
1356 2318 1526 2367 Lanqius
1557 2317 1714 2363 Quaest.

179 2379 289 2412 metr.
319 2387 360 2422 p.
391 2375 447 2414 20
477 2375 572 2413 uude
602 2374 668 2414 sibi
698 2377 798 2413 ciues
838 2386 963 2413 omnes
994 2375 1160 2414 Bothius
1275 2375 1354 2414 351
1387 2386 1608 2411 summarum
1638 2374 1712 2411 La-

177 2434 458 2480 qomarsiniani
484 2442 613 2471 omnes
642 2443 789 2470 suarum
818 2443 1036 2470 summarum
1069 2433 1165 2471 Gud.
1197 2433 1218 2469 b
1250 2433 1332 2470 Eri.
1365 2433 1386 2469 b
1416 2443 1562 2468 sum-um
1594 2433 1716 2468 celeri

176 2489 270 2526 libri
343 2500 412 2538 ope
442 2500 520 2526 mea
540 2488 732 2539 Reisiyiue
753 2489 916 2528 Coniect.
947 2492 987 2527 in
1007 2489 1202 2538 Aristoph.
1221 2501 1259 2537 p.
1284 2488 1336 2527 72
1368 2500 1445 2526 mea
1477 2499 1545 2537 ope
1565 2488 1654 2525 libri

179 2544 261 2583 352
292 2556 335 2582 ex
354 2546 456 2595 libri,
487 2547 590 2595 quod
617 2556 783 2585 seruare
803 2558 907 2584 nunc
938 2548 1056 2584 tutius
1078 2547 1186 2593 duxi,
1219 2558 1450 2595 quamquam
1471 2556 1606 2582 uerum
1636 2556 1712 2582 nou

179 2602 373 2640 arbitror.-
408 2605 494 2641 olim
522 2614 589 2653 pro
617 2605 812 2652 supposui.
847 2603 881 2640 ’x
910 2604 1160 2642 Her-mannus
1191 2602 1333 2651 Opusc.
1363 2602 1413 2639 ΙΙ
1436 2601 1516 2639 275
1631 2601 1712 2638 354

180 2658 270 2696 nihil
300 2664 356 2696 est
386 2659 469 2697 man
498 2661 598 2698 libri.
711 2661 858 2697 nimium
888 2659 974 2698 boni
1012 2666 1068 2697 est
1098 2660 1263 2710 profecto
1294 2660 1349 2697 cui
1381 2660 1634 2696 Her-mannus
1664 2658 1717 2694 ud

181 2715 277 2753 Eur.
309 2716 407 2754 Hec.
438 2715 534 2756 621.
593 2717 782 2766 Explebis
809 2719 1044 2756 uersiculum
1070 2718 1274 2755 scribendo
1311 2716 1459 2753 nimium
1498 2714 1532 2751 b.
1564 2719 1620 2750 est
1656 2714 1713 2750 cui

181 2771 231 2809 nil
260 2772 344 2812 mali
373 2773 421 2810 sit
450 2774 487 2811 ἰιι
516 2773 623 2811 diem.
740 2773 822 2812 355
861 2779 1042 2824 acceptam
1091 2774 1266 2820 Vossius,
1299 2774 1556 2821 praelaturus
1586 2775 1712 2807 tamen

181 2834 373 2879 arreptam.
422 2835 608 2880 acceptum
636 2831 729 2870 libri
862 2836 989 2868 necato
1021 2830 1198 2879 Scaliyer
1234 2835 1367 2878 negato
1396 2828 1487 2866 libri
1606 2826 1713 2864 filiam

182 2885 344 2924 Bothius
383 2885 495 2924 filium
530 2888 623 2926 libri
754 2886 920 2926 Dicendi
943 2890 1110 2937 fiquram
1147 2889 1359 2924 illustrauit
1394 2885 1564 2933 Lanqius
1605 2884 1711 2922 Vinci.

177 2953 218 2989 p.
250 2941 306 2981 50
438 2943 520 2983 356
558 2944 716 2994 gallique
753 2945 1008 2992 supplendum
1040 2946 1210 2989 uidetur,
1249 2954 1296 2980 ac.
1324 2942 1498 2990 sortasse
1533 2944 1572 2978 in
1604 2945 1710 2978 ante-

1376 3018 1427 3053 5*
