1942 3204
187 184 189 186 ¹
220 199 304 241 230
708 170 965 234 GRAccnvs
1059 172 1256 231 ovmws

805 301 1175 360 GRAOOHVS

821 397 1146 442 ATALANTA

342 471 376 513 Ο
410 473 534 527 grata
566 472 711 527 cardo,
742 471 909 527 regium
941 484 1160 526 egressum
1191 469 1407 514 indicans!

844 558 1133 602 PELIADES

401 631 536 674 Sonat
567 630 742 688 inpulsu
774 630 895 688 regia
927 631 1067 674 cardo.

836 718 1139 762 THYESTES

342 789 494 832 Mersit
525 791 742 846 sequentis
774 792 966 833 umidum
998 792 1170 847 plantas
1201 791 1391 835 humum.

661 880 742 922 EX
775 879 1036 923 INOERTA
1067 879 1305 922 FABVLA

345 950 585 1006 Purpuram
619 953 661 993 et
692 951 887 993 diadema

685 1066 746 1119 P.
791 1063 1073 1122 OVIDIVS
1114 1063 1292 1123 NASO

710 1154 718 1161 ’
881 1159 1091 1203 ΜΕΒΕΑ

928 1231 950 1273 I
982 1230 1049 1288 (1)
1111 1240 1113 1242 '

911 1302 1063 1344 Medea

343 1371 521 1415 Seruzire
553 1373 691 1428 potui:
724 1373 899 1428 perdere
933 1389 989 1415 an
1021 1372 1202 1429 possim,
1234 1375 1393 1429 rogas?

922 1450 966 1492 II
999 1448 1066 1507 (2)

401 1521 535 1563 Feror
566 1521 650 1563 huc
682 1521 800 1577 illuc,
832 1523 881 1563 u’o
910 1522 1039 1577 plena
1071 1522 1162 1564 deo.

314 1616 486 1649 GssAccm
512 1615 614 1647 Arm
619 1625 715 1648 ANTA
748 1616 962 1648 Priscianus
992 1617 1043 1649 VI
1067 1627 1101 1658 p.
1127 1617 1193 1650 683
1218 1617 1257 1651 P.
1286 1617 1367 1650 ‘hic
1394 1618 1549 1659 cardo,
1579 1618 1753 1653 cardinis.

225 1661 377 1714 quida-m
399 1665 522 1694 tamen
554 1664 720 1693 ueterum
753 1662 865 1693 etiam
898 1661 1071 1694 feminino
1103 1672 1237 1704 genere
1265 1662 1334 1695 hoc
1359 1663 1602 1704 protulerunt.
1642 1663 1756 1697 Grac·
1809 1659 1811 1662 ’

225 1707 343 1740 chus'
333 1717 371 1738 111
388 1706 563 1738 Atalanta
587 1731 616 1739 ..
651 1706 941 1748 ’(Gracchus
958 1707 1102 1739 Veneta
1124 1708 1136 1738 1
1165 1717 1357 1750 graccus
1382 1708 1470 1751 Reg.
1494 1709 1622 1743 Bamb.
1640 1708 1754 1745 Halb,

225 1751 327 1785 Grut.
353 1751 551 1793 grachus
575 1752 724 1784 Amien.
743 1751 851 1784 Bern.
878 1752 989 1794 Sang.
1015 1762 1178 1795 gracus
1202 1752 1360 1786 Karolir.
1433 1753 1638 1786 atalenta
1661 1754 1741 1796 Reg
1717 1765 1752 1796 g.

224 1798 332 1829 Bern.
353 1797 568 1829 athlanta
585 1796 1053 1839 Sang.Grut.ata1anto
1071 1797 1201 1832 Bamb.
1217 1797 1392 1840 Karolir.)
1454 1799 1645 1832 Panum-:s
1662 1800 1756 1836 Non.

224 1843 308 1881 ⁶202,
335 1843 378 1874 20
404 1842 558 1875 ‘cardo
583 1842 835 1874 ...feminino
863 1841 1024 1875 Graius
1049 1842 1087 1874 in
1104 1842 1319 1876 Peliadibus
1343 1858 1396 1882 .·‚..
1407 1843 1499 1884 (C
1513 1854 1611 1876 a1us
1628 1845 1754 1877 Vrbin.

225 1889 291 1920 307
317 1887 546 1920 Gracchus
571 1887 738 1930 Langius
763 1888 869 1920 vind.
894 1899 927 1930 p.
955 1888 1011 1927 10)
1104 1888 1302 1921 'ramerus
1326 1889 1539 1922 Priscianus
1564 1889 1614 1922 VI
1637 1900 1671 1932 p.
1689 1890 1755 1922 719

225 1933 264 1964 Ρ.
290 1932 462 1964 ‘humus
487 1932 598 1965 humi.
647 1932 714 1965 hoc
744 1933 855 1965 etiam
889 1938 1055 1965 neutrum
1086 1933 1122 1964 in
1154 1943 1212 1965 um
1240 1933 1414 1966 desinens
1443 1934 1630 1968 inuenitur
1659 1935 1754 1977 apud

226 1980 370 2010 ueteres
394 2003 401 2010 .
416 2002 424 2010 .
440 2003 447 2010 .
474 1977 636 2010 Laeuius
654 1977 692 2009 in
709 1977 854 2011 Adone:
881 1978 1027 2011 humum
1051 1977 1236 2010 humidum
1260 1978 1416 2021 pedibus
1434 1978 1539 2012 fodit.
1564 1978 1753 2012 Gracchus

224 2023 262 2054 iu
293 2022 479 2065 Thyeste:
512 2023 660 2055 mersit’
695 2033 726 2055 e.
753 2033 787 2065 q.
812 2033 839 2055 s.
877 2023 1091 2065 (pedibus
1121 2047 1158 2057 ..
1180 2047 1189 2056 .
1220 2023 1411 2056 umidum
1441 2034 1510 2060 om.
1534 2024 1626 2067 Reg.
1657 2036 1679 2057 a
1703 2035 1753 2058 m.

225 2077 276 2109 pr.
371 2077 561 2109 graccus
591 2068 680 2110 Reg.
706 2079 752 2102 m.
779 2067 842 2100 alt.
875 2073 1062 2110 graccus
1092 2067 1202 2100 Halb.
1236 2068 1429 2111 grachus
1461 2069 1507 2102 fr.
1532 2070 1754 2103 Amienense

225 2115 386 2154 gratus
410 2113 537 2146 Bamb.
562 2113 669 2146 Bern.
699 2112 802 2146 Grut.
830 2113 940 2155 Sang.
965 2112 1119 2146 Carolir.
1197 2113 1372 2147 thieste
1397 2114 1556 2147 mersit
1579 2114 1670 2157 Reg.
1696 2115 1754 2147 ti-

226 2157 326 2189 thes
351 2161 490 2190 temer
509 2158 569 2190 sit
587 2158 690 2191 Grut.
716 2158 1007 2191 tithestener.
1034 2160 1093 2190 sit
1110 2157 1220 2202 Sang.
1248 2158 1423 2192 thithes
1449 2159 1657 2192 temetsit
1680 2160 1754 2192 Ka-

225 2201 344 2244 rolir.)
438 2203 493 2235 Ex
518 2204 594 2235 Ine.
622 2203 715 2235 ΕΑΒ.
742 2202 1012 2237 Grammaticus
1037 2203 1109 2236 inc.
1136 2203 1181 2236 de
1206 2203 1325 2236 dubiis
1349 2204 1556 2238 nominibus
1581 2205 1620 2237 in
1644 2205 1756 2238 Keilii

225 2257 375 2288 gramm.
401 2248 502 2280 Latt.
519 2248 590 2280 uol.
606 2248 636 2280 V
661 2259 695 2290 p.
709 2249 774 2281 577
800 2247 848 2291 (p.
866 2250 908 2282 77
933 2247 1087 2291 Haupt.)
1124 2248 1353 2282 ‘diadema
1377 2250 1523 2292 generis
1548 2250 1688 2292 neutri,
1713 2253 1754 2283 ut

226 2292 410 2327 Gracchus
433 2317 463 2326 ..
479 2296 508 2324 .'
535 2292 727 2332 (Gracus
753 2293 865 2335 libri).
894 2294 1034 2326 »Vtrum
1059 2296 1169 2336 poeta
1194 2304 1240 2326 an
1266 2298 1389 2327 orator
1413 2295 1463 2327 sit
1487 2295 1676 2328 incertum.

317 2337 448 2370 Ovmn
472 2339 610 2370 MEDEA
635 2338 790 2381 Legisse
821 2339 916 2371 hanc
946 2339 1112 2371 fabulam
1138 2339 1249 2371 etiam
1282 2340 1344 2382 qui
1374 2339 1590 2382 ‘epistulam
1613 2339 1755 2373 Valerii

227 2383 274 2415 ad
299 2382 466 2415 Rufinum
490 2393 537 2415 ne
562 2393 710 2416 uxorem
741 2384 872 2416 ducat’
907 2384 1128 2426 conscripsit
1153 2384 1318 2425 (Hieron.
1345 2395 1428 2427 opp.
1451 2384 1524 2420 uol.
1550 2384 1616 2426 XI)
1642 2385 1753 2418 adno-

225 2429 321 2460 tauit
346 2429 387 2460 L.
414 2427 568 2460 Mueller
593 2428 728 2462 annall.
754 2428 896 2471 philon.
923 2430 1008 2462 1867
1033 2439 1068 2472 p.
1093 2430 1170 2466 496.
1226 2430 1244 2462 1
1275 2429 1526 2470 Quintilianus
1553 2431 1640 2464 VIII
1668 2427 1753 2470 5,‘6

227 2473 287 2513 (de
311 2472 437 2514 figuris
464 2473 742 2515 sententiarum)
770 2477 829 2506 ‘et
853 2474 1099 2507 translatione
1124 2484 1146 2506 a
1164 2474 1343 2507 communi
1368 2475 1414 2507 ad
1438 2475 1634 2518 proprium.
1667 2486 1752 2508 nam

227 2528 307 2550 cum
332 2518 380 2550 sit
404 2521 561 2551 rectum:
588 2528 721 2550 nocere
748 2519 855 2552 facile
882 2522 952 2556 est,
978 2519 1151 2562 prodesse
1177 2519 1346 2555 difficile:
1380 2520 1633 2553 uehementius
1657 2520 1754 2563 apud

226 2563 396 2595 Ouidium
427 2563 557 2596 Medea
589 2563 679 2596 dicit
704 2587 713 2596 .
734 2589 741 2597 .
761 2568 791 2597 .'
896 2564 933 2596 11
964 2564 1107 2611 Senecgz
1139 2564 1284 2598 Suasor.
1314 2567 1334 2598 3
1365 2575 1398 2607 p.
1423 2566 1485 2606 21,
1511 2567 1555 2598 30
1579 2565 1622 2597 Β.
1655 2565 1753 2598 ‘hoc

312 2658 542 2695 GRACCHVS
575 2658 598 2694 2
628 2658 775 2707 inpulsu
796 2660 928 2697 Delrio
959 2659 1099 2708 inpulsa
1128 2660 1219 2697 libri
1307 2659 1331 2697 3
1363 2659 1633 2696 humidumdum
1654 2661 1749 2709 Req.

228 2720 263 2751 εἰ
284 2716 402 2752 Halb,
431 2727 478 2751 m.
504 2715 524 2751 1
551 2714 714 2752 Carolir.
748 2714 933 2752 humidum
965 2719 1087 2753 celeri
1189 2716 1326 2765 plautas
1357 2717 1556 2753 Bentleius
1583 2719 1622 2753 in
1650 2718 1749 2754 Hor.

227 2783 320 2818 φρ.
343 2771 426 2808 260
455 2771 584 2819 plantis
613 2773 704 2808 libri
817 2771 843 2807 4
873 2783 1066 2821 purpuram
1097 2772 1150 2810 M.
1170 2773 1370 2820 Hauplius
1396 2783 1557 2821 purpura
1585 2774 1677 2810 libri

311 2827 480 2864 OVIDIVS
514 2829 533 2864 1
568 2829 685 2876 possis
706 2828 861 2866 Monac.
949 2828 971 2864 2
995 2829 1144 2877 ueplcna
1167 2829 1360 2876 Antmerp.
1395 2828 1544 2877 ueplauc
1566 2829 1749 2867 Bruxell.

227 2884 385 2920 Lcclelne
418 2883 501 2920 uolo
532 2884 660 2932 plena?
