1942 3204
670 224 831 259 LIVIVS
857 222 1167 259 ANDRONICVS
1663 224 1689 263 3

744 328 1120 374 ANDROMEDA

272 407 508 465 Cdnflugae
542 407 646 451 eubs
679 411 896 451 conuentu
929 408 1129 463 ciimpum
1161 408 1300 448 totum
1333 406 1578 461 intimigant
1661 418 1691 443 ιο

822 483 1030 529 DANAE

272 597 280 606 .
301 597 309 606 .
335 563 465 606 eiiam
487 562 693 606 minitas?
719 563 842 606 mitte
861 578 912 606 ea
931 563 1041 619 quae
1060 564 1137 605 tua
1156 564 1258 605 sunt
1278 561 1416 617 magis
1437 562 1565 617 quzim
1587 575 1692 604 mea.

590 636 595 642 “
660 640 851 691 EQVOS
884 638 1193 705 'I'ROIANVS⁹

184 718 243 761 20
660 717 729 761 Da
760 718 867 761 mihi
904 718 1033 761 hasce
1066 732 1187 774 opes,

504 795 619 845 Quas
652 798 772 852 peto,
803 796 910 852 quius
942 800 1109 851 precor:

664 872 861 930 Porrige,
893 873 1079 929 opitula!
1660 885 1694 910 20

767 949 1086 994 HERMIONA

275 1027 475 1070 'Obsecro
508 1030 570 1083 be,
602 1026 803 1084 Ancstzle,
834 1028 962 1071 matri
987 1029 1043 1070 ne
1076 1028 1178 1093 quid
1209 1030 1310 1070 tuae
1344 1027 1554 1070 aduorsfis
1586 1028 1694 1070 fuas.

812 1104 1044 1149 TEREVS

870 1183 890 1225 Ι
923 1181 991 1240 (1)

277 1261 490 1303 Bal-enter
521 1261 662 1306 uenio.

159 1392 278 1424 neutri
303 1391 447 1432 generis
473 1392 605 1424 Titus
632 1391 793 1424 Liuius
818 1392 860 1424 in
887 1391 1016 1424 aiace
1041 1390 1267 1434 mastigho
1294 1391 1415 1424 foro'
1443 1391 1510 1432 (sic
1538 1391 1697 1424 Vrbinas

158 1439 235 1470 308.
265 1437 353 1480 pisi
377 1455 422 1461 -
448 1447 541 1483 corr.
568 1448 613 1470 ex
644 1438 735 1480 ipsi
758 1438 924 1470 —vv—
947 1436 1284 1471 adtacematico
1310 1437 1408 1471 foro
1434 1438 1548 1469 ceteri
1574 1437 1697 1477 libri):

158 1485 400 1533 ‘praestatur’
428 1494 459 1518 e.
478 1478 547 1525 qs
551 1482 637 1515 .Cf
655 1481 849 1526 Sophoclis
873 1483 930 1519 Ai.
949 1483 1036 1515 1266
1059 1483 1104 1517 D.
1131 1481 1219 1536 φεῦ·
1244 1481 1312 1515 τοῦ
1337 1477 1533 1521 θανόντος
1559 1478 1608 1521 ὡς
1633 1493 1695 1514 τα-

157 1522 246 1571 χεῖά
277 1539 334 1566 τις
366 1527 518 1571 βροτοις
549 1526 669 1571 Χάρις
699 1527 857 1570 διαρρεῖ
875 1526 944 1562 καὶ
968 1526 1154 1571 προὸοὖσ’
1189 1522 1401 1562 ἇλιᾛσκεται
1496 1529 1578 1561 Νοιι
1604 1528 1698 1560 indi-

158 1583 270 1613 ²«gnum
304 1574 398 1616 quod
431 1574 492 1606 hic
524 1578 827 1607 commemoretur
851 1573 1063 1606 Plautinum
1095 1573 1276 1616 quoddam
1303 1574 1348 1606 ad
1375 1573 1482 1616 Capt.
1511 1573 1564 1606 ΙΙΙ
1588 1574 1628 1614 4,
1653 1574 1696 1605 82

159 1619 186 1660 (‘
194 1619 424 1651 hortamenta
448 1620 599 1652 absunt:
623 1619 794 1656 Aiacem.
818 1618 915 1652 hunc
940 1628 1047 1661 quom
1065 1619 1191 1659 uides,
1216 1620 1335 1662 ipsum
1353 1619 1488 1660 uides‚’
1516 1619 1579 1651 ubi
1605 1628 1695 1650 sane

158 1667 404 1696 ‘ornamenta’
430 1667 538 1697 uetus
563 1665 677 1697 codex
702 1664 828 1706 habet)
855 1664 1023 1698 scholion
1054 1675 1077 1696 a
1095 1665 1263 1698 Bentleio
1291 1665 1337 1697 ad
1363 1666 1452 1698 Ter.
1476 1664 1695 1697 hautontim.

158 1710 209 1742 1v
234 1710 273 1749 7,
298 1710 319 1742 8
351 1709 477 1749 (etiam
511 1720 534 1742 a
566 1709 703 1749 Pareo)
738 1709 928 1742 laudatum
960 1709 1122 1752 mihique
1153 1720 1176 1741 a
1208 1709 1439 1743 Buechelero
1475 1709 1696 1742 indicatum:

160 1754 491 1795 ‘hortamenta‚
524 1755 673 1798 flagella
711 1755 842 1798 quibus
872 1755 1026 1797 aurigae
1056 1758 1208 1788 utuntur
1235 1765 1316 1788 cum
1347 1765 1460 1799 equos
1490 1754 1696 1788 hortantur.

113 1834 128 1848 ,
157 1799 253 1832 Aiax
279 1799 599 1843 mastigophorus.’

249 1845 485 1878 Aunuouam
506 1847 599 1879 Non.
616 1846 678 1887 62,
704 1847 748 1879 20
773 1845 1010 1888 ‘confluge
1036 1845 1140 1887 loca,
1167 1846 1205 1878 in
1231 1856 1328 1888 quae
1355 1845 1425 1880 riui
1451 1845 1590 1878 diuersi
1610 1855 1697 1878 con·

158 1891 302 1925 fluant)

248 1937 381 1969 Dama
405 1935 497 1970 Non.
515 1937 595 1977 473,
613 1938 654 1969 31
675 1936 882 1970 ‘minitas
906 1947 971 1979 pro
989 1937 1153 1970 minaris.
1188 1937 1230 1969 L.
1255 1937 1411 1970 Danea
1429 1962 1435 1968 .
1454 1961 1461 1969 .
1478 1935 1585 1979 .’‚(L.
1606 1937 1696 1968 Da·

160 1982 255 2014 riae
281 1981 411 2015 Bamb.
441 1982 639 2015 Naeuius
664 1983 820 2015 Danae
844 1981 994 2023 Aldina)

251 2027 380 2064 Eovos
405 2026 598 2061 Tnouxvs
624 2028 705 2061 Non
728 2029 813 2068 475,
841 2030 883 2061 10
909 2027 1139 2071 ‘opitulay

250 2072 459 2105 Hmuuoiu
483 2073 574 2105 Non.
604 2074 686 2114 111,
716 2074 756 2106 12
780 2072 923 2106 ‘fuam
949 2074 1015 2106 sim
1041 2073 1101 2106 uel
1126 2072 1209 2106 fiam
1235 2100 1244 2109 .
1272 2098 1279 2106 .
1308 2099 1314 2106 .

251 2117 402 2151 'l'auavs
427 2118 445 2150 1
470 2117 560 2150 Non.
587 2119 671 2159 515,
697 2120 740 2151 29
767 2121 1002 2152 ‘rarenter
1029 2144 1036 2152 .
1065 2144 1070 2153 ι
1102 2122 1134 2151 .’

161 2258 386 2303 transposui
428 2260 464 2292 et
507 2259 669 2293 correxi
707 2256 988 2294 Buecliclerum
1024 2262 1202 2304 secutus,
1247 2259 1314 2306 qui
1351 2268 1464 2294 uerno
1511 2260 1547 2293 in
1590 2259 1696 2294 uenio

159 2315 284 2350 tatere
319 2313 520 2350 intellexit.
585 2312 680 2350 Olim
719 2316 759 2351 in
790 2316 889 2351 actis
919 2315 1032 2351 acad.
1063 2316 1196 2352 Berol.
1230 2313 1338 2352 1854
1369 2327 1414 2351 m.
1447 2316 1539 2351 Jan.
1568 2328 1610 2363 p.
1643 2314 1696 2353 46

162 2374 271 2406 uento
302 2375 339 2406 et
368 2369 455 2418 gelu
480 2380 786 2418 proposueram,
816 2375 852 2407 et
884 2376 996 2408 uentu
1027 2373 1102 2409 iam
1136 2371 1300 2408 Bentino
1326 2373 1551 2418 placuerat.

164 2425 215 2464 18
247 2425 438 2475 conssugae
478 2427 544 2474 W,
575 2428 678 2475 quod
706 2428 916 2465 uindicauit
948 2428 1216 2466 Buechelerus
1248 2428 1351 2466 Coni.
1380 2429 1480 2465 Latt.
1504 2441 1543 2476 p.
1568 2430 1614 2466 11
1641 2440 1696 2477 sq.

162 2481 334 2531 conssuge
364 2483 467 2520 Leid.
511 2484 641 2521 Vrbin.
674 2484 754 2522 307
794 2484 984 2534 conssuges
1022 2485 1078 2532 (ut
1114 2490 1152 2524 in
1190 2487 1364 2523 lemmate
1396 2487 1498 2522 Laid.
1533 2497 1569 2524 n.
1603 2487 1696 2531 116)

163 2539 368 2577 Mercerus
425 2538 528 2587 cubi,
568 2541 672 2588 quod
705 2541 989 2579 adlinet-atione
1028 2545 1141 2581 etiam
1189 2544 1493 2587 commendatur,
1543 2545 1695 2589 scripsi.

165 2594 223 2633 ubi
259 2596 351 2633 libri
464 2595 654 2645 conssuges
699 2598 767 2634 riui
812 2599 898 2635 olim
941 2602 1093 2637 conieci
1205 2605 1388 2636 conuentu
1426 2600 1567 2637 Junius
1610 2611 1695 2635 con-

165 2657 314 2692 uentum
351 2652 442 2690 libri
558 2653 608 2690 19
648 2665 740 2703 quae
775 2665 851 2691 mea
890 2661 976 2692 sunt
1013 2657 1126 2705 magis
1165 2667 1269 2705 quam
1310 2662 1368 2692 [ua
1408 2658 1467 2692 uel
1506 2667 1595 2705 quae
1636 2661 1695 2691 tua

165 2714 250 2746 sunt
287 2709 406 2746 minus
445 2720 549 2758 quam
586 2720 661 2747 mea
700 2711 741 2747 L.
771 2711 937 2749 Mueller
972 2714 1020 2750 de
1058 2723 1101 2750 re
1140 2726 1187 2750 m.
1224 2712 1302 2748 441
1424 2711 1471 2749 21
1510 2714 1696 2749 Numeros

164 2778 188 2802 α
219 2765 390 2814 Berylcio
420 2767 702 2805 commendatos
732 2771 884 2815 recepi,
924 2769 1124 2808 dimetrum
1155 2772 1337 2806 creticum
1368 2771 1469 2805 inter
1499 2771 1598 2806 duas
1629 2770 1696 2805 tri-

161 2823 301 2870 podias
321 2823 547 2860 trochaicus
567 2825 842 2862 catalecticus.-
873 2826 957 2862 olim
980 2830 1290 2863 tetrametrorum
1313 2826 1545 2862 ereticorum
1562 2826 1697 2874 frusta

164 2879 208 2914 (1.4
247 2878 332 2916 mihi
399 2878 511 2916 illisce
541 2908 550 2916 .
576 2908 584 2917 .
610 2908 619 2916 .
649 2878 816 2931 porrige,
854 2876 1011 2931 'Opitula
1054 2884 1142 2919 dedi
1254 2882 1402 2930 porrige
1449 2893 1516 2919 ms.
1562 2883 1695 2922 Fabri,

178 2935 297 2973 Vatic.
319 2936 461 2985 corrige
493 2939 615 2974 ceteri
640 2937 731 2974 libri
843 2937 895 2975 23
925 2937 1071 2975 obsecra
1103 2939 1205 2975 Leia.
1248 2939 1310 2978 W,
1343 2939 1412 2973 sml
1440 2952 1460 2973 ο
1492 2949 1697 2987 suprascr.

1368 3003 1413 3038 1²³⁴
