1942 3204
260 176 375 211 LXIV
851 177 876 212 C
883 177 1200 214 OROLLARIVM

259 298 465 324 enarrans
498 284 611 325 ‘alii'
647 285 804 347 inquit-
823 285 1022 327 ‘tradunt
1052 285 1164 327 hunc
1197 301 1412 328 sacrorum
1444 287 1498 328 ab
1537 287 1782 330 hominibus
1803 270 1814 341 A*

260 357 512 396 concentum
544 355 690 396 mundi
729 359 902 397 cantum
934 371 1174 410 cursumque
1215 357 1407 399 imitari?
1470 357 1583 400 Nam
1615 359 1675 400 sic
1707 359 1782 401 ‘ab

258 426 523 468 hominibus’
558 428 703 481 verba,
735 442 842 482 quae
872 430 971 469 ante
1003 427 1205 470 ‘imitari'
1240 429 1367 483 vulgo
1398 429 1613 484 leguntur,
1643 432 1780 472 trans·
1828 473 1830 475 ,

259 498 458 551 ponenda
490 501 600 540 sunt.
919 524 921 526 ·
1222 505 1230 507 ⁴

376 568 421 610 P.
460 569 542 610 231
584 569 637 610 ad
675 569 961 612 POMPONII
999 584 1035 611 v.
1073 570 1101 612 4
1140 569 1420 612 Buechelerus
1459 574 1557 626 apte
1600 573 1781 614 conferri

258 638 383 680 iussit
415 639 599 681 Senecae
631 639 732 682 Oed.
764 655 800 682 v.
832 641 887 683 27
922 642 1093 696 ‘meque
1124 656 1211 683 non
1243 641 1367 683 credo
1399 642 1540 684 mihi.'

375 710 420 752 P.
453 711 550 752 232.
595 710 716 760 Quod
743 711 1028 766 Pomponium
1049 711 1268 753 Charisius
1293 715 1441 755 narrat
1473 715 1665 768 ‘putare’
1699 714 1781 756 dici

257 795 435 833 omnes,
474 797 560 823 non
591 783 761 834 omneis,
799 797 900 824 sane
939 785 1210 837 praeceptum
1248 783 1390 837 ipsum>
1420 798 1507 825 non
1539 784 1583 826 in
1615 787 1780 840 tragoe-

259 852 346 906 dia,
385 852 457 894 sed
501 853 545 894 in
584 854 767 908 epistula
805 855 947 908 aliqua
979 853 1066 895 sive
1104 854 1367 908 praefatione
1398 856 1464 896 vel
1504 855 1549 896 in
1588 869 1782 897 sermone

259 924 457 965 familiari
484 924 648 966 dedisse
676 928 1009 967 consentaneum
1035 926 1110 966 est.
1155 924 1215 966 At
1240 928 1351 967 certe
1378 941 1500 968 usum
1523 941 1614 968 esse
1634 926 1780 968 eadem

258 995 413 1049 forma,
451 1000 578 1050 quam
615 1011 758 1037 veram
797 1010 887 1038 esse
925 995 1112 1050 doceret,
1151 996 1379 1037 sescenties
1416 997 1461 1038 in
1499 996 1654 1038 fabulis
1685 997 1779 1051 quis

259 1066 503 1108 dubitabit?
552 1065 669 1122 Ergo
701 1067 813 1108 inter
844 1067 1043 1121 reliquias
1074 1066 1318 1121 tragoediae
1350 1067 1590 1122 recipienda
1620 1067 1712 1109 fuit.

374 1137 472 1178 Alia
491 1152 559 1178 res
585 1140 650 1178 est
679 1138 724 1179 in
751 1137 1040 1180 controversia
1065 1138 1177 1179 inter
1195 1137 1479 1192 Pomponium
1506 1140 1550 1179 et
1575 1137 1777 1180 Senecam

257 1209 308 1250 de
351 1208 564 1250 locutione
603 1210 760 1262 yrmlus
801 1210 989 1251 eliminat
1030 1208 1129 1264 (inc.
1173 1208 1253 1250 inc.
1295 1209 1379 1251 fab.
1421 1209 1526 1264 229)
1569 1209 1778 1251 instituta.

258 1279 380 1329 Quod
412 1294 507 1320 cum
540 1279 594 1320 ab
625 1280 710 1320 illis
742 1281 981 1335 quaesitum
1014 1280 1070 1322 sit
1102 1295 1156 1320 an
1195 1280 1260 1321 ‘in
1291 1279 1513 1335 tragoedia
1551 1280 1632 1321 dici
1663 1274 1799 1333 opor-⁶

257 1352 439 1402 tuisset’,
482 1365 571 1392 non
615 1351 896 1392 concesserim
940 1352 1120 1392 alterum
1159 1353 1301 1392 utrum
1345 1365 1514 1405 eorum,
1563 1351 1629 1391 vel
1679 1350 1778 1405 quia

258 1422 370 1476 apud
402 1421 604 1463 Senecam
631 1437 743 1463 nunc
770 1437 857 1464 non
888 1422 1114 1476 reperitur,
1145 1421 1430 1475 Pomponium
1457 1421 1685 1476 aliquando
1718 1421 1777 1462 sic

258 1493 425 1534 dixisse.
487 1493 675 1534 Possunt
706 1493 820 1534 enim
853 1493 1033 1547 exempli
1065 1507 1211 1546 causa,
1248 1507 1344 1534 cum
1376 1492 1427 1532 de
1458 1495 1647 1534 veterum
1679 1492 1777 1534 stilo

257 1564 458 1604 iudicium
491 1563 668 1618 ferrent,
705 1564 822 1605 illam
860 1564 1087 1605 formulam
1125 1578 1174 1604 ex
1213 1563 1376 1618 antiqui
1414 1563 1590 1604 alicuius
1628 1565 1777 1617 poetae

257 1635 410 1689 tragici
442 1638 561 1676 textu
593 1635 918 1689 deprompsisse.

367 1705 585 1747 SOAEVI
623 1706 807 1747 frustum
839 1706 1048 1762 Bergkius
1087 1705 1242 1747 annall.
1281 1704 1441 1759 philoll.
1477 1705 1589 1747 1870
1619 1719 1658 1759 p.
1691 1705 1777 1747 832

258 1778 317 1818 sic
350 1776 478 1817 scribi
510 1776 653 1818 iussit:

629 1847 862 1890 scindimus
894 1848 980 1890 acri
1010 1848 1180 1890 teneras
1212 1847 1402 1901 planctu,

628 1917 779 1973 Cissei,
811 1932 955 1974 genas,

255 1989 322 2031 Ad
342 1989 384 2030 id
405 1989 517 2044 quod
536 1989 740 2030 traditum
760 1992 825 2031 est
842 1993 981 2032 atras
999 1989 1277 2032 conferendae
1297 1991 1398 2031 sunt
1416 1988 1544 2030 etiam
1563 1988 1711 2031 militis
1731 1990 1774 2031 in

256 2060 447 2102 Poenulo
478 2060 621 2102 Plauti
647 2061 787 2102 minae
814 2076 850 2103 v.
881 2061 991 2103 1279
1031 2060 1114 2103 ‘ita
1138 2061 1354 2115 replevero
1381 2059 1568 2116 atritate,
1599 2061 1776 2102 atratior

255 2132 391 2173 multo
428 2134 476 2173 ut
519 2131 599 2172 siet
643 2131 779 2181 Quam
817 2131 1093 2188 Aegyptini',
1130 2132 1287 2187 pugnis
1325 2131 1485 2173 scilicet
1527 2130 1644 2172 meis.
1717 2131 1776 2173 Et

256 2204 429 2257 planctu
468 2203 565 2244 illae
603 2217 771 2258 quoque
808 2203 853 2245 in
889 2203 1112 2259 tragoedia
1148 2203 1323 2245 livorem
1360 2201 1495 2244 vultui
1531 2201 1774 2243 intulerant.

370 2274 415 2316 P.
449 2274 533 2316 238
567 2273 619 2315 ad
651 2273 762 2316 INC.
794 2273 907 2316 INC.
938 2273 1064 2316 FAB.
1095 2274 1144 2316 fr.
1175 2267 1283 2315 XIII
1313 2273 1359 2315 in
1390 2272 1603 2316 Cornificii
1634 2272 1774 2314 verbis

255 2344 537 2386 Buechelerus
586 2344 690 2386 haec
740 2346 957 2400 probavit:
1014 2345 1240 2399 ‘Aesopum
1288 2348 1326 2387 et
1366 2343 1576 2387 Cimbrum
1635 2342 1774 2385 subor-

253 2416 352 2457 nari
382 2418 430 2456 ut
458 2416 515 2457 ad
544 2415 805 2469 Iphigeniam
830 2416 1178 2470 Ayamemnonem
1208 2419 1245 2458 et
1273 2415 1532 2458 Menelaum’
1569 2404 1649 2455 hac
1681 2428 1773 2455 sen-

255 2486 410 2527 tentia:
442 2486 561 2527 indui
591 2486 822 2529 histriones
853 2487 1018 2543 tragica
1048 2490 1164 2529 veste
1195 2484 1533 2543 Agamemnonis
1565 2486 1607 2526 et
1630 2483 1772 2525 Mene-

255 2558 311 2598 lai
355 2559 498 2612 partes
542 2560 711 2618 acturos
755 2559 869 2600 velut
913 2557 966 2600 ad
1008 2557 1252 2601 Ennianam
1293 2555 1541 2612 Iphigeniae
1583 2554 1773 2596 fabulam

255 2628 562 2688 instruendam.
624 2629 684 2670 At
715 2629 820 2670 mihi
854 2629 1008 2671 mirum
1039 2629 1205 2671 videtur
1242 2627 1472 2683 imaginem
1504 2625 1646 2667 animo
1678 2640 1772 2680 pro-

255 2699 356 2753 poni
395 2699 706 2755 memoriaeque
744 2700 935 2754 inprimi,
979 2714 1087 2755 quae
1123 2714 1210 2741 non
1254 2699 1298 2740 in
1337 2711 1489 2740 scaena
1530 2711 1672 2738 coram
1710 2711 1771 2738 re-

255 2773 545 2826 praesentata,
577 2769 649 2812 sed
680 2771 725 2812 in
757 2770 922 2813 occulto
953 2785 1184 2825 paucorum
1217 2769 1349 2812 oculis
1380 2769 1471 2811 visa
1501 2768 1639 2809 fuerit.
1702 2767 1771 2809 An

254 2841 365 2882 inter
395 2841 617 2883 vestiarios
650 2844 908 2896 spectatores
941 2841 1113 2883 admissi
1150 2839 1278 2883 sunt?
