1942 3204
259 183 343 225 20ss
899 184 942 216 L.
958 182 1143 216 vAT‘HVS

933 286 974 328 V
1030 287 1084 328 10

380 364 580 421 configit
610 365 758 407 tardus
791 364 956 419 celeris,
988 284 1107 405 elan}
1139 363 1340 406 uoletilis.

903 440 925 465 ηε
1131 441 1154 465 a:

262 519 348 562 540
379 519 462 561 Pro
495 520 618 561 ueste
650 519 796 574 pinnis
827 470 1040 560 membra*
1050 518 1179 559 textis
1211 519 1414 573 contegit.

944 594 1008 637 VI
1041 592 1108 652 (1)

381 672 544 715 Contra
576 674 641 715 est
672 673 860 715 eundum
892 672 1052 714 cautim
1083 674 1127 713 et
1158 672 1418 727 captandum
1451 673 1567 714 mihi.

918 749 1004 792 VII
1037 747 1134 806 (17)

501 861 510 869 .
561 827 629 868 cui
660 828 853 882 potestas
886 827 922 868 si
954 826 1089 882 detur,
1120 829 1196 868 tua

382 904 614 959 Cupienter
645 904 770 945 malis
802 904 994 945 membra
1025 903 1240 958 discerpet
1271 904 1370 945 suis.

908 980 1017 1023 VIII
1050 979 1147 1038 (1-3)

622 1091 630 1097 .
690 1058 970 1114 caprigenum
1001 1058 1104 1100 trita
1134 1058 1309 1113 lingulis

929 1146 992 1189 IX
1025 1144 1122 1204 (12)

265 1225 352 1267 545
384 1222 620 1279 Reciproca
651 1224 838 1266 tendens
870 1226 1003 1266 neruo
1036 1224 1191 1278 equino
1224 1225 1392 1266 concita

385 1302 489 1344 Tela

961 1379 1002 1421 X
1034 1378 1101 1437 (9)

909 1456 1151 1498 Philocteta

446 1566 456 1575 .
504 1534 750 1590 pinnigero,
781 1535 871 1575 non
902 1534 1114 1590 armigero
1145 1534 1191 1575 in
1223 1534 1400 1589 corpore

361 1664 393 1697 V
419 1663 549 1697 Cicero
575 1665 618 1698 de
644 1664 705 1698 fin.
723 1667 754 1699 V
773 1666 826 1705 11,
845 1666 887 1697 32
913 1667 980 1697 ‘ea
1005 1664 1216 1708 perferant,
1244 1674 1337 1707 quae
1362 1664 1607 1697 Philoctetam
1629 1664 1795 1697 uidemus

270 1710 308 1741 in
336 1709 492 1752 fabulis,
520 1711 582 1752 qui
607 1721 687 1743 cum
713 1711 941 1742 cruciaretur
964 1720 1036 1742 non
1062 1710 1225 1742 ferendis
1250 1709 1450 1750 doloribus,
1483 1709 1715 1753 propagabat
1739 1713 1796 1742 ta·

267 1765 350 1787 men·
372 1755 487 1787 uitam
510 1756 683 1798 aucupi03
711 1755 988 1798 configebat
1013 1755 1171 1787 tardus
1197 1755 1389 1796 celeres,
1415 1758 1542 1788 stans
1566 1755 1793 1795 afflantes,

270 1805 311 1832 ut
337 1800 435 1842 apud
461 1802 600 1833 Attium
627 1805 699 1840 est,
731 1811 1064 1844 pennarumque
1090 1803 1300 1833 contextu
1326 1801 1502 1843 corpori
1539 1803 1795 1842 tegumenta

270 1846 507 1879 faeiebat.’
555 1846 679 1888 Ipsum
702 1856 847 1879 uersum
873 1847 956 1886 540,
988 1847 1051 1878 sed
1082 1846 1213 1878 omisso
1245 1845 1390 1878 nomine
1415 1845 1641 1878 Censorinus
1664 1845 1792 1888 fragm.

268 1901 298 1923 c.
331 1892 372 1923 14
398 1902 431 1934 p.
461 1893 505 1924 94
536 1891 640 1925 Iahn.
674 1891 778 1933 (2726
803 1891 844 1924 P.
875 1892 943 1923 406
974 1891 1017 1924 G.
1041 1892 1085 1923 69
1108 1890 1172 1932 Η.)
1204 1890 1373 1923 tradidit:
1406 1891 1518 1934 paulo
1549 1891 1707 1923 fortasse
1739 1891 1795 1922 in-

270 1939 447 1968 mutatum
473 1946 554 1969 esse
582 1948 603 1968 a
628 1937 867 1979 grammatico
894 1936 1102 1978 suspicatur
1127 1936 1167 1968 L.
1193 1935 1350 1968 Mueller
1375 1936 1514 1968 annau.
1542 1935 1681 1978 philon.
1708 1936 1795 1968 1868

271 1992 302 2023 p.
329 1983 405 2014 433.
449 1983 603 2014 Versum
634 1983 700 2015 539
731 1982 862 2014 elicuit
895 1981 1078 2023 Scaliger,
1112 1980 1260 2013 tertium
1293 1984 1414 2013 autem
1446 1981 1678 2014 Hermannus
1709 1980 1796 2013 effe-

270 2027 323 2058 cit
346 2027 468 2058 hunc:
495 2027 631 2059 uitam
659 2028 931 2069 sagittarum
956 2025 1149 2069 aucupio
1180 2026 1468 2068 propaginat,
1496 2025 1540 2058 de
1566 2036 1636 2068 quo
1656 2029 1796 2058 ⁴conatu

199 2078 210 2088 ⁶
272 2076 370 2103 recte
396 2072 538 2104 iudicat
562 2072 767 2105 Maduicus.
818 2071 1051 2115 Separantlos
1084 2081 1164 2103 esse
1195 2072 1261 2103 539
1293 2074 1331 2103 et
1355 2072 1422 2104 540
1445 2071 1539 2103 uidit
1564 2071 1794 2103 Hermannus

361 2117 410 2149 VI
433 2117 524 2149 Non.
550 2119 632 2158 512,
662 2119 702 2150 12
728 2118 916 2150 ‘cautim
948 2127 1013 2159 pro
1044 2119 1164 2152 caute.
1204 2116 1332 2148 Accius
1356 2115 1573 2148 Alfcsiboea
1603 2140 1612 2148 .
1632 2140 1640 2147 .
1661 2141 1669 2148 .
1698 2117 1794 2148 idem

271 2162 501 2194 Filoctita
532 2186 539 2194 .
560 2187 568 2195 .
588 2166 617 2194 ,⁷
660 2162 876 2203 (Filotita
906 2161 1047 2203 Bamb.)
1166 2161 1233 2194 VII
1257 2161 1349 2194 Non.
1374 2163 1435 2202 91,
1459 2163 1482 2193 4
1513 2162 1793 2203 ‘cupienter‚

271 2207 536 2250 cupidissime)
628 2208 717 2240 VIII
746 2208 952 2240 Macrobius
977 2207 1055 2241 Sat.
1082 2207 1133 2239 VI
1163 2208 1201 2247 5,
1228 2207 1271 2239 14
1303 2207 1705 2249 ‘caprigenumque
1731 2217 1792 2249 pe-

272 2263 335 2285 cus
367 2252 469 2285 nullo
502 2253 650 2285 custode
681 2264 745 2296 per
775 2253 910 2286 herbas
940 2277 948 2286 .
969 2277 977 2285 .
1001 2277 1006 2283 .
1035 2252 1167 2284 Accius
1196 2252 1235 2284 in
1265 2251 1470 2284 Philoctete
1500 2277 1508 2284 .
1531 2277 1538 2284 .
1561 2254 1590 2285 .’

271 2298 323 2329 IX
348 2298 462 2331 Varro
491 2298 534 2330 de
564 2297 587 2333 l.
618 2299 660 2330 L.
691 2299 760 2332 VII
788 2300 832 2332 80
855 2298 902 2333 M.
935 2298 1054 2340 ‘apud
1084 2297 1252 2329 Accium:
1285 2297 1497 2340 reciproca’
1529 2306 1558 2329 e.
1583 2307 1615 2339 q.
1640 2306 1669 2329 s,
1704 2299 1796 2328 ‘re-

274 2343 458 2386 ciproca
489 2346 562 2382 est,
595 2353 702 2385 quom
729 2343 824 2376 unde
856 2343 942 2386 quid
973 2342 1192 2386 profectum,
1223 2341 1320 2375 redit
1350 2344 1419 2375 eo.’
1468 2341 1618 2374 Seruius
1642 2343 1680 2373 in
1704 2341 1796 2374 Aen·

386 2481 466 2518 539
498 2480 649 2530 configit
679 2481 863 2528 Bothius,
894 2481 1146 2517 Hermannus
1175 2477 1320 2528 configo
1352 2479 1528 2527 Scaliyer
1631 2478 1797 2515 uolatiles

274 2539 449 2586 Scaliyer
481 2538 644 2574 uolantes
666 2538 817 2584 Cicero,
851 2549 874 2573 a
899 2549 973 2586 quo
994 2537 1149 2576 Attiana
1171 2547 1245 2572 non
1265 2536 1361 2572 nihil
1388 2545 1472 2571 esse
1492 2537 1646 2583 deflexa
1677 2539 1793 2580 recte,

273 2601 314 2632 uc
334 2596 498 2640 uidetur,
522 2599 651 2631 censet
665 2595 882 2631 Maduicus.
962 2592 1044 2630 540
1063 2593 1182 2641 pinnis
1200 2590 1431 2629 Censorinus
1450 2602 1647 2640 pennarum
1662 2590 1795 2627 Cicero
1852 2627 1854 2629 .

358 2652 521 2700 contegit
540 2652 631 2688 libri
652 2651 850 2688 Censorini
868 2650 1022 2699 contigit
1043 2649 1243 2686 Censorini
1262 2649 1319 2685 ed.
1343 2649 1689 2694 Hauercampiana
1710 2658 1796 2684 con-

276 2715 402 2757 tegens
432 2709 606 2756 Scaliqer
729 2706 808 2744 541
840 2706 993 2743 eundem
1015 2707 1150 2743 Bamb.
1262 2709 1298 2741 et
1328 2704 1502 2754 captando
1533 2704 1579 2740 W
1606 2704 1795 2751 captando,

275 2778 344 2802 om.
373 2771 426 2811 et,
451 2765 616 2801 Bothius
637 2763 660 2800 2
778 2762 858 2801 542
889 2765 918 2799 si
950 2763 1191 2809 Scriuerius,
1215 2774 1284 2799 om.
1306 2762 1397 2798 libri
1489 2759 1569 2797 544
1591 2761 1678 2796 trito
1699 2761 1794 2797 Par.

360 2821 439 2858 547
462 2833 519 2869 sq.
542 2822 640 2858 Dedi
659 2831 797 2858 uersus
824 2821 1032 2857 secundum
1063 2818 1342 2856 Her-mannum.
1373 2817 1661 2866 ingemiscimus,
1693 2815 1796 2860 Quod

276 2878 360 2914 haec
391 2880 611 2926 pennigero,
644 2889 714 2913 non
746 2890 775 2914 a.
809 2878 844 2913 in
874 2888 903 2913 c.
927 2875 1166 2913 Exerceamur
1197 2875 1287 2923 tela,
1318 2875 1454 2920 abiecta
1484 2873 1598 2923 gloria
1621 2873 1797 2922 Scaliyer
