1942 3204
212 175 263 216 78
659 197 665 201 -
818 179 865 211 M.
893 178 1132 214 PAcvvlvs

889 281 953 325 VI
986 280 1053 340 (2)

243 359 295 399 10
327 358 539 401 Frendere
572 362 737 415 noctes,
769 357 925 401 misera
957 375 1062 415 quas
1093 362 1294 416 perpessa
1326 376 1420 420 sum

878 436 966 479 VH
998 436 1064 495 (3)

329 548 336 556 .
368 514 514 569 fruges
546 513 698 556 frendo
733 515 823 556 sola
856 515 946 556 saxi
977 515 1142 557 robore.

864 591 973 634 VIII
1005 590 1072 650 (7)

328 702 625 710 ........
659 670 722 711 sol
755 670 791 711 si
822 670 1028 724 perpetuo
1062 670 1159 725 siet,

325 745 544 788 Flammeo
577 747 737 802 uap6re
768 748 937 789 torrens
967 748 1107 790 terrae
1138 747 1275 789 fetum
1307 748 1531 806 exusserit:

325 821 455 865 Nocti
486 823 532 864 ni
563 824 841 880 interueniat‚
871 825 1038 866 fructus
1070 826 1145 880 per
1177 825 1376 880 pruinam
1408 823 1687 881 obriguerint.

241 978 293 1020 15
325 976 708 1034 Minitabiliterque
741 977 962 1035 increpare
994 978 1119 1021 dietis
1151 979 1290 1022 saeuis
1322 977 1485 1035 incipit.

327 1132 485 1176 Nonne
517 1131 619 1176 hinc
651 1149 729 1176 uos
759 1149 940 1190 propere
973 1150 997 1176 a
1030 1135 1209 1186 stabulis
1242 1132 1510 1177 amolimini?

211 1240 331 1282 gulari
362 1251 509 1274 numero
540 1241 704 1284 uigiliam
738 1241 967 1283 significare’
994 1238 1139 1283 (uolunt
1170 1241 1434 1285 grammatici),
1468 1244 1530 1274 ‘ut
1552 1241 1736 1274 Pacuuius

206 1287 244 1318 in
272 1287 434 1329 Antiopa
459 1286 552 1319 dixit
581 1289 679 1320 ...’-
751 1287 810 1321 VI.
836 1286 905 1320 VII
929 1287 1020 1320 Non.
1045 1287 1124 1330 447,
1152 1289 1192 1320 16
1224 1284 1455 1320 ‘frendere
1487 1286 1624 1319 alicubi
1655 1297 1735 1319 cum

211 1332 352 1373 gemitu
376 1331 439 1364 uel
470 1331 664 1364 iracundia
695 1332 865 1364 miserum
898 1335 962 1364 aut
985 1332 1109 1365 minax
1139 1344 1269 1366 sonare
1369 1332 1554 1364 Pacuuius
1576 1332 1736 1375 Antiopa

211 1375 297 1420 [VI]
324 1376 477 1410 Plautus
501 1402 508 1408 .
524 1402 531 1409 .
546 1401 554 1410 .
576 1377 761 1410 Pacuuius
785 1377 970 1420 Anthiopa
996 1375 1116 1421 [V11]’
1208 1378 1296 1411 VIII
1320 1379 1436 1411 Varro
1463 1377 1508 1409 de
1533 1387 1571 1410 re
1597 1377 1736 1410 rustica

211 1422 229 1454 I
253 1424 286 1463 2,
311 1424 331 1455 5
358 1425 424 1455 ‘en
450 1423 524 1455 ibi’
551 1422 615 1463 (sc.
642 1423 680 1455 in
703 1422 912 1465 regionibus
938 1422 1304 1465 septentrionalibus)
1331 1426 1391 1454 ‘tu
1416 1423 1607 1465 quicquam
1632 1423 1737 1455 nasci

210 1471 318 1510 putas
351 1478 458 1510 posse
491 1471 556 1500 aut
586 1468 655 1500 coli
686 1470 836 1500 natum?
883 1468 1015 1500 Verum
1054 1469 1149 1501 enim
1187 1473 1243 1501 est
1278 1468 1368 1501 illud
1400 1468 1569 1500 Pacuuii:
1601 1467 1666 1500 sol
1697 1467 1734 1500 si

205 1516 434 1556 perpetuo
467 1513 544 1552 sit,
576 1516 652 1545 aut
682 1523 782 1555 nox,
818 1513 1022 1546 flammeo
1061 1524 1229 1557 uapore
1268 1517 1342 1546 aut
1380 1513 1553 1555 frigore
1589 1515 1734 1546 terrae

212 1558 393 1591 fructus
419 1568 568 1591 omnes
591 1558 813 1591 interire.'
856 1558 1042 1600 (Pacusi
1065 1559 1243 1592 Politiani
1267 1559 1350 1592 libri
1376 1558 1632 1591 flammineo
1656 1558 1736 1591 Ien-

212 1604 370 1636 soniana
394 1604 624 1636 Bruschiana
640 1603 884 1636 Bononiensis
900 1604 1098 1646 Regiensis
1115 1605 1196 1637 edd.
1258 1604 1429 1637 fructos
1453 1603 1629 1636 Politiani
1651 1602 1736 1636 libri

294 1649 431 1682 omnis
463 1648 708 1691 Bruschiana)
741 1648 841 1682 Idem
873 1649 917 1682 de
943 1649 967 1684 1.
994 1649 1016 1682 l.
1042 1649 1093 1683 VI
1117 1652 1138 1683 6
1162 1649 1210 1682 M.
1243 1653 1366 1693 ‘nox‚
1401 1648 1496 1692 quod
1525 1651 1566 1681 ut
1598 1648 1735 1682 Catu·

203 1694 293 1727 lus’
319 1693 559 1738 (Catullus
587 1694 695 1728 Goth.
722 1695 841 1727 Haun.
867 1694 1096 1727 Pacuuius
1121 1694 1304 1738 Scaliger)
1331 1696 1424 1734 ‘ait,
1452 1694 1615 1736 omnia,
1641 1693 1736 1726 nisi

203 1741 490 1772 interueniat
521 1739 604 1781 sol,
637 1740 796 1782 pruina
826 1740 1130 1783 obriguerint,
1168 1740 1263 1783 quod
1293 1743 1418 1781 nocet,
1449 1742 1544 1772 nox)
1599 1740 1734 1773 Festus

154 1781 163 1785 ’
202 1796 236 1828 p.
261 1786 326 1818 352
352 1786 400 1818 M.
434 1787 636 1817 ‘torrens
669 1785 956 1828 participialiter
986 1796 1051 1828 pro
1082 1796 1238 1819 exurens
1270 1786 1438 1829 ponitur,
1474 1787 1515 1817 ut
1547 1787 1604 1817 est
1636 1783 1734 1827 apud

202 1831 443 1863 Pacuuium
467 1831 510 1863 in
537 1830 732 1873 Antiopa
756 1828 850 1874 [131²
873 1831 1071 1864 Suetonius
1087 1834 1193 1874 prato
1219 1831 1315 1874 apud
1332 1830 1513 1864 Isidorum
1531 1829 1576 1862 de
1601 1833 1734 1862 natura

202 1886 321 1909 rerum
347 1887 429 1919 cap.
445 1877 490 1908 44
514 1887 548 1919 p.
566 1877 610 1908 74
635 1876 690 1909 ed.
715 1876 758 1910 G.
776 1876 920 1909 Becker
943 1875 1006 1918 (cf.
1035 1877 1199 1909 eiusdem
1223 1876 1329 1919 proll.
1354 1887 1388 1919 p.
1406 1875 1493 1908 XVI
1510 1885 1563 1917 sq.
1590 1878 1628 1907 et
1645 1875 1730 1908 Sue-

204 1922 286 1954 toni
315 1921 494 1963 reliquiae
529 1921 586 1955 ed.
617 1921 885 1954 Reifferscheid
917 1933 951 1964 p.
983 1921 1064 1963 244)
1098 1925 1298 1955 ‘torrens
1328 1921 1478 1962 fluuius,
1512 1921 1574 1963 qui
1607 1920 1735 1963 pluuia

204 1967 356 2008 crescit,
395 1966 565 1999 siccitate
598 1967 789 2007 torrescit,
819 1966 855 1998 id
891 1969 947 1998 est
973 1967 1124 2009 arescit,
1158 1967 1202 2000 de
1230 1977 1299 2010 quo
1323 1966 1549 2000 Pacuuius
1581 1964 1734 2009 (pacu-

203 2012 304 2044 bius
328 2011 455 2044 Bamb.
480 2011 753 2054 pacuuisius
779 2012 844 2044 ait
867 2011 975 2045 Bodl.
994 2012 1108 2045 Basil.
1136 2011 1163 2044 C
1188 2016 1227 2045 et
1250 2010 1316 2056 D):
1342 2011 1547 2044 flammeo
1571 2021 1733 2054 uapore

203 2060 380 2090 torrens
404 2059 574 2089 torret.’
621 2056 762 2089 Eadem
793 2056 906 2089 habet
935 2056 1096 2090 Isidorus
1128 2056 1229 2100 Orig.
1262 2057 1354 2091 XIII
1385 2058 1445 2098 21,
1480 2056 1551 2089 huc
1582 2055 1731 2089 rettulit

200 2101 392 2141 Areualus,
410 2112 478 2135 nec
496 2102 706 2144 refragatur
724 2101 764 2134 G.
782 2101 941 2134 Becker:
960 2102 1098 2135 frustra
1114 2102 1201 2135 olim
1218 2102 1396 2135 dissuasit
1413 2102 1537 2135 Herm.
1561 2102 1734 2144 Langen-

202 2149 329 2190 siepen
354 2157 445 2180 mus.
467 2147 584 2182 Rhen.
612 2147 641 2179 V
665 2148 743 2180 251.
791 2146 844 2179 IX
868 2147 957 2182 Non.
984 2149 1059 2188 139,
1087 2149 1130 2180 23
1155 2147 1504 2180 ‘minitabiliter
1528 2157 1591 2189 pro
1616 2147 1734 2179 mina-

317 2273 369 2311 10
399 2278 541 2310 noctem
573 2285 639 2310 ms.
669 2274 791 2310 Fabri
894 2274 1052 2310 miserias
1085 2284 1172 2322 quas
1202 2284 1270 2310 ms.
1302 2273 1427 2310 Fabri
1466 2274 1613 2309 miseras
1645 2283 1732 2321 quas

203 2331 260 2366 ed.
296 2329 404 2368 1480
434 2331 582 2378 misera,
615 2341 705 2379 quae
726 2330 889 2367 Bolhius
911 2329 934 2366 2
1022 2341 1102 2366 sum
1131 2329 1270 2367 Aldina
1300 2334 1386 2366 runt
1413 2340 1482 2367 ms.
1503 2329 1628 2366 Fabri
1653 2339 1732 2365 rum

203 2389 324 2423 ceteri
350 2387 440 2423 libri
583 2387 632 2423 11
666 2387 850 2424 Fortasse
880 2387 1127 2424 ditrochaeus
1156 2387 1205 2424 ab
1242 2389 1349 2424 initio
1383 2387 1500 2423 deest.
1607 2377 1732 2434 fruges

201 2443 339 2480 Aldina
370 2443 476 2492 fruge
506 2444 596 2481 libri
698 2443 775 2479 sola
804 2444 876 2479 saxi
914 2442 1046 2480 robore
1086 2443 1316 2481 Welclcerus
1354 2444 1380 2480 l.
1413 2444 1438 2479 l.
1469 2455 1508 2490 p.
1544 2442 1623 2480 817
1655 2441 1730 2477 sola

202 2534 314 2571 sacsic
343 2533 499 2582 probore
528 2535 637 2577 libri,
669 2536 744 2571 nisi
771 2535 874 2582 quod
901 2508 1054 2582 prob‘ire
1093 2534 1142 2571 W
1167 2533 1264 2570 solas
1299 2535 1373 2570 saxi
1403 2532 1533 2570 robore
1566 2533 1730 2570 Vossius.

202 2591 261 2627 An
292 2590 371 2627 solo
402 2602 432 2627 s.
466 2591 520 2626 in?
621 2596 727 2639 atque
758 2590 884 2639 fruges
914 2590 1040 2627 frende
1069 2602 1100 2627 s.
1131 2602 1162 2630 s.
1193 2601 1222 2626 r.
1255 2601 1377 2627 aereas
1406 2590 1579 2638 Unqerus
1607 2589 1730 2626 electt.

203 2649 288 2684 crit.
318 2659 359 2694 p.
396 2647 446 2685 13
479 2647 602 2696 fruges
633 2646 806 2683 srendebo
837 2647 882 2694 (s.
915 2647 1097 2695 frendeto)
1127 2646 1244 2683 solido
1274 2658 1304 2684 s.
1334 2658 1363 2682 r.
1394 2646 1438 2683 L.
1468 2646 1634 2683 Mueller
1663 2657 1732 2682 an-

201 2705 296 2741 nali.
314 2705 462 2751 pbiloll.
487 2703 594 2741 1867
612 2716 651 2751 p.
673 2702 752 2741 491
846 2703 896 2740 12
927 2704 997 2740 siet
1020 2703 1181 2741 Bolbius
1211 2704 1258 2740 sit
1291 2703 1413 2741 Varro
1503 2701 1554 2740 13
1586 2707 1729 2738 torrens

205 2765 318 2797 torret
346 2759 490 2798 Isidori
516 2761 607 2798 libri
631 2764 794 2808 utroque
820 2761 905 2798 loco
1019 2759 1069 2797 14
1100 2760 1296 2808 Scaliyero
1325 2760 1424 2796 duce
1456 2759 1734 2796 reconcinnam·

203 2819 240 2853 in
274 2817 377 2853 Coni.
404 2830 448 2864 p.
471 2817 493 2854 7
586 2817 636 2854 15
669 2827 738 2865 que
768 2816 979 2854 Mercerus
1011 2827 1100 2865 quac
1131 2818 1222 2854 libri
1305 2816 1422 2852 (licitis
1453 2816 1569 2852 secuis
1600 2815 1702 2852 Leid.

290 2873 339 2910 16
372 2885 389 2908 a
421 2875 481 2911 uel
513 2885 530 2909 e
563 2874 846 2920 Buechelerus,
881 2886 950 2910 om.
983 2874 1075 2910 libri
