1942 3204
281 219 365 262 278
545 259 569 291 ⁸
736 248 739 249 γ
931 184 1139 253 NAnvws

1011 335 1077 377 III

340 431 368 473 5
397 431 489 473 Rex
521 430 679 474 Veiens
710 431 854 486 regem
887 431 1046 472 salutat
1078 428 1191 472 V1'be
1223 428 1441 472 Albanum
1473 429 1694 472 Amulium

399 506 588 550 Comiter
630 508 775 549 senem
820 507 1068 562 sapientem.
1130 508 1281 550 c6ntra
1322 506 1564 549 redhostis?
1608 531 1662 537 -—
1706 505 1800 550 Min

1344 583 1508 626 salust?

1014 677 1078 721 IV

399 772 513 815 Cedo
546 771 622 827 qui
663 788 753 815 rem
791 775 981 815 uestram
1017 773 1233 828 publicam
1276 774 1443 816 tantam
1481 773 1684 816 amisistis
1714 774 1804 816 tam

1388 850 1503 893 cito‘?
1535 875 1589 881 —

398 925 716 981 Proueniebant
748 927 939 970 oratores
970 926 1120 983 nouei,
1151 927 1272 970 stulti
1304 927 1643 979 adulescentuli..

371 1055 427 1087 111
450 1055 587 1088 Festus
614 1066 648 1097 p.
674 1057 741 1089 270
764 1055 811 1088 Μ.
845 1056 1144 1096 ‘redhostire‚
1176 1057 1315 1089 referre
1347 1056 1515 1099 gratiam.
1568 1057 1737 1091 Nauius
1766 1058 1805 1090 in

278 1101 418 1142 Lupo:
450 1099 511 1133 uel
543 1100 702 1133 Veiens’
729 1111 761 1134 e.
788 1111 821 1143 q.
849 1111 878 1134 s.
927 1101 1145 1142 (Naeuius
1176 1102 1220 1134 in
1251 1101 1374 1134 Ludo
1405 1100 1585 1143 Scaliger.
1631 1102 1804 1136 Nouius

279 1145 322 1176 in
349 1146 473 1187 ano
503 1144 759 1188 Augustinus.)
809 1145 864 1179 De
895 1148 1024 1188 togata
1056 1147 1238 1189 cogitauit
1267 1146 1471 1180 Grauertus
1501 1146 1633 1180 Philol.
1659 1148 1696 1181 11
1721 1149 1804 1181 129:

280 1192 511 1232 praetextam
542 1200 622 1223 esse
653 1200 722 1223 nec
753 1191 938 1225 diuersam
962 1201 985 1224 a
1008 1191 1162 1226 Romulo
1187 1191 1274 1224 olim
1298 1192 1336 1224 in
1370 1202 1460 1225 com.
1483 1195 1580 1234 poet.
1607 1191 1671 1225 rel.
1697 1203 1734 1235 p.
1762 1194 1804 1225 14

279 1238 316 1266 et
341 1235 379 1266 in
403 1235 519 1277 praef.
547 1246 581 1278 p.
598 1235 631 1267 X
657 1236 865 1280 suspicatus
892 1246 980 1271 sum.
1072 1236 1123 1269 1V
1148 1236 1276 1270 Cicero
1302 1236 1385 1270 Cat.
1410 1237 1494 1270 mai.
1519 1238 1551 1277 7,
1570 1239 1614 1270 20
1639 1237 1749 1280 ‘quod
1773 1238 1805 1272 si

278 1279 402 1321 legere
428 1283 494 1312 aut
518 1280 646 1313 audire
671 1280 806 1313 uoletis
832 1284 1003 1322 externa,
1035 1282 1211 1315 maximas
1236 1292 1295 1315 res
1319 1281 1488 1324 publicas
1514 1282 1559 1315 ab
1586 1282 1804 1315 adulescen-

278 1325 376 1357 tibus
401 1324 669 1364 labefactatas,
697 1336 719 1358 a
743 1326 892 1359 senibus
919 1328 1150 1359 sustentatas
1174 1329 1211 1359 et
1235 1327 1426 1359 restitutas
1451 1327 1653 1369 reperietis.
1693 1327 1804 1361 cedo

369 1369 486 1403 cito?
527 1371 581 1403 sic
606 1371 700 1403 enim
724 1371 1028 1414 percontantibus
1058 1373 1103 1405 in
1127 1371 1298 1404 Naeuii
1323 1375 1485 1414 poetae
1511 1373 1633 1415 Lupo
1658 1383 1805 1415 respon-

278 1415 410 1447 dentur
442 1418 479 1447 et
511 1415 585 1447 alia
618 1419 654 1448 et
684 1416 753 1449 hoc
777 1416 815 1449 in
847 1416 990 1459 primis:
1021 1416 1380 1459 proueniebant'
1416 1428 1445 1450 e.
1473 1427 1507 1459 q.
1533 1427 1560 1451 s.
1609 1428 1804 1460 percon-

224 1457 234 1463 *
278 1460 476 1493 tantibus
501 1460 745 1494 Mommsenus
769 1461 807 1493 in
831 1462 960 1494 relatis
984 1464 1133 1495 menstr.
1160 1461 1266 1495 acad.
1291 1462 1412 1494 Berol.
1441 1463 1527 1495 1863
1550 1472 1596 1498 m.
1621 1462 1803 1502 Ianuarii.

277 1507 608 1547 percontantur
631 1508 678 1538 ut
698 1506 801 1539 Leid.
828 1509 1162 1549 percontantur
1185 1509 1232 1539 ut
1257 1509 1326 1540 est
1351 1507 1465 1539 ceteri
1489 1506 1584 1541 libri.
1640 1545 1643 1548 Δ
1677 1507 1804 1541 neuii

278 1549 416 1584 Erfurt.
450 1550 569 1584 Paris.
594 1550 787 1594 Rhenaug.
814 1550 910 1584 alter
1002 1549 1181 1595 poetae]
1214 1551 1462 1594 posteriori
1494 1552 1613 1587 Paris.
1655 1555 1803 1595 poste-

278 1596 400 1627 riore
427 1595 566 1628 Erfurt.
592 1595 783 1639 Rhenaug.
810 1596 906 1629 alter
995 1597 1116 1640 Lupo
1141 1597 1284 1639 scripsi.
1322 1597 1439 1630 libro
1463 1597 1685 1638 Erf.‚Paris.
1709 1597 1804 1631 Rhe-
1836 1599 1839 1603 ’

280 1649 393 1681 naug.
421 1640 518 1672 alter
542 1644 639 1674 teste
665 1642 811 1674 Baitero
837 1641 942 1674 ludo
966 1642 1206 1678 Benedictob.
1230 1641 1395 1675 Indersd.
1413 1641 1518 1675 Leid.
1535 1642 1725 1685 Rhenaug.
1751 1654 1803 1686 pr.
1841 1667 1846 1671 -

283 1684 483 1727 Salisburg.
530 1685 610 1718 Nisi
634 1686 752 1728 ipsum
777 1687 901 1719 horum
928 1697 1098 1720 uersuum
1125 1690 1376 1730 argumentum
1403 1690 1461 1720 sat
1485 1690 1612 1730 aperte
1637 1691 1805 1731 praetex-

283 1732 358 1761 tam
385 1730 547 1762 fabulam
572 1731 760 1770 indicaret,
785 1731 966 1774 palliatae
990 1732 1122 1765 titulus
1143 1732 1291 1766 Ludus
1314 1733 1612 1775 interpretandus
1636 1734 1804 1766 nimirum

279 1777 374 1808 esset
399 1775 552 1817 Lydus.

391 1942 415 1978 5
447 1953 508 1978 rex
531 1942 658 1978 Veiens
680 1945 823 1990 scripsi
852 1943 910 1979 uel
942 1943 1066 1979 ueiens
1098 1945 1180 1979 cod.
1214 1943 1272 1980 ubi
1294 1944 1419 1980 Veiens
1442 1944 1619 1992 Scaliyer
1647 1945 1804 1982 Veientis

287 1999 479 2035 Vsenerus
509 2000 585 2034 ind.
615 2001 719 2036 lectt.
752 1999 966 2047 Grypkism.
1000 2004 1096 2036 aest.
1120 1999 1226 2037 1866
1245 2012 1286 2047 p.
1312 1999 1362 2036 12
1465 2000 1595 2036 salutat
1626 2001 1804 2050 Scaliyer

277 2054 408 2090 saltant
429 2055 511 2091 cod.
534 2055 674 2091 saluere
708 2056 868 2093 Vrsinus
957 2054 1040 2091 Vibe
1070 2058 1132 2093 uel
1154 2056 1236 2092 viba
1261 2057 1526 2093 Buechelerus
1547 2056 1607 2103 (de
1628 2058 1801 2095 Etrusca

277 2113 438 2147 nominis
464 2111 594 2157 forma
622 2112 674 2158 cf.
700 2112 740 2148 0.
764 2111 946 2149 Mueller-i
965 2113 1122 2149 Etrusc.
1144 2112 1190 2149 ΙΙ
1208 2111 1304 2159 424)
1336 2111 1438 2148 uibae
1460 2113 1544 2149 cod.
1576 2113 1683 2149 iubeo
1706 2114 1801 2151 Sca-

274 2169 371 2215 liyer
400 2166 498 2203 iubet
531 2167 701 2204 Vrsinus.
754 2168 839 2205 Non
869 2171 1025 2206 multum
1055 2165 1307 2206 absit''rebris
1338 2179 1493 2206 nomen:
1524 2169 1577 2216 cf.
1615 2170 1736 2207 Varro
1757 2172 1804 2208 de

270 2216 301 2260 l.
322 2225 348 2260 l.
382 2224 411 2260 V
431 2223 485 2260 30
506 2223 559 2260 M.
651 2224 829 2260 Amulium
852 2225 1028 2273 Scaliyer
1055 2224 1204 2261 mulium
1228 2227 1309 2262 cod.
1400 2225 1423 2262 6
1454 2226 1606 2261 comiter
1627 2226 1803 2275 Scaliyer

276 2279 444 2316 comitem
473 2280 557 2316 cod.
680 2280 859 2317 redhostit
891 2281 1064 2330 Scaliyer
1104 2307 1113 2312 .
1188 2281 1346 2318 Videtur
1382 2279 1563 2318 redhostis
1601 2285 1803 2320 recitatum

275 2336 403 2383 fuisse
490 2336 562 2371 min
594 2336 730 2372 salust?
761 2340 906 2384 scripsi
933 2337 1109 2374 menalust
1139 2339 1220 2374 cod.
1243 2338 1399 2374 Menalus
1422 2337 1596 2385 Scaliqer
1687 2339 1710 2376 7
1741 2350 1803 2379 ue-

278 2397 387 2427 stram
419 2402 494 2427 rem
523 2393 630 2438 libri,
665 2396 890 2440 transposui
972 2392 1060 2430 cedo
1089 2404 1162 2429 rem
1184 2393 1359 2442 publicam
1392 2393 1451 2441 qui
1485 2399 1639 2431 uestram
1671 2400 1801 2431 tantam

278 2448 414 2484 anlistis
454 2452 523 2483 tam
561 2449 633 2484 cito
664 2449 839 2498 Koechly
874 2451 1029 2487 miscell.
1067 2450 1204 2486 Dresd.
1245 2450 1500 2497 (Vermisclzte
1537 2450 1702 2493 Bliitter.
1728 2463 1802 2488 zur

283 2504 672 2551 Gymnasz'alreform)
706 2504 812 2543 1847
833 2518 872 2552 p.
898 2506 976 2543 105
1008 2505 1096 2542 cedo
1119 2511 1273 2542 uestram
1294 2517 1366 2543 rem
1396 2517 1432 2554 p.
1464 2510 1597 2543 tantam
1627 2505 1700 2557 qui‘
1718 2509 1801 2544 ami-

279 2560 344 2596 stis
376 2564 446 2596 tam
479 2571 510 2596 e.
538 2561 742 2607 Kayser—us
779 2560 865 2598 cedo
905 2562 965 2610 qui
996 2567 1151 2598 uestram
1182 2561 1360 2614 publicam
1398 2573 1471 2598 rem
1506 2567 1635 2599 tantam
1666 2564 1801 2600 amistis

275 2622 300 2652 t.
336 2627 367 2652 c.
389 2615 669 2653 Buechelerus.
715 2618 825 2654 Inter
849 2620 1022 2664 priorem
1052 2622 1089 2654 et
1119 2620 1282 2655 allorum
1313 2629 1467 2655 uersum
1497 2621 1684 2667 quaedam
1708 2631 1795 2666 pos-

274 2677 361 2708 sunt
391 2675 618 2719 interposita
636 2673 776 2720 fuisse.
883 2674 907 2711 8
934 2674 1195 2722 proueuientur
1223 2673 1280 2720 (ur
1307 2673 1395 2722 del.)
1417 2675 1544 2712 Paris.
1614 2691 1615 2695 ¹
1646 2676 1736 2712 'noui
1764 2682 1800 2712 et

274 2729 403 2765 Paris.
427 2728 583 2776 Erfurt.
615 2730 702 2765 noui
733 2733 854 2767 ceteri
936 2730 1025 2767 cedo
1046 2729 1113 2774 Qui
1144 2735 1180 2768 et
1200 2728 1462 2767 Proueniehant
1493 2741 1526 2766 ο.
1558 2726 1668 2778 noui,
1699 2727 1800 2768 stulti

275 2784 330 2821 ad.
362 2786 598 2822 commendat
620 2785 741 2823 CFW
758 2786 925 2824 Mueller
953 2788 1108 2833 prosod.
1139 2787 1265 2824 Plaut.
1294 2798 1335 2833 p.
1365 2786 1458 2825 204.
1491 2786 1585 2823 612.
1635 2788 1810 2825 Durius:

275 2842 380 2877 culos
410 2851 588 2879 numeros
619 2843 836 2879 tolerandos
864 2853 949 2879 esse
975 2845 1116 2890 putaui
1124 2860 1133 2879 .·
1172 2845 1316 2890 alioqui
1348 2846 1508 2890 praesto
1540 2848 1655 2880 erant
1685 2844 1799 2881 talia.-

274 2897 361 2932 noui
391 2895 654 2945 proueniebant
683 2896 866 2943 oratores,
898 2898 1019 2936 stultis
1050 2898 1329 2944 adulescentuli3
1362 2899 1414 2946 cf.
1439 2905 1539 2947 traq.
1566 2898 1617 2936 64
1639 2909 1692 2945 sq.
