<?xml version="1.0" encoding="UTF-8"?>
<!DOCTYPE html PUBLIC "-//W3C//DTD XHTML 1.0 Transitional//EN"
    "http://www.w3.org/TR/xhtml1/DTD/xhtml1-transitional.dtd">
<html xmlns="http://www.w3.org/1999/xhtml" xml:lang="en" lang="en">
 <head>
  <title>
</title>
<meta http-equiv="Content-Type" content="text/html;charset=utf-8" />
  <meta name='ocr-system' content='tesseract 3.04.00' />
  <meta name='ocr-capabilities' content='ocr_page ocr_carea ocr_par ocr_line ocrx_word'/>
</head>
<body>
  <div class='ocr_page' id='page_1' title='image "./romanorumpoes01ribbuoft_0196.png"; bbox 0 0 1942 3204; ppageno 0'>
   <div class='ocr_carea' id='block_1_1' title="bbox 238 166 1159 207">
    <p class='ocr_par' dir='ltr' id='par_1_1' title="bbox 238 166 1159 207">
     <span class='ocr_line' id='line_1_1' title="bbox 238 166 1159 207; baseline -0.008 0"><span class='ocrx_word' id='word_1_1' title='bbox 238 166 317 207; x_wconf 78' lang='lat'><em>112</em></span> <span class='ocrx_word' id='word_1_2' title='bbox 848 170 896 202; x_wconf 87' lang='grc' dir='ltr'><em>Μ.</em></span> <span class='ocrx_word' id='word_1_3' title='bbox 921 168 1159 203; x_wconf 79' lang='lat' dir='ltr'>PACVVIVS</span> 
     </span>
    </p>
   </div>
   <div class='ocr_carea' id='block_1_2' title="bbox 352 269 1760 621">
    <p class='ocr_par' dir='ltr' id='par_1_2' title="bbox 352 269 1760 621">
     <span class='ocr_line' id='line_1_2' title="bbox 902 269 1097 328; baseline 0 -15"><span class='ocrx_word' id='word_1_4' title='bbox 902 271 967 313; x_wconf 92' lang='lat' dir='ltr'><em>III</em></span> <span class='ocrx_word' id='word_1_5' title='bbox 1001 269 1097 328; x_wconf 84' lang='lat'>(19)</span> 
     </span>
     <span class='ocr_line' id='line_1_3' title="bbox 352 347 1379 405; baseline -0.001 -15"><span class='ocrx_word' id='word_1_6' title='bbox 352 347 484 403; x_wconf 75' lang='lat' dir='ltr'><em>Lapft</em></span> <span class='ocrx_word' id='word_1_7' title='bbox 516 364 588 391; x_wconf 89' lang='lat' dir='ltr'><em>cor</em></span> <span class='ocrx_word' id='word_1_8' title='bbox 621 365 740 405; x_wconf 82' lang='lat' dir='ltr'><em>cura,</em></span> <span class='ocrx_word' id='word_1_9' title='bbox 773 352 977 390; x_wconf 68' lang='lat' dir='ltr'><em>aerumna</em></span> <span class='ocrx_word' id='word_1_10' title='bbox 1009 353 1163 403; x_wconf 84' lang='lat' dir='ltr'><em>corpus</em></span> <span class='ocrx_word' id='word_1_11' title='bbox 1196 347 1379 389; x_wconf 72' lang='lat' dir='ltr'><em>c6nfieit.</em></span> 
     </span>
     <span class='ocr_line' id='line_1_4' title="bbox 901 423 1080 482; baseline -0.011 -14"><span class='ocrx_word' id='word_1_12' title='bbox 901 424 977 468; x_wconf 67' lang='lat' dir='ltr'><em>:IV</em></span> <span class='ocrx_word' id='word_1_13' title='bbox 1013 423 1080 482; x_wconf 83' lang='lat'><em>(4)</em></span> 
     </span>
     <span class='ocr_line' id='line_1_5' title="bbox 352 498 1760 560; baseline 0 -16"><span class='ocrx_word' id='word_1_14' title='bbox 352 502 510 545; x_wconf 82' lang='lat' dir='ltr'><em>Parum</em></span> <span class='ocrx_word' id='word_1_15' title='bbox 551 506 634 560; x_wconf 72' lang='lat' dir='ltr'><em>est,</em></span> <span class='ocrx_word' id='word_1_16' title='bbox 672 504 785 559; x_wconf 86' lang='lat' dir='ltr'><em>quod</em></span> <span class='ocrx_word' id='word_1_17' title='bbox 823 506 865 545; x_wconf 78' lang='lat' dir='ltr'><em>te</em></span> <span class='ocrx_word' id='word_1_18' title='bbox 905 505 1022 544; x_wconf 78' lang='lat' dir='ltr'><em>aetas</em></span> <span class='ocrx_word' id='word_1_19' title='bbox 1053 498 1171 559; x_wconf 68' lang='lat' dir='ltr'><em>{maile</em></span> <span class='ocrx_word' id='word_1_20' title='bbox 1207 501 1356 557; x_wconf 76' lang='lat' dir='ltr'><em>habet,</em></span> <span class='ocrx_word' id='word_1_21' title='bbox 1398 501 1444 543; x_wconf 89' lang='lat' dir='ltr'><em>ni</em></span> <span class='ocrx_word' id='word_1_22' title='bbox 1481 501 1609 558; x_wconf 71' lang='lat' dir='ltr'><em>etiam</em></span> <span class='ocrx_word' id='word_1_23' title='bbox 1645 502 1760 544; x_wconf 87' lang='lat' dir='ltr'><em>hunc</em></span> 
     </span>
     <span class='ocr_line' id='line_1_6' title="bbox 1085 579 1328 621; baseline -0.004 0"><span class='ocrx_word' id='word_1_24' title='bbox 1085 579 1138 621; x_wconf 65' lang='lat' dir='ltr'><em>aid</em></span> <span class='ocrx_word' id='word_1_25' title='bbox 1170 579 1328 620; x_wconf 80' lang='lat' dir='ltr'><em>malam</em></span> 
     </span>
    </p>
   </div>
   <div class='ocr_carea' id='block_1_3' title="bbox 351 654 1350 713">
    <p class='ocr_par' dir='ltr' id='par_1_3' title="bbox 351 654 1350 713">
     <span class='ocr_line' id='line_1_7' title="bbox 351 654 1350 713; baseline -0.002 -15"><span class='ocrx_word' id='word_1_26' title='bbox 351 656 553 700; x_wconf 61' lang='lat' dir='ltr'><em>Aetatem</em></span> <span class='ocrx_word' id='word_1_27' title='bbox 588 658 798 713; x_wconf 81' lang='lat' dir='ltr'><em>adiungas</em></span> <span class='ocrx_word' id='word_1_28' title='bbox 831 658 1066 699; x_wconf 65' lang='lat' dir='ltr'><em>cruciatum</em></span> <span class='ocrx_word' id='word_1_29' title='bbox 1096 654 1350 698; x_wconf 72' lang='lat' dir='ltr'><em>reticentia?</em></span> 
     </span>
    </p>
   </div>
   <div class='ocr_carea' id='block_1_4' title="bbox 233 731 1754 1254">
    <p class='ocr_par' dir='ltr' id='par_1_4' title="bbox 233 731 1754 1254">
     <span class='ocr_line' id='line_1_8' title="bbox 890 731 1079 791; baseline 0.005 -2"><span class='ocrx_word' id='word_1_30' title='bbox 890 735 949 789; x_wconf 62' lang='lat' dir='ltr'><em>{V</em></span> <span class='ocrx_word' id='word_1_31' title='bbox 982 731 1079 791; x_wconf 83' lang='lat'>(14)</span> 
     </span>
     <span class='ocr_line' id='line_1_9' title="bbox 234 781 1599 882; baseline -0.004 -26"><span class='ocrx_word' id='word_1_32' title='bbox 234 781 321 882; x_wconf 58' lang='lat' dir='ltr'><em>{gg</em></span> <span class='ocrx_word' id='word_1_33' title='bbox 353 811 501 854; x_wconf 61' lang='lat' dir='ltr'><em>Patior</em></span> <span class='ocrx_word' id='word_1_34' title='bbox 532 812 658 853; x_wconf 84' lang='lat' dir='ltr'><em>facile</em></span> <span class='ocrx_word' id='word_1_35' title='bbox 690 812 909 868; x_wconf 66' lang='lat' dir='ltr'><em>iniuriam,</em></span> <span class='ocrx_word' id='word_1_36' title='bbox 941 812 977 853; x_wconf 83' lang='lat' dir='ltr'><em>si</em></span> <span class='ocrx_word' id='word_1_37' title='bbox 1009 813 1074 853; x_wconf 76' lang='lat' dir='ltr'><em>est</em></span> <span class='ocrx_word' id='word_1_38' title='bbox 1103 811 1241 852; x_wconf 58' lang='lat' dir='ltr'><em>uacua</em></span> <span class='ocrx_word' id='word_1_39' title='bbox 1272 824 1297 850; x_wconf 80' lang='lat' dir='ltr'><em>a</em></span> <span class='ocrx_word' id='word_1_40' title='bbox 1330 810 1599 851; x_wconf 64' lang='lat' dir='ltr'><em>contumelia.</em></span> 
     </span>
     <span class='ocr_line' id='line_1_10' title="bbox 898 886 1092 945; baseline -0.015 -14"><span class='ocrx_word' id='word_1_41' title='bbox 898 887 963 931; x_wconf 92' lang='lat' dir='ltr'><em>VI</em></span> <span class='ocrx_word' id='word_1_42' title='bbox 995 886 1092 945; x_wconf 82' lang='lat'>(24)</span> 
     </span>
     <span class='ocr_line' id='line_1_11' title="bbox 233 935 1754 1037; baseline -0.007 -27"><span class='ocrx_word' id='word_1_43' title='bbox 233 935 320 1037; x_wconf 52' lang='lat' dir='ltr'><em>{g}</em></span> <span class='ocrx_word' id='word_1_44' title='bbox 351 964 492 1023; x_wconf 82' lang='lat' dir='ltr'><em>Mane,</em></span> <span class='ocrx_word' id='word_1_45' title='bbox 512 966 736 1021; x_wconf 76' lang='lat' dir='ltr'><em>expediboz</em></span> <span class='ocrx_word' id='word_1_46' title='bbox 768 966 836 1007; x_wconf 60' lang='lat' dir='ltr'><em>faie</em></span> <span class='ocrx_word' id='word_1_47' title='bbox 855 968 903 1007; x_wconf 76' lang='lat' dir='ltr'><em>tu</em></span> <span class='ocrx_word' id='word_1_48' title='bbox 924 967 1075 1007; x_wconf 61' lang='lat' dir='ltr'><em>conira</em></span> <span class='ocrx_word' id='word_1_49' title='bbox 1094 963 1204 1006; x_wconf 75' lang='lat' dir='ltr'><em>mihi</em></span> <span class='ocrx_word' id='word_1_50' title='bbox 1224 964 1337 1019; x_wconf 89' lang='lat' dir='ltr'><em>quod</em></span> <span class='ocrx_word' id='word_1_51' title='bbox 1356 977 1462 1019; x_wconf 87' lang='lat' dir='ltr'><em>rogo</em></span> <span class='ocrx_word' id='word_1_52' title='bbox 1483 964 1754 1019; x_wconf 79' lang='lat' dir='ltr'><em>resp6ndeas,</em></span> 
     </span>
     <span class='ocr_line' id='line_1_12' title="bbox 886 1040 1102 1099; baseline -0.009 -13"><span class='ocrx_word' id='word_1_53' title='bbox 886 1042 973 1086; x_wconf 93' lang='lat' dir='ltr'><em>VII</em></span> <span class='ocrx_word' id='word_1_54' title='bbox 1005 1040 1102 1099; x_wconf 88' lang='grc'><em>(26)</em></span> 
     </span>
     <span class='ocr_line' id='line_1_13' title="bbox 352 1108 1571 1176; baseline -0.006 -10"><span class='ocrx_word' id='word_1_55' title='bbox 352 1119 509 1175; x_wconf 74' lang='lat' dir='ltr'><em>Gnate,</em></span> <span class='ocrx_word' id='word_1_56' title='bbox 541 1121 733 1162; x_wconf 83' lang='lat' dir='ltr'><em>6rdinen1</em></span> <span class='ocrx_word' id='word_1_57' title='bbox 766 1134 955 1176; x_wconf 86' lang='lat' dir='ltr'><em>omnem,</em></span> <span class='ocrx_word' id='word_1_58' title='bbox 985 1122 1035 1162; x_wconf 75' lang='lat' dir='ltr'><em>ut</em></span> <span class='ocrx_word' id='word_1_59' title='bbox 1066 1119 1247 1174; x_wconf 64' lang='lat' dir='ltr'><em>dederit,</em></span> <span class='ocrx_word' id='word_1_60' title='bbox 1279 1118 1416 1160; x_wconf 66' lang='lat' dir='ltr'><em>enoda,</em></span> <span class='ocrx_word' id='word_1_61' title='bbox 1447 1108 1571 1173; x_wconf 66' lang='lat' dir='ltr'><em>pa‘cfi.</em></span> 
     </span>
     <span class='ocr_line' id='line_1_14' title="bbox 887 1195 1095 1254; baseline -0.014 -14"><span class='ocrx_word' id='word_1_62' title='bbox 887 1196 995 1240; x_wconf 93' lang='lat' dir='ltr'><strong>VIII</strong></span> <span class='ocrx_word' id='word_1_63' title='bbox 1027 1195 1095 1254; x_wconf 82' lang='lat'><em>(8)</em></span> 
     </span>
    </p>
   </div>
   <div class='ocr_carea' id='block_1_5' title="bbox 356 1273 1504 1331">
    <p class='ocr_par' dir='ltr' id='par_1_5' title="bbox 356 1273 1504 1331">
     <span class='ocr_line' id='line_1_15' title="bbox 356 1273 1504 1331; baseline -0.002 -15"><span class='ocrx_word' id='word_1_64' title='bbox 356 1273 660 1331; x_wconf 71' lang='lat' dir='ltr'><em>Consternare,</em></span> <span class='ocrx_word' id='word_1_65' title='bbox 693 1275 851 1330; x_wconf 84' lang='lat' dir='ltr'><em>anime,</em></span> <span class='ocrx_word' id='word_1_66' title='bbox 882 1288 933 1316; x_wconf 84' lang='lat' dir='ltr'><em>ex</em></span> <span class='ocrx_word' id='word_1_67' title='bbox 964 1275 1136 1329; x_wconf 71' lang='lat' dir='ltr'><em>pectore</em></span> <span class='ocrx_word' id='word_1_68' title='bbox 1168 1273 1276 1316; x_wconf 82' lang='lat' dir='ltr'><em>aude</em></span> <span class='ocrx_word' id='word_1_69' title='bbox 1308 1274 1504 1315; x_wconf 78' lang='lat' dir='ltr'><em>euoluere</em></span> 
     </span>
    </p>
   </div>
   <div class='ocr_carea' id='block_1_6' title="bbox 231 1379 1758 1603">
    <p class='ocr_par' dir='ltr' id='par_1_6' title="bbox 231 1379 1758 1603">
     <span class='ocr_line' id='line_1_16' title="bbox 327 1379 1757 1424; baseline -0.002 -10"><span class='ocrx_word' id='word_1_70' title='bbox 327 1382 382 1414; x_wconf 95' lang='lat' dir='ltr'><em>III</em></span> <span class='ocrx_word' id='word_1_71' title='bbox 406 1382 498 1414; x_wconf 89' lang='lat' dir='ltr'><em>Non.</em></span> <span class='ocrx_word' id='word_1_72' title='bbox 515 1383 569 1418; x_wconf 81' lang='lat'><em>23,</em></span> <span class='ocrx_word' id='word_1_73' title='bbox 587 1383 608 1414; x_wconf 88' lang='grc'><strong>8</strong></span> <span class='ocrx_word' id='word_1_74' title='bbox 634 1381 771 1424; x_wconf 77' lang='lat' dir='ltr'><em>‘lapit</em></span> <span class='ocrx_word' id='word_1_75' title='bbox 797 1379 981 1423; x_wconf 81' lang='lat' dir='ltr'><em>significat</em></span> <span class='ocrx_word' id='word_1_76' title='bbox 1004 1380 1240 1413; x_wconf 81' lang='lat' dir='ltr'><em>obdurefacit</em></span> <span class='ocrx_word' id='word_1_77' title='bbox 1266 1383 1303 1412; x_wconf 82' lang='lat' dir='ltr'><em>et</em></span> <span class='ocrx_word' id='word_1_78' title='bbox 1327 1379 1489 1422; x_wconf 83' lang='lat' dir='ltr'><strong>lapidem</strong></span> <span class='ocrx_word' id='word_1_79' title='bbox 1516 1379 1635 1412; x_wconf 76' lang='lat' dir='ltr'><em>facit.’</em></span> <span class='ocrx_word' id='word_1_80' title='bbox 1708 1379 1757 1411; x_wconf 94' lang='lat' dir='ltr'><em>IV</em></span> 
     </span>
     <span class='ocr_line' id='line_1_17' title="bbox 235 1424 1757 1468; baseline -0.002 -9"><span class='ocrx_word' id='word_1_81' title='bbox 235 1427 326 1459; x_wconf 91' lang='lat' dir='ltr'><em>Non.</em></span> <span class='ocrx_word' id='word_1_82' title='bbox 355 1429 393 1468; x_wconf 89' lang='lat'><em>1,</em></span> <span class='ocrx_word' id='word_1_83' title='bbox 419 1429 460 1460; x_wconf 89' lang='lat'><em>31</em></span> <span class='ocrx_word' id='word_1_84' title='bbox 488 1429 705 1459; x_wconf 83' lang='lat' dir='ltr'><em>‘aetatem</em></span> <span class='ocrx_word' id='word_1_85' title='bbox 731 1426 886 1458; x_wconf 84' lang='lat' dir='ltr'><em>malam</em></span> <span class='ocrx_word' id='word_1_86' title='bbox 912 1428 1139 1458; x_wconf 82' lang='lat' dir='ltr'><em>senectutem</em></span> <span class='ocrx_word' id='word_1_87' title='bbox 1163 1428 1309 1458; x_wconf 80' lang='lat' dir='ltr'><em>ueteres</em></span> <span class='ocrx_word' id='word_1_88' title='bbox 1334 1425 1504 1457; x_wconf 77' lang='lat' dir='ltr'><em>dixerunt</em></span> <span class='ocrx_word' id='word_1_89' title='bbox 1527 1427 1622 1458; x_wconf 89' lang='lat'>....&#39;</span> <span class='ocrx_word' id='word_1_90' title='bbox 1653 1424 1757 1465; x_wconf 81' lang='lat' dir='ltr'><strong>(Pa-</strong></span> 
     </span>
     <span class='ocr_line' id='line_1_18' title="bbox 231 1469 1755 1513; baseline -0.002 -9"><span class='ocrx_word' id='word_1_91' title='bbox 231 1473 386 1504; x_wconf 87' lang='lat' dir='ltr'><em>cubius</em></span> <span class='ocrx_word' id='word_1_92' title='bbox 411 1470 556 1513; x_wconf 91' lang='lat' dir='ltr'><em>Bamb.)</em></span> <span class='ocrx_word' id='word_1_93' title='bbox 665 1472 694 1504; x_wconf 93' lang='lat' dir='ltr'>V</span> <span class='ocrx_word' id='word_1_94' title='bbox 719 1472 810 1503; x_wconf 90' lang='lat' dir='ltr'><em>Non.</em></span> <span class='ocrx_word' id='word_1_95' title='bbox 837 1472 921 1510; x_wconf 88' lang='lat'><strong>430,</strong></span> <span class='ocrx_word' id='word_1_96' title='bbox 949 1472 990 1503; x_wconf 83' lang='lat'><em>15</em></span> <span class='ocrx_word' id='word_1_97' title='bbox 1022 1470 1212 1502; x_wconf 81' lang='lat' dir='ltr'><em>‘iniuria</em></span> <span class='ocrx_word' id='word_1_98' title='bbox 1237 1480 1259 1502; x_wconf 84' lang='lat' dir='ltr'><em>a</em></span> <span class='ocrx_word' id='word_1_99' title='bbox 1286 1469 1508 1502; x_wconf 81' lang='lat' dir='ltr'><em>contumelia</em></span> <span class='ocrx_word' id='word_1_100' title='bbox 1532 1470 1601 1502; x_wconf 85' lang='lat' dir='ltr'><em>hoc</em></span> <span class='ocrx_word' id='word_1_101' title='bbox 1625 1469 1755 1502; x_wconf 80' lang='lat' dir='ltr'><em>distat:</em></span> 
     </span>
     <span class='ocr_line' id='line_1_19' title="bbox 234 1514 1758 1557; baseline -0.002 -8"><span class='ocrx_word' id='word_1_102' title='bbox 234 1517 369 1549; x_wconf 80' lang='lat' dir='ltr'><em>iniuria</em></span> <span class='ocrx_word' id='word_1_103' title='bbox 395 1518 491 1550; x_wconf 88' lang='lat' dir='ltr'><em>enim</em></span> <span class='ocrx_word' id='word_1_104' title='bbox 518 1517 635 1549; x_wconf 84' lang='lat' dir='ltr'><em>leuior</em></span> <span class='ocrx_word' id='word_1_105' title='bbox 659 1526 719 1548; x_wconf 80' lang='lat' dir='ltr'><em>res</em></span> <span class='ocrx_word' id='word_1_106' title='bbox 745 1519 828 1549; x_wconf 62' lang='lat' dir='ltr'><em>est!</em></span> <span class='ocrx_word' id='word_1_107' title='bbox 944 1516 994 1548; x_wconf 91' lang='lat' dir='ltr'><em>VI</em></span> <span class='ocrx_word' id='word_1_108' title='bbox 1018 1515 1110 1548; x_wconf 88' lang='lat' dir='ltr'><em>Non.</em></span> <span class='ocrx_word' id='word_1_109' title='bbox 1135 1517 1215 1556; x_wconf 82' lang='lat'><em>477,</em></span> <span class='ocrx_word' id='word_1_110' title='bbox 1239 1517 1260 1548; x_wconf 84' lang='grc'><strong>2</strong></span> <span class='ocrx_word' id='word_1_111' title='bbox 1287 1514 1532 1557; x_wconf 75' lang='lat' dir='ltr'><em>‘expedibo</em></span> <span class='ocrx_word' id='word_1_112' title='bbox 1558 1525 1622 1557; x_wconf 85' lang='lat' dir='ltr'><em>pro</em></span> <span class='ocrx_word' id='word_1_113' title='bbox 1648 1524 1758 1556; x_wconf 85' lang='lat' dir='ltr'><em>expe·</em></span> 
     </span>
     <span class='ocr_line' id='line_1_20' title="bbox 234 1559 1758 1603; baseline -0.002 -9"><span class='ocrx_word' id='word_1_114' title='bbox 234 1562 333 1594; x_wconf 88' lang='lat' dir='ltr'><em>diam</em></span> <span class='ocrx_word' id='word_1_115' title='bbox 356 1565 429 1595; x_wconf 88' lang='lat'><strong>...’</strong></span> <span class='ocrx_word' id='word_1_116' title='bbox 523 1563 593 1596; x_wconf 91' lang='lat' dir='ltr'><em>VII</em></span> <span class='ocrx_word' id='word_1_117' title='bbox 618 1562 710 1594; x_wconf 89' lang='lat' dir='ltr'><em>Non.</em></span> <span class='ocrx_word' id='word_1_118' title='bbox 739 1563 798 1602; x_wconf 86' lang='lat'><em>15,</em></span> <span class='ocrx_word' id='word_1_119' title='bbox 826 1563 866 1594; x_wconf 82' lang='lat'><em>17</em></span> <span class='ocrx_word' id='word_1_120' title='bbox 893 1560 1058 1593; x_wconf 84' lang='lat' dir='ltr'><em>‘enoda</em></span> <span class='ocrx_word' id='word_1_121' title='bbox 1085 1560 1271 1602; x_wconf 81' lang='lat' dir='ltr'><em>significat</em></span> <span class='ocrx_word' id='word_1_122' title='bbox 1296 1561 1455 1603; x_wconf 83' lang='lat' dir='ltr'><em>explana</em></span> <span class='ocrx_word' id='word_1_123' title='bbox 1478 1562 1576 1593; x_wconf 87' lang='lat'><strong>....’</strong></span> <span class='ocrx_word' id='word_1_124' title='bbox 1667 1559 1758 1592; x_wconf 91' lang='lat' dir='ltr'><strong>VIII</strong></span> 
     </span>
    </p>
   </div>
   <div class='ocr_carea' id='block_1_7' title="bbox 230 1604 1810 1649">
    <p class='ocr_par' dir='ltr' id='par_1_7' title="bbox 230 1604 1810 1649">
     <span class='ocr_line' id='line_1_21' title="bbox 230 1604 1810 1649; baseline -0.003 -9"><span class='ocrx_word' id='word_1_125' title='bbox 230 1607 322 1640; x_wconf 90' lang='lat' dir='ltr'><em>Non.</em></span> <span class='ocrx_word' id='word_1_126' title='bbox 341 1609 425 1649; x_wconf 81' lang='lat'><em>262,</em></span> <span class='ocrx_word' id='word_1_127' title='bbox 445 1609 487 1641; x_wconf 83' lang='grc'><em>27</em></span> <span class='ocrx_word' id='word_1_128' title='bbox 515 1607 832 1640; x_wconf 77' lang='lat' dir='ltr'><em>‘consternari</em></span> <span class='ocrx_word' id='word_1_129' title='bbox 857 1605 1042 1649; x_wconf 81' lang='lat' dir='ltr'><em>significat</em></span> <span class='ocrx_word' id='word_1_130' title='bbox 1068 1605 1174 1641; x_wconf 82' lang='lat' dir='ltr'><em>deici.</em></span> <span class='ocrx_word' id='word_1_131' title='bbox 1208 1605 1448 1639; x_wconf 81' lang='lat' dir='ltr'><em>Consternari</em></span> <span class='ocrx_word' id='word_1_132' title='bbox 1472 1615 1612 1638; x_wconf 81' lang='lat' dir='ltr'><em>rursum</em></span> <span class='ocrx_word' id='word_1_133' title='bbox 1637 1604 1756 1647; x_wconf 87' lang='lat' dir='ltr'><em>erigi.’</em></span> <span class='ocrx_word' id='word_1_134' title='bbox 1807 1627 1810 1630; x_wconf 60' lang='grc'>«</span> 
     </span>
    </p>
   </div>
   <div class='ocr_carea' id='block_1_8' title="bbox 229 1724 1767 2897">
    <p class='ocr_par' dir='ltr' id='par_1_8' title="bbox 229 1724 1767 2897">
     <span class='ocr_line' id='line_1_22' title="bbox 344 1724 1761 1776; baseline -0.002 -13"><span class='ocrx_word' id='word_1_135' title='bbox 344 1730 496 1776; x_wconf 83' lang='lat' dir='ltr'><em>aegrore</em></span> <span class='ocrx_word' id='word_1_136' title='bbox 527 1727 800 1764; x_wconf 80' lang='lat' dir='ltr'><em>Lachmannus</em></span> <span class='ocrx_word' id='word_1_137' title='bbox 829 1729 867 1763; x_wconf 82' lang='lat' dir='ltr'><em>in</em></span> <span class='ocrx_word' id='word_1_138' title='bbox 898 1726 1014 1762; x_wconf 84' lang='lat' dir='ltr'><em>Lucr.</em></span> <span class='ocrx_word' id='word_1_139' title='bbox 1047 1725 1099 1762; x_wconf 86' lang='lat' dir='ltr'><em>VI</em></span> <span class='ocrx_word' id='word_1_140' title='bbox 1122 1724 1228 1762; x_wconf 85' lang='lat'>1132</span> <span class='ocrx_word' id='word_1_141' title='bbox 1261 1735 1385 1761; x_wconf 90' lang='lat' dir='ltr'><em>errore</em></span> <span class='ocrx_word' id='word_1_142' title='bbox 1414 1724 1524 1771; x_wconf 88' lang='lat' dir='ltr'><em>libri,</em></span> <span class='ocrx_word' id='word_1_143' title='bbox 1555 1725 1632 1760; x_wconf 83' lang='lat' dir='ltr'><em>nisi</em></span> <span class='ocrx_word' id='word_1_144' title='bbox 1658 1724 1761 1772; x_wconf 81' lang='lat' dir='ltr'><em>quod</em></span> 
     </span>
     <span class='ocr_line' id='line_1_23' title="bbox 231 1781 1690 1820; baseline -0.003 0"><span class='ocrx_word' id='word_1_145' title='bbox 231 1794 334 1820; x_wconf 86' lang='lat' dir='ltr'><em>error</em></span> <span class='ocrx_word' id='word_1_146' title='bbox 363 1784 466 1820; x_wconf 85' lang='lat' dir='ltr'><em>Leid.</em></span> <span class='ocrx_word' id='word_1_147' title='bbox 585 1783 666 1820; x_wconf 82' lang='lat'><em>276</em></span> <span class='ocrx_word' id='word_1_148' title='bbox 698 1794 843 1819; x_wconf 84' lang='lat' dir='ltr'>erumna</span> <span class='ocrx_word' id='word_1_149' title='bbox 873 1783 964 1819; x_wconf 83' lang='lat' dir='ltr'><em>libri</em></span> <span class='ocrx_word' id='word_1_150' title='bbox 1077 1781 1157 1819; x_wconf 83' lang='lat'><em>277</em></span> <span class='ocrx_word' id='word_1_151' title='bbox 1190 1782 1258 1817; x_wconf 86' lang='lat' dir='ltr'><em>nisi</em></span> <span class='ocrx_word' id='word_1_152' title='bbox 1288 1781 1424 1817; x_wconf 81' lang='lat' dir='ltr'><em>Bamb.</em></span> <span class='ocrx_word' id='word_1_153' title='bbox 1513 1781 1570 1816; x_wconf 92' lang='lat' dir='ltr'><em>hic</em></span> <span class='ocrx_word' id='word_1_154' title='bbox 1599 1781 1690 1817; x_wconf 86' lang='lat' dir='ltr'><em>libri</em></span> 
     </span>
     <span class='ocr_line' id='line_1_24' title="bbox 233 1837 1759 1886; baseline -0.003 -10"><span class='ocrx_word' id='word_1_155' title='bbox 233 1839 314 1877; x_wconf 85' lang='lat'><em>278</em></span> <span class='ocrx_word' id='word_1_156' title='bbox 346 1841 533 1876; x_wconf 80' lang='lat' dir='ltr'><em>reticentia</em></span> <span class='ocrx_word' id='word_1_157' title='bbox 563 1840 667 1877; x_wconf 85' lang='lat' dir='ltr'><em>Leid.</em></span> <span class='ocrx_word' id='word_1_158' title='bbox 698 1852 745 1876; x_wconf 89' lang='lat' dir='ltr'><em>m.</em></span> <span class='ocrx_word' id='word_1_159' title='bbox 773 1851 859 1886; x_wconf 89' lang='lat' dir='ltr'><em>pr.,</em></span> <span class='ocrx_word' id='word_1_160' title='bbox 899 1839 1109 1876; x_wconf 89' lang='lat' dir='ltr'><em>Gulielmus</em></span> <span class='ocrx_word' id='word_1_161' title='bbox 1149 1838 1264 1875; x_wconf 88' lang='lat' dir='ltr'><em>Veris.</em></span> <span class='ocrx_word' id='word_1_162' title='bbox 1294 1837 1321 1873; x_wconf 93' lang='lat' dir='ltr'><strong>I</strong></span> <span class='ocrx_word' id='word_1_163' title='bbox 1345 1837 1395 1873; x_wconf 86' lang='lat'><em>17</em></span> <span class='ocrx_word' id='word_1_164' title='bbox 1435 1837 1599 1873; x_wconf 73' lang='lat' dir='ltr'><em>reticenti</em></span> <span class='ocrx_word' id='word_1_165' title='bbox 1637 1838 1759 1873; x_wconf 83' lang='lat' dir='ltr'><em>celeri</em></span> 
     </span>
     <span class='ocr_line' id='line_1_25' title="bbox 230 1892 1756 1936; baseline -0.003 -3"><span class='ocrx_word' id='word_1_166' title='bbox 230 1897 330 1933; x_wconf 84' lang='lat' dir='ltr'><em>libri.</em></span> <span class='ocrx_word' id='word_1_167' title='bbox 371 1898 429 1932; x_wconf 83' lang='lat' dir='ltr'><em>An</em></span> <span class='ocrx_word' id='word_1_168' title='bbox 460 1897 692 1932; x_wconf 82' lang='lat' dir='ltr'><em>reticentiae?</em></span> <span class='ocrx_word' id='word_1_169' title='bbox 779 1895 861 1932; x_wconf 87' lang='grc'><em>280</em></span> <span class='ocrx_word' id='word_1_170' title='bbox 892 1906 1002 1931; x_wconf 87' lang='lat' dir='ltr'><em>uacua</em></span> <span class='ocrx_word' id='word_1_171' title='bbox 1031 1893 1246 1931; x_wconf 87' lang='lat' dir='ltr'><em>contumelia</em></span> <span class='ocrx_word' id='word_1_172' title='bbox 1268 1894 1431 1930; x_wconf 79' lang='lat' dir='ltr'><em>Bolbius</em></span> <span class='ocrx_word' id='word_1_173' title='bbox 1517 1892 1756 1936; x_wconf 83' lang='lat' dir='ltr'><em>Quadratum</em></span> 
     </span>
     <span class='ocr_line' id='line_1_26' title="bbox 231 1949 1754 1999; baseline -0.002 -11"><span class='ocrx_word' id='word_1_174' title='bbox 231 1963 385 1990; x_wconf 87' lang='lat' dir='ltr'><em>uersum</em></span> <span class='ocrx_word' id='word_1_175' title='bbox 416 1954 611 1999; x_wconf 81' lang='lat' dir='ltr'><em>discripsit</em></span> <span class='ocrx_word' id='word_1_176' title='bbox 632 1953 794 1989; x_wconf 79' lang='lat' dir='ltr'><em>Bothius</em></span> <span class='ocrx_word' id='word_1_177' title='bbox 819 1951 887 1998; x_wconf 84' lang='lat' dir='ltr'><em>(ef.</em></span> <span class='ocrx_word' id='word_1_178' title='bbox 910 1952 951 1987; x_wconf 78' lang='lat' dir='ltr'><em>L.</em></span> <span class='ocrx_word' id='word_1_179' title='bbox 975 1951 1139 1987; x_wconf 84' lang='lat' dir='ltr'><em>Mueller</em></span> <span class='ocrx_word' id='word_1_180' title='bbox 1158 1951 1205 1986; x_wconf 83' lang='lat' dir='ltr'><em>de</em></span> <span class='ocrx_word' id='word_1_181' title='bbox 1235 1960 1278 1986; x_wconf 88' lang='lat' dir='ltr'><em>re</em></span> <span class='ocrx_word' id='word_1_182' title='bbox 1307 1961 1353 1986; x_wconf 89' lang='lat' dir='ltr'><em>m.</em></span> <span class='ocrx_word' id='word_1_183' title='bbox 1378 1949 1481 1996; x_wconf 82' lang='lat'><em>421,</em></span> <span class='ocrx_word' id='word_1_184' title='bbox 1511 1960 1606 1986; x_wconf 85' lang='lat' dir='ltr'><em>mus.</em></span> <span class='ocrx_word' id='word_1_185' title='bbox 1630 1949 1754 1986; x_wconf 80' lang='lat' dir='ltr'><em>Rben.</em></span> 
     </span>
     <span class='ocr_line' id='line_1_27' title="bbox 230 2005 1754 2056; baseline -0.002 -12"><span class='ocrx_word' id='word_1_186' title='bbox 230 2009 380 2046; x_wconf 84' lang='lat' dir='ltr'><strong>XXIII</strong></span> <span class='ocrx_word' id='word_1_187' title='bbox 399 2008 515 2056; x_wconf 82' lang='lat'>541),</span> <span class='ocrx_word' id='word_1_188' title='bbox 538 2010 779 2045; x_wconf 82' lang='lat' dir='ltr'><em>senariorum</em></span> <span class='ocrx_word' id='word_1_189' title='bbox 797 2008 931 2055; x_wconf 77' lang='lat' dir='ltr'><em>frusta</em></span> <span class='ocrx_word' id='word_1_190' title='bbox 951 2010 1035 2054; x_wconf 86' lang='lat' dir='ltr'><em>ipse</em></span> <span class='ocrx_word' id='word_1_191' title='bbox 1056 2009 1142 2044; x_wconf 91' lang='lat' dir='ltr'><em>olim</em></span> <span class='ocrx_word' id='word_1_192' title='bbox 1229 2005 1308 2043; x_wconf 85' lang='lat'><em>281</em></span> <span class='ocrx_word' id='word_1_193' title='bbox 1332 2016 1387 2052; x_wconf 84' lang='lat' dir='ltr'><em>sq.</em></span> <span class='ocrx_word' id='word_1_194' title='bbox 1425 2005 1695 2052; x_wconf 80' lang='lat' dir='ltr'><em>Obtemperaui</em></span> <span class='ocrx_word' id='word_1_195' title='bbox 1712 2005 1754 2041; x_wconf 89' lang='lat' dir='ltr'><em>L.</em></span> 
     </span>
     <span class='ocr_line' id='line_1_28' title="bbox 230 2061 1756 2112; baseline -0.004 -10"><span class='ocrx_word' id='word_1_196' title='bbox 230 2066 434 2112; x_wconf 78' lang='lat' dir='ltr'><em>Muellero,</em></span> <span class='ocrx_word' id='word_1_197' title='bbox 455 2067 522 2112; x_wconf 83' lang='lat' dir='ltr'><em>qui</em></span> <span class='ocrx_word' id='word_1_198' title='bbox 538 2067 562 2102; x_wconf 86' lang='lat' dir='ltr'><em>l.</em></span> <span class='ocrx_word' id='word_1_199' title='bbox 583 2067 610 2102; x_wconf 87' lang='lat' dir='ltr'><em>l.</em></span> <span class='ocrx_word' id='word_1_200' title='bbox 633 2065 833 2102; x_wconf 82' lang='lat' dir='ltr'><em>iambicum</em></span> <span class='ocrx_word' id='word_1_201' title='bbox 855 2065 1093 2100; x_wconf 81' lang='lat' dir='ltr'><em>oclonarium</em></span> <span class='ocrx_word' id='word_1_202' title='bbox 1114 2063 1311 2099; x_wconf 81' lang='lat' dir='ltr'><em>indicauit.</em></span> <span class='ocrx_word' id='word_1_203' title='bbox 1354 2061 1407 2097; x_wconf 84' lang='lat' dir='ltr'><em>sac</em></span> <span class='ocrx_word' id='word_1_204' title='bbox 1431 2067 1503 2097; x_wconf 91' lang='lat' dir='ltr'><em>tum</em></span> <span class='ocrx_word' id='word_1_205' title='bbox 1525 2061 1611 2097; x_wconf 88' lang='lat' dir='ltr'><em>mihi</em></span> <span class='ocrx_word' id='word_1_206' title='bbox 1631 2066 1756 2097; x_wconf 85' lang='lat' dir='ltr'><em>contra</em></span> 
     </span>
     <span class='ocr_line' id='line_1_29' title="bbox 229 2117 1755 2169; baseline -0.003 -11"><span class='ocrx_word' id='word_1_207' title='bbox 229 2123 321 2158; x_wconf 87' lang='lat' dir='ltr'><em>libri</em></span> <span class='ocrx_word' id='word_1_208' title='bbox 346 2123 523 2169; x_wconf 77' lang='lat' dir='ltr'><em>plerique</em></span> <span class='ocrx_word' id='word_1_209' title='bbox 553 2121 607 2157; x_wconf 83' lang='lat' dir='ltr'><em>sac</em></span> <span class='ocrx_word' id='word_1_210' title='bbox 633 2121 718 2156; x_wconf 85' lang='lat' dir='ltr'><em>mihi</em></span> <span class='ocrx_word' id='word_1_211' title='bbox 746 2126 871 2156; x_wconf 86' lang='lat' dir='ltr'><em>contra</em></span> <span class='ocrx_word' id='word_1_212' title='bbox 897 2120 1032 2156; x_wconf 86' lang='lat' dir='ltr'><em>Bamb.</em></span> <span class='ocrx_word' id='word_1_213' title='bbox 1064 2123 1099 2155; x_wconf 82' lang='lat' dir='ltr'><em>et</em></span> <span class='ocrx_word' id='word_1_214' title='bbox 1126 2119 1231 2155; x_wconf 79' lang='lat' dir='ltr'><em>Leid.</em></span> <span class='ocrx_word' id='word_1_215' title='bbox 1261 2119 1383 2165; x_wconf 83' lang='lat' dir='ltr'><em>alter,</em></span> <span class='ocrx_word' id='word_1_216' title='bbox 1415 2119 1518 2165; x_wconf 80' lang='lat' dir='ltr'><em>quod</em></span> <span class='ocrx_word' id='word_1_217' title='bbox 1539 2118 1682 2164; x_wconf 81' lang='lat' dir='ltr'><em>probat</em></span> <span class='ocrx_word' id='word_1_218' title='bbox 1711 2117 1755 2154; x_wconf 88' lang='lat' dir='ltr'><em>L.</em></span> 
     </span>
     <span class='ocr_line' id='line_1_30' title="bbox 232 2173 1754 2223; baseline -0.003 -9"><span class='ocrx_word' id='word_1_219' title='bbox 232 2178 398 2215; x_wconf 84' lang='lat' dir='ltr'><em>Mueller</em></span> <span class='ocrx_word' id='word_1_220' title='bbox 427 2177 480 2214; x_wconf 86' lang='lat' dir='ltr'><em>sac</em></span> <span class='ocrx_word' id='word_1_221' title='bbox 512 2183 551 2213; x_wconf 86' lang='lat' dir='ltr'><em>tu</em></span> <span class='ocrx_word' id='word_1_222' title='bbox 581 2177 667 2213; x_wconf 89' lang='lat' dir='ltr'><em>mihi</em></span> <span class='ocrx_word' id='word_1_223' title='bbox 696 2182 821 2213; x_wconf 90' lang='lat' dir='ltr'><em>contra</em></span> <span class='ocrx_word' id='word_1_224' title='bbox 850 2177 907 2213; x_wconf 86' lang='lat' dir='ltr'><em>ed.</em></span> <span class='ocrx_word' id='word_1_225' title='bbox 926 2178 1053 2223; x_wconf 83' lang='lat' dir='ltr'><em>princ.</em></span> <span class='ocrx_word' id='word_1_226' title='bbox 1085 2175 1140 2211; x_wconf 87' lang='lat' dir='ltr'><em>sac</em></span> <span class='ocrx_word' id='word_1_227' title='bbox 1169 2180 1206 2210; x_wconf 89' lang='lat' dir='ltr'><em>tu</em></span> <span class='ocrx_word' id='word_1_228' title='bbox 1235 2174 1320 2211; x_wconf 88' lang='lat' dir='ltr'><em>mihi</em></span> <span class='ocrx_word' id='word_1_229' title='bbox 1351 2173 1448 2222; x_wconf 76' lang='lat' dir='ltr'><em>quod</em></span> <span class='ocrx_word' id='word_1_230' title='bbox 1477 2178 1600 2210; x_wconf 83' lang='lat' dir='ltr'><em>contra</em></span> <span class='ocrx_word' id='word_1_231' title='bbox 1623 2174 1754 2210; x_wconf 87' lang='lat' dir='ltr'><em>Delrio</em></span> 
     </span>
     <span class='ocr_line' id='line_1_31' title="bbox 230 2229 1756 2281; baseline -0.003 -11"><span class='ocrx_word' id='word_1_232' title='bbox 230 2245 270 2270; x_wconf 87' lang='lat' dir='ltr'><em>ae</em></span> <span class='ocrx_word' id='word_1_233' title='bbox 290 2240 330 2270; x_wconf 87' lang='lat' dir='ltr'><em>tu</em></span> <span class='ocrx_word' id='word_1_234' title='bbox 351 2234 437 2270; x_wconf 86' lang='lat' dir='ltr'><em>mihi</em></span> <span class='ocrx_word' id='word_1_235' title='bbox 457 2239 583 2270; x_wconf 87' lang='lat' dir='ltr'><em>contra</em></span> <span class='ocrx_word' id='word_1_236' title='bbox 604 2235 688 2271; x_wconf 88' lang='lat' dir='ltr'><em>olim</em></span> <span class='ocrx_word' id='word_1_237' title='bbox 710 2235 860 2270; x_wconf 83' lang='lat' dir='ltr'><em>conieci</em></span> <span class='ocrx_word' id='word_1_238' title='bbox 877 2233 995 2270; x_wconf 88' lang='lat' dir='ltr'><em>uerbo</em></span> <span class='ocrx_word' id='word_1_239' title='bbox 1015 2242 1108 2281; x_wconf 83' lang='lat' dir='ltr'><em>rogo</em></span> <span class='ocrx_word' id='word_1_240' title='bbox 1130 2233 1324 2269; x_wconf 83' lang='lat' dir='ltr'><em>senarium</em></span> <span class='ocrx_word' id='word_1_241' title='bbox 1347 2231 1542 2267; x_wconf 83' lang='lat' dir='ltr'><em>claudens.</em></span> <span class='ocrx_word' id='word_1_242' title='bbox 1574 2229 1756 2266; x_wconf 84' lang='lat' dir='ltr'><em>Probatis</em></span> 
     </span>
     <span class='ocr_line' id='line_1_32' title="bbox 230 2285 1753 2337; baseline -0.003 -11"><span class='ocrx_word' id='word_1_243' title='bbox 230 2292 306 2327; x_wconf 87' lang='lat' dir='ltr'><em>illis</em></span> <span class='ocrx_word' id='word_1_244' title='bbox 327 2291 543 2328; x_wconf 75' lang='lat' dir='ltr'><em>trochaicos</em></span> <span class='ocrx_word' id='word_1_245' title='bbox 564 2292 806 2337; x_wconf 79' lang='lat' dir='ltr'><em>septenarios</em></span> <span class='ocrx_word' id='word_1_246' title='bbox 826 2300 928 2325; x_wconf 82' lang='lat' dir='ltr'><em>mane</em></span> <span class='ocrx_word' id='word_1_247' title='bbox 948 2285 1143 2337; x_wconf 85' lang='lat' dir='ltr'><em>&#39;Expedibo</em></span> <span class='ocrx_word' id='word_1_248' title='bbox 1166 2298 1198 2324; x_wconf 89' lang='lat' dir='ltr'><em>e.</em></span> <span class='ocrx_word' id='word_1_249' title='bbox 1221 2300 1256 2335; x_wconf 83' lang='lat' dir='ltr'><em>q.</em></span> <span class='ocrx_word' id='word_1_250' title='bbox 1279 2298 1319 2323; x_wconf 56' lang='lat' dir='ltr'><em>s„</em></span> <span class='ocrx_word' id='word_1_251' title='bbox 1352 2287 1543 2324; x_wconf 84' lang='lat' dir='ltr'><em>Vsenerus</em></span> <span class='ocrx_word' id='word_1_252' title='bbox 1559 2285 1753 2334; x_wconf 82' lang='lat' dir='ltr'><em>praefert.</em></span> 
     </span>
     <span class='ocr_line' id='line_1_33' title="bbox 316 2342 1755 2395; baseline -0.003 -12"><span class='ocrx_word' id='word_1_253' title='bbox 316 2347 396 2385; x_wconf 87' lang='grc'><em>283</em></span> <span class='ocrx_word' id='word_1_254' title='bbox 419 2352 527 2395; x_wconf 84' lang='lat' dir='ltr'><em>gnate</em></span> <span class='ocrx_word' id='word_1_255' title='bbox 549 2347 753 2383; x_wconf 82' lang='lat' dir='ltr'><em>Mercerus</em></span> <span class='ocrx_word' id='word_1_256' title='bbox 782 2351 891 2395; x_wconf 86' lang='lat' dir='ltr'><em>gnato</em></span> <span class='ocrx_word' id='word_1_257' title='bbox 911 2346 1002 2382; x_wconf 87' lang='lat' dir='ltr'><em>libri</em></span> <span class='ocrx_word' id='word_1_258' title='bbox 1072 2349 1112 2380; x_wconf 89' lang='lat' dir='ltr'><em>ut</em></span> <span class='ocrx_word' id='word_1_259' title='bbox 1132 2343 1279 2381; x_wconf 85' lang='lat' dir='ltr'><em>dederat</em></span> <span class='ocrx_word' id='word_1_260' title='bbox 1312 2343 1438 2380; x_wconf 86' lang='lat' dir='ltr'><em>Vrbin.</em></span> <span class='ocrx_word' id='word_1_261' title='bbox 1461 2342 1542 2380; x_wconf 81' lang='lat'><em>307</em></span> <span class='ocrx_word' id='word_1_262' title='bbox 1565 2346 1604 2378; x_wconf 93' lang='lat' dir='ltr'><em>ut</em></span> <span class='ocrx_word' id='word_1_263' title='bbox 1626 2347 1666 2378; x_wconf 90' lang='lat' dir='ltr'><em>ut</em></span> <span class='ocrx_word' id='word_1_264' title='bbox 1686 2343 1755 2378; x_wconf 89' lang='lat' dir='ltr'><em>erit</em></span> 
     </span>
     <span class='ocr_line' id='line_1_34' title="bbox 232 2398 1767 2451; baseline -0.003 -12"><span class='ocrx_word' id='word_1_265' title='bbox 232 2404 447 2441; x_wconf 83' lang='lat' dir='ltr'><em>Palmerius</em></span> <span class='ocrx_word' id='word_1_266' title='bbox 476 2404 654 2451; x_wconf 68' lang='lat' dir='ltr'><em>Spieiley.</em></span> <span class='ocrx_word' id='word_1_267' title='bbox 694 2414 757 2450; x_wconf 82' lang='lat' dir='ltr'><em>ap.</em></span> <span class='ocrx_word' id='word_1_268' title='bbox 795 2403 903 2439; x_wconf 81' lang='lat' dir='ltr'><em>Grut.</em></span> <span class='ocrx_word' id='word_1_269' title='bbox 931 2402 999 2440; x_wconf 88' lang='lat' dir='ltr'><em>IV</em></span> <span class='ocrx_word' id='word_1_270' title='bbox 1022 2401 1103 2439; x_wconf 87' lang='lat'><em>806</em></span> <span class='ocrx_word' id='word_1_271' title='bbox 1146 2405 1185 2436; x_wconf 88' lang='lat' dir='ltr'><em>ut</em></span> <span class='ocrx_word' id='word_1_272' title='bbox 1222 2400 1364 2436; x_wconf 86' lang='lat' dir='ltr'><em>steterit</em></span> <span class='ocrx_word' id='word_1_273' title='bbox 1391 2398 1572 2447; x_wconf 77' lang='lat' dir='ltr'><em>Maelzlyo</em></span> <span class='ocrx_word' id='word_1_274' title='bbox 1605 2399 1767 2444; x_wconf 63' lang='lat' dir='ltr'><em>placuit&#39;</em></span> 
     </span>
     <span class='ocr_line' id='line_1_35' title="bbox 231 2454 1756 2507; baseline -0.003 -11"><span class='ocrx_word' id='word_1_275' title='bbox 231 2461 378 2497; x_wconf 70' lang='lat' dir='ltr'><em>(cunali.</em></span> <span class='ocrx_word' id='word_1_276' title='bbox 403 2458 682 2507; x_wconf 75' lang='lat' dir='ltr'><em>philoll.&#39;1857</em></span> <span class='ocrx_word' id='word_1_277' title='bbox 702 2471 743 2506; x_wconf 84' lang='lat' dir='ltr'><em>p.</em></span> <span class='ocrx_word' id='word_1_278' title='bbox 767 2458 846 2496; x_wconf 84' lang='grc'><em>287</em></span> <span class='ocrx_word' id='word_1_279' title='bbox 937 2454 1225 2494; x_wconf 86' lang='lat' dir='ltr'><em>ordine‘omuem</em></span> <span class='ocrx_word' id='word_1_280' title='bbox 1246 2457 1424 2492; x_wconf 77' lang='lat' dir='ltr'><em>miseriam</em></span> <span class='ocrx_word' id='word_1_281' title='bbox 1444 2457 1508 2492; x_wconf 84' lang='lat' dir='ltr'><em>uel</em></span> <span class='ocrx_word' id='word_1_282' title='bbox 1527 2455 1644 2491; x_wconf 86' lang='lat' dir='ltr'><em>simile</em></span> <span class='ocrx_word' id='word_1_283' title='bbox 1664 2455 1756 2502; x_wconf 82' lang='lat' dir='ltr'><em>quid</em></span> 
     </span>
     <span class='ocr_line' id='line_1_36' title="bbox 231 2509 1754 2564; baseline -0.005 -11"><span class='ocrx_word' id='word_1_284' title='bbox 231 2519 455 2564; x_wconf 83' lang='lat' dir='ltr'><em>suspicatur</em></span> <span class='ocrx_word' id='word_1_285' title='bbox 474 2517 728 2564; x_wconf 72' lang='lat' dir='ltr'><em>Kiesslinqius</em></span> <span class='ocrx_word' id='word_1_286' title='bbox 804 2514 918 2551; x_wconf 83' lang='lat' dir='ltr'><em>enoda</em></span> <span class='ocrx_word' id='word_1_287' title='bbox 939 2514 1144 2551; x_wconf 86' lang='lat' dir='ltr'><em>Mercerus</em></span> <span class='ocrx_word' id='word_1_288' title='bbox 1165 2511 1296 2549; x_wconf 84' lang='lat' dir='ltr'><em>enodat</em></span> <span class='ocrx_word' id='word_1_289' title='bbox 1314 2512 1406 2549; x_wconf 87' lang='lat' dir='ltr'><em>libri</em></span> <span class='ocrx_word' id='word_1_290' title='bbox 1488 2509 1568 2548; x_wconf 84' lang='lat'><em>284</em></span> <span class='ocrx_word' id='word_1_291' title='bbox 1590 2521 1645 2558; x_wconf 82' lang='lat' dir='ltr'><em>sq.</em></span> <span class='ocrx_word' id='word_1_292' title='bbox 1669 2521 1754 2546; x_wconf 87' lang='lat' dir='ltr'><em>con-</em></span> 
     </span>
     <span class='ocr_line' id='line_1_37' title="bbox 231 2565 1753 2620; baseline -0.006 -10"><span class='ocrx_word' id='word_1_293' title='bbox 231 2579 393 2610; x_wconf 89' lang='lat' dir='ltr'><em>sternare</em></span> <span class='ocrx_word' id='word_1_294' title='bbox 414 2572 550 2609; x_wconf 87' lang='lat' dir='ltr'><em>animae</em></span> <span class='ocrx_word' id='word_1_295' title='bbox 571 2583 613 2608; x_wconf 90' lang='lat' dir='ltr'><em>ex</em></span> <span class='ocrx_word' id='word_1_296' title='bbox 634 2576 782 2620; x_wconf 84' lang='lat' dir='ltr'><em>pectore</em></span> <span class='ocrx_word' id='word_1_297' title='bbox 803 2571 867 2607; x_wconf 88' lang='lat' dir='ltr'><em>hac</em></span> <span class='ocrx_word' id='word_1_298' title='bbox 889 2577 924 2606; x_wconf 91' lang='lat' dir='ltr'><em>et</em></span> <span class='ocrx_word' id='word_1_299' title='bbox 946 2570 1095 2607; x_wconf 89' lang='lat' dir='ltr'><em>uoluere</em></span> <span class='ocrx_word' id='word_1_300' title='bbox 1115 2568 1306 2606; x_wconf 79' lang='lat' dir='ltr'><em>consilium</em></span> <span class='ocrx_word' id='word_1_301' title='bbox 1327 2567 1423 2604; x_wconf 86' lang='lat' dir='ltr'><em>subit</em></span> <span class='ocrx_word' id='word_1_302' title='bbox 1445 2577 1569 2604; x_wconf 87' lang='lat' dir='ltr'><em>omnes</em></span> <span class='ocrx_word' id='word_1_303' title='bbox 1590 2565 1687 2614; x_wconf 86' lang='lat' dir='ltr'><em>quod</em></span> <span class='ocrx_word' id='word_1_304' title='bbox 1709 2566 1753 2602; x_wconf 87' lang='lat' dir='ltr'><em>de</em></span> 
     </span>
     <span class='ocr_line' id='line_1_38' title="bbox 231 2621 1751 2676; baseline -0.005 -10"><span class='ocrx_word' id='word_1_305' title='bbox 231 2636 312 2666; x_wconf 83' lang='lat' dir='ltr'><em>nata</em></span> <span class='ocrx_word' id='word_1_306' title='bbox 334 2634 390 2666; x_wconf 82' lang='lat' dir='ltr'><em>est</em></span> <span class='ocrx_word' id='word_1_307' title='bbox 411 2628 516 2666; x_wconf 85' lang='lat' dir='ltr'><em>modo</em></span> <span class='ocrx_word' id='word_1_308' title='bbox 537 2629 636 2675; x_wconf 83' lang='lat' dir='ltr'><em>libri,</em></span> <span class='ocrx_word' id='word_1_309' title='bbox 659 2638 760 2676; x_wconf 80' lang='lat' dir='ltr'><em>quae</em></span> <span class='ocrx_word' id='word_1_310' title='bbox 781 2632 821 2664; x_wconf 81' lang='lat' dir='ltr'><em>uc</em></span> <span class='ocrx_word' id='word_1_311' title='bbox 839 2629 950 2673; x_wconf 81' lang='lat' dir='ltr'><em>potui</em></span> <span class='ocrx_word' id='word_1_312' title='bbox 970 2627 1175 2663; x_wconf 83' lang='lat' dir='ltr'><em>emendare</em></span> <span class='ocrx_word' id='word_1_313' title='bbox 1196 2629 1358 2662; x_wconf 82' lang='lat' dir='ltr'><em>conatus</em></span> <span class='ocrx_word' id='word_1_314' title='bbox 1386 2635 1488 2661; x_wconf 85' lang='lat' dir='ltr'><em>sum:</em></span> <span class='ocrx_word' id='word_1_315' title='bbox 1519 2635 1556 2659; x_wconf 88' lang='lat' dir='ltr'><em>u.</em></span> <span class='ocrx_word' id='word_1_316' title='bbox 1581 2621 1661 2659; x_wconf 88' lang='grc'><em>285</em></span> <span class='ocrx_word' id='word_1_317' title='bbox 1682 2623 1751 2659; x_wconf 84' lang='lat' dir='ltr'><em>du-</em></span> 
     </span>
     <span class='ocr_line' id='line_1_39' title="bbox 232 2679 1752 2733; baseline -0.006 -11"><span class='ocrx_word' id='word_1_318' title='bbox 232 2686 304 2723; x_wconf 85' lang='lat' dir='ltr'><em>bito</em></span> <span class='ocrx_word' id='word_1_319' title='bbox 321 2698 371 2722; x_wconf 82' lang='lat' dir='ltr'><em>an</em></span> <span class='ocrx_word' id='word_1_320' title='bbox 392 2686 521 2721; x_wconf 89' lang='lat' dir='ltr'><em>mentis</em></span> <span class='ocrx_word' id='word_1_321' title='bbox 539 2684 635 2733; x_wconf 85' lang='lat' dir='ltr'><em>quod</em></span> <span class='ocrx_word' id='word_1_322' title='bbox 650 2688 810 2721; x_wconf 85' lang='lat' dir='ltr'><em>natumst</em></span> <span class='ocrx_word' id='word_1_323' title='bbox 827 2683 934 2720; x_wconf 85' lang='lat' dir='ltr'><em>modo</em></span> <span class='ocrx_word' id='word_1_324' title='bbox 953 2681 1258 2730; x_wconf 79' lang='lat' dir='ltr'><em>praeferendum</em></span> <span class='ocrx_word' id='word_1_325' title='bbox 1275 2683 1333 2718; x_wconf 86' lang='lat' dir='ltr'><em>sit.</em></span> <span class='ocrx_word' id='word_1_326' title='bbox 1357 2684 1603 2717; x_wconf 80' lang='lat' dir='ltr'><em>consternatae</em></span> <span class='ocrx_word' id='word_1_327' title='bbox 1620 2679 1752 2724; x_wconf 88' lang='lat' dir='ltr'><em>auimo,</em></span> 
     </span>
     <span class='ocr_line' id='line_1_40' title="bbox 232 2733 1751 2790; baseline -0.006 -12"><span class='ocrx_word' id='word_1_328' title='bbox 232 2746 481 2790; x_wconf 82' lang='lat' dir='ltr'><em>expectoratae</em></span> <span class='ocrx_word' id='word_1_329' title='bbox 502 2742 590 2777; x_wconf 85' lang='lat' dir='ltr'><em>haec</em></span> <span class='ocrx_word' id='word_1_330' title='bbox 611 2740 770 2777; x_wconf 87' lang='lat' dir='ltr'><em>uoluere.</em></span> <span class='ocrx_word' id='word_1_331' title='bbox 802 2739 998 2776; x_wconf 82' lang='lat' dir='ltr'><em>Consilium</em></span> <span class='ocrx_word' id='word_1_332' title='bbox 1019 2738 1129 2775; x_wconf 85' lang='lat' dir='ltr'><em>subiit</em></span> <span class='ocrx_word' id='word_1_333' title='bbox 1149 2748 1287 2782; x_wconf 89' lang='lat' dir='ltr'><em>omnes,</em></span> <span class='ocrx_word' id='word_1_334' title='bbox 1309 2735 1405 2785; x_wconf 88' lang='lat' dir='ltr'><em>quod</em></span> <span class='ocrx_word' id='word_1_335' title='bbox 1426 2740 1546 2772; x_wconf 87' lang='lat' dir='ltr'><em>natum</em></span> <span class='ocrx_word' id='word_1_336' title='bbox 1568 2739 1623 2771; x_wconf 91' lang='lat' dir='ltr'><em>est</em></span> <span class='ocrx_word' id='word_1_337' title='bbox 1644 2733 1751 2770; x_wconf 83' lang='lat' dir='ltr'><em>modo</em></span> 
     </span>
     <span class='ocr_line' id='line_1_41' title="bbox 230 2790 1752 2845; baseline -0.005 -11"><span class='ocrx_word' id='word_1_338' title='bbox 230 2799 383 2845; x_wconf 85' lang='lat' dir='ltr'><em>Lipsius</em></span> <span class='ocrx_word' id='word_1_339' title='bbox 404 2799 527 2845; x_wconf 78' lang='lat' dir='ltr'><em>Epist.</em></span> <span class='ocrx_word' id='word_1_340' title='bbox 551 2801 698 2845; x_wconf 82' lang='lat' dir='ltr'><em>quaesi.</em></span> <span class='ocrx_word' id='word_1_341' title='bbox 715 2796 787 2834; x_wconf 93' lang='grc' dir='ltr'><em>ΙΙΙ</em></span> <span class='ocrx_word' id='word_1_342' title='bbox 798 2796 849 2832; x_wconf 90' lang='grc'><em>21</em></span> <span class='ocrx_word' id='word_1_343' title='bbox 871 2800 1136 2841; x_wconf 76' lang='lat' dir='ltr'><em>consternatae,</em></span> <span class='ocrx_word' id='word_1_344' title='bbox 1157 2794 1311 2830; x_wconf 89' lang='lat' dir='ltr'><em>animum</em></span> <span class='ocrx_word' id='word_1_345' title='bbox 1332 2796 1582 2840; x_wconf 84' lang='lat' dir='ltr'><em>expectoratae</em></span> <span class='ocrx_word' id='word_1_346' title='bbox 1604 2790 1752 2827; x_wconf 88' lang='lat' dir='ltr'><em>uoluere</em></span> 
     </span>
     <span class='ocr_line' id='line_1_42' title="bbox 230 2847 1750 2897; baseline -0.005 -6"><span class='ocrx_word' id='word_1_347' title='bbox 230 2854 425 2891; x_wconf 88' lang='lat' dir='ltr'><em>Consilium</em></span> <span class='ocrx_word' id='word_1_348' title='bbox 454 2853 549 2891; x_wconf 90' lang='lat' dir='ltr'><em>subit</em></span> <span class='ocrx_word' id='word_1_349' title='bbox 577 2864 701 2890; x_wconf 85' lang='lat' dir='ltr'><em>omnes</em></span> <span class='ocrx_word' id='word_1_350' title='bbox 731 2863 751 2889; x_wconf 87' lang='lat' dir='ltr'><em>e</em></span> <span class='ocrx_word' id='word_1_351' title='bbox 778 2863 817 2889; x_wconf 86' lang='lat' dir='ltr'><em>re</em></span> <span class='ocrx_word' id='word_1_352' title='bbox 845 2857 924 2888; x_wconf 90' lang='lat' dir='ltr'><em>nata</em></span> <span class='ocrx_word' id='word_1_353' title='bbox 954 2851 1062 2889; x_wconf 86' lang='lat' dir='ltr'><em>modo</em></span> <span class='ocrx_word' id='word_1_354' title='bbox 1091 2851 1309 2888; x_wconf 80' lang='lat' dir='ltr'><em>Palmerius</em></span> <span class='ocrx_word' id='word_1_355' title='bbox 1336 2848 1514 2897; x_wconf 74' lang='lat' dir='ltr'><em>Spicileq.</em></span> <span class='ocrx_word' id='word_1_356' title='bbox 1544 2859 1609 2895; x_wconf 84' lang='lat' dir='ltr'><em>ap.</em></span> <span class='ocrx_word' id='word_1_357' title='bbox 1641 2847 1750 2885; x_wconf 84' lang='lat' dir='ltr'><em>Grul.</em></span> 
     </span>
    </p>
   </div>
  </div>
 </body>
</html>
