1942 3204
230 187 309 229 136
667 191 716 226 M.
730 190 980 224 >PACvV1VS
1074 193 1116 225 L.
1144 192 1319 225 A'r'r1vs

938 295 1037 336 LXI

345 354 445 395 ante
476 354 637 409 templo

344 432 521 486 propter
551 430 725 474 homine

343 509 513 563 praeter
545 508 840 550 condemnatis

930 586 1052 628 LXII

346 644 498 698 applar

348 762 678 804 desertitudines
921 705 1063 747 LXIII

790 895 850 949 L.
910 894 1189 952 ATTIVS

848 1007 1137 1051 ACHILLES

930 1092 951 1134 Ι
983 1090 1051 1150 (1)

345 1167 438 1218 Qua
469 1183 514 1209 re
546 1168 631 1209 alia
657 1182 707 1210 ex
728 1168 904 1210 crimine
923 1167 1195 1212 inimicorum
1216 1171 1401 1227 effugere
1421 1172 1573 1227 possis,
1604 1173 1750 1216 delica.

343 1321 409 1363 Ne
440 1323 533 1363 {slim
565 1336 661 1363 cum
692 1321 834 1364 ferua’o
863 1324 1012 1378 peciaus
1044 1323 1289 1366 iracundiae

228 1451 510 1487 declinationes,
543 1452 602 1484 hic
634 1452 800 1494 Iuppiter
829 1452 936 1484 huius
966 1453 1140 1496 Iuppitris
1170 1454 1256 1486 huic
1286 1455 1456 1497 Iuppitri.
1511 1456 1686 1498 Legimus
1716 1459 1754 1489 in

225 1496 344 1539 Capro
369 1497 442 1529 hic
468 1497 608 1539 Iouis,
634 1497 740 1529 huius
764 1498 876 1530 Iouis.
911 1498 1034 1530 Etiam
1052 1499 1216 1532 Naeuius
1242 1500 1374 1532 Accius
1397 1501 1603 1541 Pacuuius,
1630 1512 1754 1536 omnes

224 1543 287 1575 isti
312 1544 464 1574 utuntur
488 1542 555 1574 hoc
575 1542 771 1584 exemplo.'
853 1543 938 1575 LXI
956 1543 1150 1586 Pompeius
1169 1548 1360 1580 comment.
1386 1556 1421 1587 p.
1439 1547 1507 1579 408
1523 1546 1564 1579 L.
1589 1546 1753 1589 (gramm.

225 1589 326 1620 Latt.
351 1588 398 1619 H.
423 1587 539 1619 Keilii
563 1588 635 1620 uol.
660 1588 691 1620 V
716 1599 748 1630 p.
776 1589 859 1629 278,
885 1587 943 1630 21)
970 1591 1064 1622 ‘nou
1090 1589 1238 1623 dubitat
1261 1591 1513 1624 Pacuuius’
1540 1591 1754 1634 (pacuius

225 1630 426 1674 Wolfenb.)
453 1632 599 1665 ‘dicere
625 1636 727 1665 ante
747 1633 929 1676 templo;
955 1644 1028 1666 non
1045 1634 1190 1668 dubitat
1207 1635 1331 1668 dicere
1349 1639 1534 1679 propter
1557 1635 1753 1680 homine3

225 1688 297 1710 non
323 1677 470 1710 dubitat
493 1677 633 1720 dicere,
661 1678 753 1720 quod
779 1677 870 1710 dixit
894 1679 1007 1712 etiam
1033 1679 1254 1721 Sallustius,
1310 1684 1463 1714 raeter
1487 1682 1756 1716 condemna-

226 1723 298 1755 tis.
346 1723 415 1755 iste
447 1723 544 1755 enim
575 1723 708 1755 dixitz’
740 1722 864 1765 (Catil.
891 1724 949 1765 36)
983 1727 1154 1767 ‘praeter
1184 1736 1266 1758 reru
1337 1726 1555 1768 capitalium
1588 1727 1755 1761 condem-

226 1767 335 1801 natis.
384 1767 592 1800 inuenimus
616 1769 690 1801 ista
715 1769 866 1801 omnia?
914 1770 955 1801 In
980 1769 1043 1803 illo
1070 1771 1287 1804 ‘homine’
1321 1781 1364 1803 ac
1390 1772 1550 1805 fortasse
1583 1773 1693 1805 etiam
1719 1774 1756 1806 in

227 1812 438 1855 ‘templo’
465 1813 562 1856 fugit
577 1814 851 1856 grammaticum
871 1815 1007 1847 omissa
1023 1815 1142 1849 finalis
1161 1826 1364 1849 consonans
1379 1818 1426 1849 M.
1455 1816 1510 1849 De
1529 1817 1757 1850 Sallustiano

228 1858 391 1901 exemplo
425 1861 525 1891 recte
558 1858 697 1891 iudicat
721 1859 906 1904 Bergkius
937 1861 1090 1902 symbol.
1117 1862 1134 1894 1
1159 1872 1195 1904 p.
1220 1863 1264 1894 44
1290 1861 1373 1894 adn.
1477 1862 1599 1895 LXII³
1623 1863 1756 1897 Vulca-

226 1904 307 1935 nius
333 1903 444 1946 gloss.
471 1914 504 1945 p.
534 1906 573 1937 17
599 1905 773 1946 ‘appia,
801 1901 903 1943 εἶδος
928 1900 1105 1948 σκεύους,
1132 1901 1181 1945 ὡς
1207 1903 1446 1949 πακούβιος.’
1483 1907 1619 1940 Isidori
1643 1908 1753 1950 gloss,

228 1948 420 1991 ‘applare‚
448 1948 645 1981 cochlear!
687 1949 738 1980 cf.
764 1950 887 1990 Lydus
913 1950 955 1982 de
981 1961 1093 1985 mens.
1117 1953 1171 1985 25.
1213 1953 1311 1994 Ergo
1337 1952 1569 1985 scribendum
1595 1953 1758 1996 applar

227 1994 288 2026 nel
318 1993 466 2036 aplar,
491 1998 531 2026 ut
557 1995 652 2025 uidit,
676 1995 744 2026 Ios.
774 1995 880 2026 Klein
906 2006 996 2030 mus.
1020 1996 1135 2030 Rhen.
1153 1997 1274 2028 XXIV
1291 1998 1369 2030 295.
1455 1996 1583 2031 LXIIb
1607 1998 1756 2031 Incerta

230 2039 448 2071 coniectura
479 2038 526 2070 M.
553 2039 728 2071 Hertzius
762 2040 801 2071 in
832 2040 969 2075 annall.
1001 2041 1143 2083 philoll.
1171 2043 1258 2075 1869
1287 2053 1321 2083 p.
1348 2043 1412 2075 767
1437 2053 1489 2085 sq.
1516 2054 1560 2076 ex
1582 2043 1757 2076 Vulcanii

230 2083 361 2126 glossis
392 2083 685 2126 latino-graecis
716 2085 924 2117 Pacuuio
955 2086 1050 2118 hanc
1081 2087 1195 2119 tribui
1220 2086 1316 2118 uult:
1355 2087 1555 2120 ‘adfatio
1581 2082 1755 2131 ἐπίλογος

231 2123 424 2170 πρόφασις
451 2128 487 2169 (1.
514 2122 744 2171 πρόσφασις)
769 2130 1012 2172 προσομιλιά,
1046 2126 1100 2169 ὡς
1131 2127 1371 2170 πλούσιος’
1406 2131 1583 2173 (πλουσος
1607 2133 1755 2176 Labb.)‚

233 2184 314 2206 cum
339 2174 506 2206 Plauto
524 2174 743 2215 Vulcanius,
771 2176 951 2208 Plautio
977 2180 1061 2219 post
1086 2177 1275 2209 Osannum
1299 2177 1327 2210 Ι.
1344 2177 1514 2210 Kleinius
1530 2187 1620 2210 mus.
1640 2179 1755 2212 Rhen.

231 2220 351 2252 XXIV
370 2220 436 2251 295
454 2229 509 2260 sq.
530 2220 783 2262 ascripserint.
860 2221 983 2255 LXIII
1010 2222 1119 2254 Statii
1145 2223 1430 2255 commentarius
1456 2222 1760 2264 (‘11etnstissima-

234 2274 309 2296 rum
335 2263 664 2305 membranarum’,
697 2265 729 2297 si
753 2265 858 2298 modo
884 2266 982 2308 uere)
1007 2267 1180 2300 laudatus
1211 2278 1232 2299 a
1255 2266 1364 2310 Casp.
1389 2267 1544 2300 Barthio
1576 2269 1757 2305 animadu,

235 2310 280 2341 ad
306 2309 417 2341 Statii
443 2309 557 2342 Theb.
580 2310 632 2342 IV
657 2312 721 2343 737
747 2321 781 2352 p.
810 2312 913 2343 1230:
941 2310 1120 2355 ‘deserta]
1146 2312 1512 2346 desertitudines.
1553 2314 1601 2345 Vt
1626 2314 1758 2347 Placu-

231 2355 343 2387 bius.'
380 2355 582 2387 Pacuuium
608 2355 715 2387 citari
738 2355 835 2387 uidit
850 2356 1042 2399 Barthius,
1067 2358 1254 2390 indicauit
1270 2357 1367 2390 hunc
1383 2357 1499 2390 locum
1515 2359 1607 2392 Rob.
1633 2360 1760 2402 Unger

233 2400 396 2442 ‘Papinii
421 2399 534 2432 Statii
560 2400 690 2443 ecloga
714 2400 864 2433 ultima’
893 2412 926 2444 p.
954 2404 1019 2435 242
1045 2403 1169 2435 adnot.

330 2445 461 2477 Varias
487 2446 643 2478 nominis
667 2446 808 2479 ATT1vs
826 2446 967 2481 Acnvs
985 2448 1123 2481 Acclvs
1141 2449 1279 2480 formas
1302 2449 1442 2481 curiose
1460 2452 1610 2482 enotare
1635 2459 1759 2492 super-

232 2489 380 2526 sedebo,
507 2491 700 2523 AcmLLEs
727 2491 925 2529 (AcmLEsz
958 2493 1006 2526 cs.
1035 2493 1079 2526 fr.
1106 2493 1157 2533 11)
1181 2494 1199 2526 Ι
1223 2495 1316 2527 Non.
1342 2495 1401 2533 98,
1429 2496 1449 2527 6
1482 2494 1670 2535 ‘delio-a,
1697 2505 1755 2526 ex-

230 2534 360 2578 plana,
387 2534 521 2568 indica.
547 2536 683 2568 Accius
710 2536 873 2569 Achille=
900 2541 1014 2580 quae’
1041 2549 1072 2571 e.
1093 2549 1125 2580 q.
1143 2548 1170 2570 s.
1206 2538 1306 2570 Idem
1332 2540 1410 2579 277,
1435 2540 1477 2571 28
1503 2539 1675 2572 ‘delica
1701 2542 1757 2571 est

232 2581 338 2622 aperi
364 2584 400 2612 et
428 2581 586 2622 explana
609 2606 617 2613 .
637 2606 645 2614 .
669 2606 676 2613 .
706 2581 839 2614 Accius
870 2583 909 2614 in
932 2583 1094 2616 Achille:
1126 2586 1218 2626 qua’
1246 2595 1278 2616 e.
1305 2594 1337 2626 q.
1365 2595 1392 2616 s,
1502 2584 1537 2616 11
1561 2584 1650 2617 Non.
1677 2586 1754 2623 504,

230 2628 272 2659 27
299 2626 479 2658 ‘seruat
502 2637 568 2668 pro
594 2626 740 2659 ferueat
839 2627 973 2661 Accius
999 2628 1115 2661 Acille
1140 2632 1214 2662 ...²
1241 2627 1444 2670 (Achille
1469 2629 1610 2670 Bamb.)

346 2769 366 2805 1
399 2769 465 2805 alia
493 2770 583 2806 libri
616 2772 791 2818 plerique
818 2782 858 2817 p.
893 2769 986 2816 277,
1031 2771 1158 2808 Vrbin.
1189 2783 1229 2819 p.
1260 2771 1311 2808 98
1350 2771 1433 2807 alias
1466 2771 1588 2808 Basil.
1618 2772 1752 2809 ibidem

231 2826 299 2862 alio
333 2827 451 2862 Bern.
485 2827 506 2862 b
536 2827 670 2862 ibidem
700 2826 786 2863 aliae
818 2829 938 2863 celeri
965 2828 1056 2864 libri
1081 2839 1120 2875 p.
1145 2827 1196 2865 98
1295 2827 1318 2863 2
1348 2827 1528 2863 iracundia
1561 2829 1618 2864 ed.
1645 2828 1751 2866 1526

342 2882 391 2918 Ne
422 2882 504 2918 dum
536 2894 615 2919 cum
646 2883 762 2919 seruat
792 2884 910 2920 uictus
940 2883 1119 2920 iracundia
1149 2884 1355 2922 Frate-rius
1396 2885 1515 2922 Veris.
1538 2884 1626 2922 115
