1942 3204
268 195 347 237 188
902 196 943 227 12.
965 194 1143 227 *ATTIVS

386 301 543 343 Saxum
576 303 650 342 aut
681 300 896 356 procellis,
927 299 996 340 uel
1029 299 1230 356 globosos
1262 298 1454 340 turbines

385 377 581 420 Existere
612 378 720 420 ictos
752 377 877 419 lindis
911 375 1281 418 concursantibus:

383 455 479 497 Nisi
512 456 617 510 queis
648 455 861 497 terrestris
893 455 1053 509 pontus
1085 455 1250 509 strages
1282 453 1464 508 conciet,

266 533 353 574 400
384 531 475 574 Aut
505 533 616 574 forte
650 532 803 574 Triton
833 531 1001 574 fuscina
1032 531 1228 572 euertens
1261 545 1412 586 specus

387 608 543 664 Supter
573 609 736 650 radices
767 609 939 664 penitus
971 608 1163 650 undante
1194 606 1242 649 1'11
1271 608 1383 650 freto

386 686 546 728 Molem
579 688 628 728 ex
659 686 873 742 profundo
906 686 1077 727 saxeam
1110 685 1162 727 ad
1195 685 1358 727 caelum
1390 685 1527 740 erigit.

771 763 826 806 II.
857 761 923 805 III
957 761 1140 819 (Argon.
1173 763 1211 805 2.
1243 761 1290 819 3)

390 840 509 882 Sicut
538 840 689 882 lasciui
721 843 848 896 atque
882 840 1041 882 alacres
1073 840 1224 883 rostris
1255 840 1522 896 perfremunt

267 888 355 989 ἓῧὲ
386 916 610 973 Delphini,
642 918 745 959 item
777 918 865 960 alto
897 918 1057 960 mulcta
1090 915 1258 960 Siluani
1285 918 1396 959 melo

388 993 666 1037 Consimil'em
698 995 751 1037 ad
784 983 898 1037 auris
930 996 1105 1037 cantum
1137 997 1179 1037 et
1211 994 1404 1037 auditum
1434 995 1576 1037 refert.

947 1071 1011 1114 IV
1045 1070 1111 1129 (1)

387 1149 496 1206 'Ego
534 1164 602 1192 me
640 1150 797 1192 extollo
841 1150 888 1192 in
926 1149 1127 1205 abietem,
1166 1150 1250 1192 alte
1290 1164 1340 1191 ex
1376 1151 1472 1191 tuto
1518 1150 1791 1205 prospectum

1337 1229 1514 1281 aucupo.

269 1322 394 1366 procul
421 1322 582 1355 diuinum
608 1325 644 1354 ct
669 1332 804 1354 nouum
827 1322 1038 1355 uehiculum
1062 1322 1353 1364 Argonautarum
1385 1332 1403 1354 e
1435 1323 1558 1354 monte
1590 1322 1792 1364 conspexit,

270 1369 386 1412 primo
422 1368 607 1400 admirans
638 1370 675 1399 et
705 1368 925 1410 perterritus
955 1367 1025 1400 hoc
1049 1367 1155 1400 modo
1184 1367 1348 1410 loquitur
1375 1363 1436 1410 [I].
1485 1366 1643 1399 Dubitat
1667 1367 1794 1409 primo,

272 1424 365 1456 quae
393 1413 440 1447 sit
466 1424 509 1445 ea
534 1416 687 1454 natura,
718 1422 825 1455 quam
851 1413 970 1446 cernit
994 1413 1174 1456 ignotam,
1205 1412 1375 1454 idemque
1399 1411 1595 1445 iuuenibus
1619 1412 1708 1444 uisis
1733 1422 1796 1444 au-

270 1460 417 1502 ditoque
443 1459 593 1491 nautico
620 1460 728 1490 cantu
756 1456 980 1501 [403—406].
1012 1459 1110 1500 Ergo
1135 1460 1176 1490 ut
1200 1458 1258 1490 hic
1276 1458 1389 1500 primo
1416 1461 1571 1500 aspectu
1596 1457 1795 1490 inanimum

271 1504 442 1548 quiddam
469 1513 650 1546 sensuque
674 1513 831 1535 uacuum
855 1514 893 1536 se
919 1506 1024 1546 putat
1049 1513 1212 1545 cernere,
1237 1505 1320 1546 post
1345 1505 1466 1535 autem
1493 1503 1610 1544 signis
1635 1503 1796 1536 certiori-

269 1551 356 1591 bus,
389 1549 497 1592 quale
523 1549 571 1581 sit
595 1548 632 1580 id
657 1548 701 1580 de
727 1559 797 1591 quo
824 1548 1079 1590 dubitauerat,
1105 1548 1238 1591 incipit
1262 1548 1461 1591 suspicari:
1487 1548 1541 1581 sic
1566 1547 1794 1591 philosophi'

271 1606 302 1628 e.
319 1606 354 1638 q.
372 1605 399 1627 s.
421 1595 506 1636 (Hie
523 1594 627 1626 locus
645 1593 750 1626 deest
766 1595 803 1626 in
821 1594 929 1629 Vind.
947 1597 985 1627 et
1002 1593 1098 1635 Pal.)
1115 1594 1330 1626 Priscianus
1348 1593 1392 1626 de
1409 1593 1536 1626 metris
1553 1593 1636 1626 Ter.
1653 1604 1688 1635 p.
1710 1594 1795 1626 1325

270 1643 311 1676 P.
330 1641 497 1683 (gramm.
516 1640 613 1672 Latt.
631 1639 744 1671 Keilii
760 1639 832 1671 uol.
850 1639 904 1671 111
922 1649 956 1681 p.
971 1639 1054 1678 424)
1080 1639 1230 1672 ‘Accius
1254 1640 1298 1671 in
1316 1637 1597 1681 Argonautis
1622 1649 1673 1671 ex
1697 1649 1796 1681 per-

270 1696 378 1719 sona
404 1685 621 1728 pastoris,
656 1685 730 1727 qui
755 1685 938 1727 primam
963 1684 1084 1717 uidit
1108 1694 1264 1717 nauem
1289 1683 1404 1727 Argo
1432 1683 1652 1727 [400—402.
1677 1685 1795 1717 392-

271 1729 382 1774 394].'
409 1730 555 1763 -Nonius
572 1731 627 1771 90,
653 1731 673 1762 8
698 1730 956 1770 ‘conciere,
984 1740 1063 1762 cum
1089 1730 1366 1772 perturbatione
1384 1739 1610 1764 eonmouerc.
1636 1729 1797 1762 Accius

269 1775 428 1810 Medea
448 1772 573 1819 [399].’
606 1775 834 1808 Buechelero
860 1785 1008 1808 suasore
1026 1775 1242 1808 continuaui
1258 1785 1352 1807 nunc
1376 1774 1414 1807 II
1431 1777 1468 1806 et
1485 1775 1554 1816 III,
1580 1784 1648 1807 nec
1664 1774 1710 1807 ab
1736 1784 1796 1807 ea-

272 1823 352 1855 dem
378 1822 566 1854 sententia
589 1820 698 1863 longe
718 1821 847 1854 aberat
864 1820 1115 1863 Kiesslingius
1191 1821 1241 1854 IV
1259 1820 1352 1853 Non.
1370 1820 1450 1860 467,
1469 1821 1510 1852 19
1529 1819 1795 1862 ‘aucupaui,

271 1868 435 1900 actiuum
460 1866 615 1909 positum
642 1876 706 1909 pro
723 1866 871 1909 passiuo
895 1891 902 1899 .
918 1891 925 1899 .
941 1892 948 1899 .
971 1866 1104 1899 Accius
1120 1864 1348 1908 Astyanacte
1374 1890 1381 1897 .
1396 1890 1404 1898 .
1420 1889 1426 1896 .
1450 1864 1546 1896 idem
1564 1864 1698 1896 Medea
1720 1889 1728 1897 .
1744 1889 1751 1896 .
1765 1867 1795 1897 ‚⁹

276 1988 364 2024 Itius
392 1990 429 2023 in
463 1987 621 2033 Ephem.
653 1986 823 2022 Darmst.
849 1984 953 2022 1841
975 1997 1014 2032 p.
1038 1985 1089 2022 92
1197 1984 1276 2022 397
1306 1983 1481 2033 procellas
1515 1984 1706 2032 Berylcius
1724 1986 1750 2020 l.
1770 1986 1795 2020 l.

388 2043 471 2081 400
501 2042 643 2078 auforte
666 2042 740 2078 Cic.
763 2042 866 2078 Laid.
891 2043 928 2077 B
1015 2041 1173 2078 fuscinae
1207 2047 1351 2077 uertens
1374 2041 1450 2078 Cic.
1473 2040 1577 2077 Leid.
1599 2040 1632 2076 Α
1663 2040 1797 2077 sustine

272 2105 418 2136 uertens
451 2101 536 2136 Eri.
570 2098 766 2135 Ciceronis
895 2098 974 2135 401
1009 2099 1361 2146 supterrPrisciani
1388 2098 1491 2134 Leid.
1525 2097 1556 2133 V
1583 2096 1707 2133 subter
1737 2108 1798 2133 ce-

272 2159 346 2193 teri
374 2157 465 2193 libri
558 2154 704 2191 undanti
734 2154 886 2206 infrapto
917 2155 1042 2192 Prisc.
1064 2155 1180 2191 Parr.
1204 2155 1288 2202 AR,
1323 2156 1404 2192 Vat.
1427 2154 1530 2191 Leid.
1564 2153 1595 2190 V
1623 2152 1798 2190 undantes

272 2214 419 2250 ueniant
449 2213 542 2249 freto
567 2212 764 2248 Ciceronis
791 2214 896 2250 codd.
1012 2209 1093 2250 402
1125 2216 1161 2247 at
1181 2213 1310 2249 Leidd.
1332 2211 1408 2257 AC,
1439 2223 1507 2247 om.
1531 2210 1616 2246 Eri.
1693 2210 1800 2258 erigit

271 2271 545 2306 Laclemannus
564 2270 602 2304 in
627 2269 743 2305 Lucr.
767 2269 799 2307 V
814 2269 920 2307 1388
952 2269 1045 2305 eruit
1071 2267 1216 2314 Cicero,
1239 2268 1437 2305 Prisciani
1455 2267 1573 2305 Parr.
1596 2266 1680 2312 AR,
1713 2266 1794 2303 Vat.

271 2327 403 2362 meruit
433 2326 534 2363 Leid.
572 2325 603 2362 V
631 2325 742 2361 uomit
773 2327 854 2362 edd.
886 2327 1082 2372 interpol.,
1118 2325 1313 2373 Berylcius
1341 2327 1367 2361 l.
1394 2326 1420 2361 l.
1459 2323 1595 2360 euomit
1629 2323 1798 2369 Toupius
1828 2314 1835 2320 ”

271 2386 311 2419 in
332 2383 493 2431 Lonyini
521 2384 566 2419 dc
596 2383 692 2419 subl.
717 2382 739 2418 3
770 2382 893 2418 euehit
915 2383 1088 2419 Is'lotzius
1174 2381 1255 2419 403
1278 2382 1370 2417 sicut
1391 2380 1514 2416 lasciui
1534 2386 1638 2416 nunc
1659 2380 1800 2426 scripsi

273 2441 366 2475 sicut
395 2439 495 2475 inciti
516 2440 600 2475 Eri.
632 2449 716 2475 cum
739 2440 844 2478 codd.
866 2440 1085 2486 plerisque,
1118 2439 1313 2486 Berylcius
1331 2440 1356 2475 l.
1385 2439 1410 2473 l.
1442 2437 1493 2472 sic
1512 2440 1574 2472 aut
1591 2435 1691 2472 inciti
1712 2437 1796 2472 olim

273 2497 361 2532 dedi
388 2496 440 2531 sic
467 2496 603 2532 incitati
637 2495 763 2541 Gloy.,
795 2495 1046 2542 Heindorfius
1083 2495 1190 2530 sicuti
1219 2494 1280 2530 citi
1311 2494 1375 2530 uel
1403 2498 1443 2528 ut
1475 2493 1574 2529 inciti
1595 2485 1798 2528 Mdnutius

273 2553 325 2589 sic
345 2552 390 2588 Vt
409 2552 508 2588 inciti
531 2552 694 2588 Botlzius
715 2551 766 2587 sic
785 2552 883 2587 inciti
907 2551 1071 2588 Orellius
1090 2551 1188 2587 simis
1209 2551 1309 2587 inciti
1330 2546 1604 2586 Lachmannus
1623 2550 1663 2584 in
1678 2548 1796 2584 Lucr.

274 2608 323 2646 II
339 2608 419 2646 266
451 2609 544 2645 sicut
572 2608 705 2646 conciti
729 2619 843 2654 prop.
870 2609 1137 2644 Buechelerus
1221 2606 1469 2655 perfremitum
1491 2605 1574 2641 Erl.
1599 2603 1797 2652 perfricant

275 2665 435 2702 ‘nauem
466 2666 568 2713 Aryo
598 2663 766 2700 scilicet'
799 2664 1073 2701 Lachmannus
1099 2665 1125 2700 l.
1154 2665 1179 2700 Ζ.
1266 2662 1348 2700 404
1370 2673 1425 2708 sq.
1455 2662 1541 2697 item
1570 2660 1642 2696 alio
1666 2660 1797 2696 mulcta

274 2724 417 2770 scripsi
435 2722 519 2757 item
541 2721 607 2757 alia
629 2720 739 2756 multa
758 2721 866 2766 libri,
899 2731 999 2768 quae
1019 2722 1133 2769 uulyo
1148 2731 1224 2767 pro
1247 2719 1439 2770 Ciceronis
1459 2717 1587 2754 uerbis
1607 2717 1798 2753 habentur

274 2779 358 2814 item
379 2778 438 2814 illa
460 2782 555 2813 mota
578 2779 638 2814 uel
658 2782 756 2813 muta
774 2789 887 2824 prop.
906 2776 1173 2814 Buechelcrus
1248 2776 1375 2812 siluata
1397 2773 1490 2810 melo
1506 2773 1589 2809 Eri.
1665 2778 1725 2808 aut
1747 2774 1798 2809 sic

276 2834 410 2870 Siluani
432 2833 543 2870 melos
567 2836 664 2872 coni.
677 2833 932 2882 Kiesslinqius
1009 2832 1090 2870 406
1113 2832 1298 2869 consimile
1319 2831 1510 2868 Ciceronis
1528 2829 1618 2866 libri
1693 2840 1796 2866 aures

277 2891 472 2928 Ciceronis
491 2891 580 2927 libri
649 2889 729 2928 407
752 2889 856 2927 altam
873 2890 1033 2927 Botlzius
1090 2894 1321 2938 prospectum
1336 2888 1540 2925 Gulielmus
1554 2886 1672 2923 Veris.
1689 2886 1716 2923 I
1729 2884 1796 2932 21,
