1942 3204
815 236 859 271 L.
883 234 1062 270 AT‘rlvs
1628 230 1710 274 201

858 339 926 384 111
957 338 1026 399 (6)

476 451 484 460 .
536 451 545 460 .
595 420 769 474 praesto
801 418 933 462 etiam
964 417 1128 462 tidsum.
1160 444 1216 450 -

292 495 509 552 Exprome
541 495 644 552 quid
675 495 781 539 fers:
813 498 916 540 mim
946 499 990 541 te
1015 497 1150 555 longo
1185 494 1273 555 [ab]
1306 494 1413 539 itere
1440 510 1568 539 cerno
1597 493 1712 554 [hue]

1250 574 1422 618 madere.

860 634 925 679 IV
957 633 1026 693 (7)

173 699 261 755 500
293 711 554 770 Conitigium
584 711 695 756 Pisis
726 714 891 770 petere,
923 713 978 756 ad
1008 714 1052 756 te
1083 712 1215 756 itiner
1245 711 1434 755 tendere.

381 797 391 806 ”
870 790 912 834 V
944 788 1013 849 (9)

294 868 486 912 Horrida
516 868 795 912 honestitrido
827 867 1029 925 Europae
1061 866 1325 925 principium
1363 868 1503 925 primo
1537 868 1588 910 ex
1619 867 1714 910 loco

803 968 811 974 ‘
861 945 927 990 VI
958 943 1027 1004 (3)

292 1023 389 1081 Ego
421 1027 470 1067 ut
493 1026 638 1068 'essem
669 1025 824 1068 adfinis
855 1022 957 1080 tibi,
987 1038 1079 1067 non
1110 1026 1159 1066 ut
1189 1026 1232 1066 te
1266 1022 1583 1080 extinguerem,

294 1102 433 1146 Tuam
463 1103 568 1159 petii
600 1105 797 1160 gnatam:
828 1105 1009 1145 mimero
1041 1104 1085 1145 te
1117 1102 1340 1159 expugnet
1370 1101 1512 1144 timor.

685 1165 687 1167 ’
847 1179 936 1224 v11
968 1178 1036 1238 (5)

294 1256 453 1301 Saxum
485 1258 527 1300 id
559 1258 665 1301 facit
695 1258 1027 1315 angiistitatem,
1066 1260 1110 1301 et
1140 1258 1220 1301 stib
1253 1273 1303 1300 eo
1337 1273 1441 1301 saxo
1475 1257 1715 1300 extiberans

175 1335 264 1379 505
295 1334 501 1379 Scatebra
531 1336 688 1379 fluuiae
720 1336 836 1379 radit
865 1351 1029 1393 rupem.

839 1412 951 1457 VIII
983 1411 1051 1471 (4)

295 1491 615 1548 Quemctimque
647 1492 891 1535 institeram
918 1495 1163 1549 grtimmum
1190 1494 1266 1534 aut
1291 1492 1533 1548 praeeistim
1564 1492 1714 1549 iugum

270 1599 325 1632 111
349 1598 444 1632 Non.
470 1600 556 1640 485,
581 1601 602 1632 5
627 1599 784 1632 ‘iteris
810 1599 972 1643 positum
998 1609 1062 1643 pro
1088 1599 1235 1632 itineris
1259 1623 1289 1631 ..
1306 1602 1334 1632 .’
1444 1600 1494 1633 lv
1520 1599 1612 1632 Non.
1639 1599 1717 1637 482,

175 1646 220 1678 26
253 1645 420 1678 ‘itiner
451 1645 588 1678 dictum
614 1655 678 1688 pro
702 1644 773 1678 iter
801 1670 810 1679 .
830 1669 839 1679 .
858 1670 866 1678 .
888 1648 916 1678 .'
1035 1646 1065 1678 V
1090 1645 1182 1677 Non.
1211 1646 1293 1684 120,
1318 1646 1359 1678 31
1394 1644 1716 1678 ‘honestitudo

176 1701 241 1734 pro
265 1689 465 1723 honestas?
557 1689 608 1724 v1
634 1691 772 1723 Festus
796 1701 830 1734 p.
861 1692 924 1724 170
947 1690 997 1726 M,
1023 1693 1226 1723 ‘numero
1251 1690 1401 1723 nimium
1426 1691 1519 1730 cito,
1546 1689 1719 1723 celeriter

177 1736 328 1768 nimium
353 1754 396 1758 —
428 1735 554 1769 Attius
587 1736 625 1768 in
650 1736 857 1769 Oenomao:
883 1738 979 1778 ego’
1012 1746 1045 1768 e.
1072 1746 1103 1779 q.
1129 1746 1157 1768 s.
1206 1735 1297 1768 Non.
1324 1738 1410 1778 352,
1439 1738 1480 1769 17
1513 1739 1716 1769 ‘numero

177 1781 364 1824 significat
382 1781 469 1816 cito.
502 1781 634 1814 Accius
651 1781 858 1815 Oenomao:
883 1791 1064 1814 numero
1090 1785 1132 1814 te
1159 1782 1463 1823 expurgasti)
1538 1781 1714 1816 v11Nou.

177 1828 234 1869 73,
260 1828 304 1860 24
328 1827 707 1870 ‘angustitatem.'
739 1827 831 1869 (dic
845 1830 932 1859 tum
958 1837 1035 1870 pro
1060 1827 1277 1869 angustia
1301 1826 1408 1859 addit
1425 1826 1568 1866 Bamb.)
1612 1827 1716 1858 Haec

176 1872 330 1905 Paetum
356 1873 394 1905 in
420 1871 580 1915 epistula
605 1872 653 1904 ad
677 1871 891 1906 Ciceronem
910 1871 1119 1905 laudanisse
1146 1875 1184 1905 et
1209 1872 1288 1914 ipse
1315 1876 1460 1914 quaest.
1479 1882 1578 1905 scen.
1598 1883 1629 1915 p.
1650 1874 1716 1905 333

178 1918 286 1951 docui
308 1921 346 1951 et
368 1918 510 1951 monuit
527 1917 742 1951 Krahnerus
760 1919 798 1951 in
815 1917 968 1960 Bergkii
986 1918 1128 1961 ephem.
1150 1918 1236 1950 1852
1254 1927 1290 1960 p.
1305 1918 1389 1951 398:
1417 1917 1473 1950 illi
1490 1918 1718 1961 respondens

177 1963 310 1997 Cicero
334 1963 383 1996 ad
400 1963 486 1996 fam.
504 1963 557 1996 IX
576 1965 629 2006 16,
648 1965 668 1995 4
695 1963 834 1996 adlusit
859 1963 933 1997 his:
961 1967 1087 2006 ‘quam
1111 1964 1157 1996 ob
1182 1973 1257 1995 rem
1284 1963 1507 1996 Oenomao
1534 1967 1597 1996 tuo
1625 1962 1716 1996 nihil

177 2013 275 2049 utor3
315 2009 387 2042 etsi
418 2009 577 2051 posuisti
607 2009 688 2042 loco
722 2019 882 2043 uersus
906 2009 1142 2042 Accianos.
1193 2007 1258 2042 sed
1289 2019 1383 2052 quae
1414 2013 1472 2042 est
1508 2008 1716 2042 inuidia?

180 2058 246 2088 aut
271 2054 357 2098 quid
380 2054 471 2087 mihi
495 2065 593 2088 nuno
617 2054 778 2088 inuideri
809 2056 958 2098 potest?
987 2079 1088 2088 .....
1120 2055 1175 2087 ita
1200 2054 1239 2086 fit
1263 2058 1304 2086 ut
1334 2058 1373 2087 et
1397 2054 1631 2088 consiliorum
1658 2065 1718 2087 sn-

180 2100 362 2144 per-iorum
394 2100 625 2133 conscientia
657 2104 694 2132 et
725 2101 931 2143 praesentis
961 2100 1135 2144 temporis
1168 2099 1421 2133 moderatione
1454 2111 1509 2133 me
1536 2100 1718 2140 consoler,

178 2150 216 2179 et
240 2145 369 2179 illam
387 2145 515 2179 Accii
532 2145 887 2180 similitudinem
905 2156 989 2179 non
1009 2143 1175 2191 [modo’z
1202 2148 1303 2179 recte
1323 2144 1392 2178 del.
1412 2144 1581 2189 Ernesti]
1609 2146 1716 2178 ‘iam

181 2190 236 2224 ad
254 2190 494 2233 inuidiam,
519 2191 585 2224 sed
603 2191 650 2224 ad
669 2191 856 2225 fortunam
882 2192 1116 2232 transferam,
1144 2202 1251 2235 quam
1269 2191 1440 2224 existimo
1468 2191 1584 2224 leuem
1609 2195 1646 2223 et
1665 2192 1715 2223 in-

179 2236 350 2270 becillam
376 2237 422 2270 ab
448 2239 571 2270 animo
588 2236 688 2270 firmo
714 2239 751 2270 et
775 2237 882 2279 graui
908 2241 1126 2280 tamquam
1155 2237 1347 2270 fluctum
1373 2247 1395 2269 a
1420 2247 1528 2270 saxo
1562 2237 1715 2278 frangi

179 2284 377 2325 oportere)
424 2282 515 2316 vlu
531 2282 625 2317 Non.
641 2284 694 2324 15,
707 2283 752 2316 25
778 2285 788 2302 ‘
802 2293 1024 2325 grummus
1039 2282 1177 2316 dieitur
1195 2293 1322 2326 agger,
1340 2293 1362 2315 a
1379 2283 1550 2325 congerie
1568 2282 1718 2315 dietus-2

295 2413 377 2451 498
409 2415 488 2452 Pro
514 2415 761 2462 paroemiaci
784 2416 988 2463 particula
1017 2415 1140 2453 habeo
1226 2420 1351 2463 presto
1377 2414 1509 2451 Bamb.
1589 2412 1715 2463 etiam]

184 2483 235 2508 an
266 2482 321 2508 em
353 2471 445 2508 iam?
476 2470 531 2519 cf.
552 2483 588 2508 u.
611 2471 692 2510 302
791 2471 873 2510 499
906 2472 999 2509 seras
1024 2473 1290 2510 Buechelerus
1376 2470 1419 2507 ab
1448 2483 1518 2510 om.
1546 2472 1636 2508 libri

182 2528 253 2565 huc
279 2525 348 2565 oni.
377 2529 469 2565 libri
582 2527 665 2566 500
695 2528 783 2565 Pisis
815 2528 947 2566 Delrio
978 2528 1071 2566 'risis
1100 2530 1193 2566 libri
1284 2534 1409 2576 petere
1436 2528 1563 2565 Delrio
1596 2534 1718 2576 palere

184 2585 318 2622 Bamb.
349 2589 452 2633 pater
483 2587 604 2622 celeri
630 2586 722 2623 libri
805 2585 847 2623 ad
881 2591 915 2622 le
944 2586 1083 2624 Iunius
1111 2589 1149 2623 in
1181 2599 1251 2635 my.
1283 2591 1339 2621 eat
1372 2590 1405 2621 te
1436 2586 1528 2622 libri
1542 2586 1718 2632 plerique

181 2653 198 2678 a
232 2645 266 2678 te
290 2641 429 2679 Bamb.
461 2652 504 2678 eo
535 2647 571 2678 te
591 2642 724 2679 Delrio
802 2643 872 2679 iter
894 2642 1030 2681 Bamb.
1120 2643 1199 2681 501
1235 2641 1401 2688 horrida,
1433 2643 1540 2678 immo
1572 2640 1716 2678 hor-ida:

182 2698 237 2746 cf.
259 2697 314 2736 80
402 2694 637 2749 principium]
670 2698 724 2747 cf.
757 2699 1032 2738 Luckmannus
1062 2702 1099 2737 in
1121 2700 1237 2737 Lacr.
1261 2700 1284 2737 1
1305 2697 1385 2735 744
1416 2699 1619 2746 principum
1640 2697 1717 2733 Bo-

118 2769 127 2779 ·
183 2753 286 2792 thius
307 2753 351 2801 2,
380 2754 477 2803 fort.
509 2760 635 2793 recte.-
666 2756 718 2804 cf.
741 2754 823 2794 419
912 2756 994 2795 502
1017 2757 1104 2806 petii
1134 2760 1248 2805 uulyo
1279 2755 1352 2806 peti
1385 2756 1464 2791 cod.
1574 2759 1717 2803 gnatam

194 2811 357 2849 Vrsinus
377 2817 484 2861 gnata
505 2813 587 2850 cod.
666 2818 850 2863 expugnat
873 2814 982 2850 timor
1005 2813 1047 2850 0.
1069 2813 1284 2851 Muellerus
1304 2816 1481 2860 expurgat
1504 2811 1612 2847 timor
1633 2811 1718 2848 cod.

184 2891 293 2928 Festi
310 2892 520 2941 expurgasti
541 2892 689 2930 Nonius
776 2892 858 2930 504
880 2894 1138 2941 augustitatem
1158 2893 1264 2929 Leid.
1297 2870 1553 2938 ³¹1¹1g11stitate=11
1585 2890 1631 2926 W

184 2946 266 2985 505
297 2944 447 2999 ssuuise]
480 2948 535 2996 cf.
557 2949 832 2987 Lachmannus
862 2951 900 2986 in
929 2950 1046 2987 Lucr.
1067 2962 1107 2997 μ.
1132 2949 1212 2987 326
1301 2947 1383 2986 506
1414 2949 1472 2983 An
1502 2947 1719 2984 institeriun‘!
