1942 3204
256 192 339 233 214
890 193 938 227 L.·
959 192 1134 226 Ar'rlvs

922 295 1009 338 XII
1061 296 1087 338 3

375 373 507 416 Iussit
538 374 749 429 proficisci
780 372 956 416 exilium
989 294 1140 428 qu(0u)is
1173 374 1384 430 gentium,

259 453 345 493 600
376 451 442 494 Ne
475 451 630 493 scelere
662 453 737 493 tuo
771 450 965 493 Thebani
997 452 1244 493 uastesc‘c'mt
1275 451 1379 506 agri.

901 526 1010 569 xm
1042 525 1139 584 (12)

437 639 444 647 .
491 620 598 660 quae
620 619 700 660 ego
721 606 875 646 cuncta
895 606 986 647 esse
1011 605 1126 647 fluxa
1145 606 1191 647 in
1211 607 1304 647 mezi
1325 621 1368 647 re
1390 621 1562 661 crepera
1582 607 1779 662 e6mperi.
1821 655 1828 663 ἱ

896 699 1150 742 THEBAIS

380 777 461 826 Qui
494 777 566 819 ubi
599 777 651 818 {ul
682 776 912 819 Dircaeum
942 778 1108 819 f6n’cem
1139 777 1394 832 adueniuntj'
1422 778 1623 821 mundule

375 853 627 895 Nitidz'm’nur
656 854 827 910 iugulos
859 854 1245 910 quadripedanhum
1279 855 1542 911 sonipedum.

571 1004 575 1008 ·
640 988 1053 1033 PROMETHEVS·
1097 990 1208 1034 Vide
1239 1007 1280 1047 p.
1315 992 1395 1034 187

496 1089 852 1134 STASIASTAE
884 1091 954 1133 uel
986 1090 1307 1135 TROPAEVM
1339 1090 1540 1136 UBERI

961 1168 982 1210 Ι
1015 1166 1082 1226 (1)

377 1243 614 1299 Corporare
646 1245 722 1306 abs,
753 1245 876 1300 tergo
909 1260 953 1287 es
986 1260 1115 1288 ausus

948 1321 993 1364 II
1026 1320 1093 1380 (2)

259 1397 345 1440 605
378 1397 485 1440 Cum
518 1398 596 1440 sub
629 1396 818 1441 crudeles
846 1398 992 1442 dolore
1022 1399 1106 1442 hoo
1137 1400 1280 1442 z'mima
1312 1415 1465 1456 corpus
1496 1399 1670 1457 liquerit

348 1516 420 1549 XII
443 1517 535 1550 Non.
564 1518 646 1558 185,
672 1518 692 1549 6
719 1519 1008 1551 ‘nastescant
1033 1517 1219 1560 significat
1243 1519 1500 1551 inhorrescant
1522 1520 1582 1553 uel
1608 1520 1781 1554 deseran-

258 1564 341 1594 tur.’
384 1561 503 1595 Creon
527 1562 625 1605 apud
649 1562 862 1605 Euripidem
887 1573 921 1595 u.
950 1564 1036 1596 1590
1061 1562 1192 1605 σαφῶς
1217 1558 1288 1607 γὰρ
1315 1559 1397 1597 εἷπε
1418 1564 1616 1607 Τειρεσίας
1640 1560 1686 1599 οὗ
1709 1561 1781 1610 μή-

256 1617 349 1640 ποτε
375 1605 456 1640 Σοῦ
482 1601 598 1649 τήνδε
623 1606 696 1651 γῆν
722 1604 921 1647 οἰκοῦντος
946 1598 988 1641 εὖ
1013 1602 1176 1651 πράξειν
1200 1605 1331 1642 πόλιν·
1353 1602 1446 1643 Ἀλλ’
1473 1604 1684 1653 ἐκκομίζου.

258 1651 348 1684 ΧΙΙΙ
372 1651 464 1687 Non.
493 1654 552 1693 13,
577 1654 621 1685 ‘20
646 1655 860 1694 ‘crepera
885 1663 942 1686 res
966 1654 1109 1696 proprie
1136 1653 1269 1687 dieitur
1293 1654 1406 1687 dubia
1429 1679 1459 1688 ..
1475 1658 1504 1687 .'

252 1696 254 1698 ’
349 1698 520 1736 'summus
548 1696 722 1739 (ΤΕΒΑῙε)
745 1697 827 1730 Non
854 1697 1037 1730 diuersam
1061 1698 1179 1732 fuisse
1204 1699 1299 1732 hanc
1331 1699 1495 1733 fabulam
1521 1711 1542 1732 a
1568 1700 1781 1735 Phoenissis

257 1741 474 1775 Welekerus
506 1743 632 1775 sensit.
663 1743 755 1776 Non.
782 1744 862 1781 144,
890 1745 930 1777 17
964 1743 1201 1787 ‘nitidant,
1234 1744 1405 1787 abluunt,
1438 1745 1577 1779 dictum
1608 1757 1630 1778 a
1661 1748 1780 1780 nitore

264 1812 271 1819 .
288 1811 296 1820 .
310 1812 318 1820 .
341 1787 478 1820 Accius
502 1788 691 1820 Thebaide
717 1813 725 1821 .
739 1813 746 1821 .
763 1791 790 1820 .’
931 1775 948 1798 ⁰

351 1833 579 1866 STAsmsrAE
612 1833 674 1865 uel
705 1834 914 1867 ΤΒοΡΛΕνΜ
939 1834 1079 1867 meu
1109 1834 1127 1867 Ι
1151 1834 1242 1867 Non.
1269 1836 1331 1877 20,
1356 1837 1399 1868 25
1431 1839 1693 1880 ‘corporate
1725 1840 1781 1871 est

256 1877 485 1920 interficere,
513 1882 550 1910 et
575 1878 681 1921 quasi
706 1888 837 1921 corpus
862 1879 980 1912 solum
1005 1879 1083 1912 sine
1102 1881 1225 1912 anima
1242 1880 1449 1923 relinquere
1473 1907 1481 1914 .
1497 1906 1505 1914 .
1520 1906 1527 1914 .
1550 1882 1683 1914 Accius
1701 1881 1781 1915 Sta-

260 1923 387 1955 siastis
412 1923 472 1955 uel
497 1923 640 1966 'l'ropeo
672 1923 735 1956 lib.
762 1935 774 1956 1
799 1947 807 1957 .
828 1948 836 1956 .
858 1927 886 1956 .’
929 1924 1108 1963 (Liberi
1139 1925 1356 1966 Scrinerius)
1471 1926 1509 1959 11
1533 1926 1625 1959 Non.
1652 1928 1734 1970 335,
1762 1929 1777 1960 1

261 1967 475 2009 ‘liquerit
500 1968 685 2012 significat
717 1972 755 2001 et
778 1969 981 2012 reliquerit.
1022 1969 1156 2002 Accius
1183 1971 1379 2003 Stasiastis
1408 1996 1416 2005 .
1437 1996 1445 2004 .
1465 1974 1494 2004 .'

342 2087 420 2124 601
443 2087 640 2136 Inteyrum
660 2087 920 2135 septenarium
942 2091 1057 2126 talem
1077 2087 1167 2136 quae
1187 2100 1256 2137 ego
1278 2094 1406 2126 cuncta
1426 2089 1520 2127 fluxa
1541 2101 1621 2128 esse
1642 2103 1673 2129 e.
1691 2106 1724 2141 q.
1748 2105 1779 2130 s.

254 2145 436 2190 proponit
465 2143 732 2181 Buechelerus
824 2144 903 2183 602
935 2145 995 2192 qui
1017 2144 1077 2181 ubi
1098 2145 1140 2180 ad
1162 2145 1325 2183 Bothius
1346 2147 1431 2194 quin
1452 2147 1487 2183 id
1507 2148 1598 2184 libri
1624 2148 1706 2185 dein
1737 2150 1780 2186 ad

269 2200 422 2237 Vossius
522 2201 703 2236 Dircaeum
732 2200 871 2237 sontem
903 2202 1056 2238 Vossius
1085 2200 1229 2238 Circaeo
1260 2201 1361 2239 sonte
1390 2203 1479 2240 libri
1506 2204 1648 2241 Dircaeo
1678 2206 1781 2244 sonte

256 2257 388 2293 Delrio
494 2256 686 2293 aduenient
716 2257 819 2294 Leia.
905 2257 1076 2294 mundule
1109 2258 1262 2295 Vossius
1291 2258 1482 2296 mundulae
1509 2261 1599 2297 libri
1700 2262 1780 2300 603

258 2312 402 2360 iugulos
435 2318 502 2349 aut
532 2312 655 2361 iugula
685 2315 850 2351 conicio.-
887 2325 976 2351 nam
1007 2318 1112 2351 recte
1141 2315 1396 2363 Kiesslinyius
1430 2322 1555 2354 monet
1583 2318 1780 2355 nilidanuu·

257 2370 383 2406 uideri
409 2370 604 2416 deponens
624 2380 719 2407 esse.
753 2370 864 2418 uulgo
883 2371 975 2407 libri
1004 2370 1133 2420 anglae
1154 2372 1420 2409 Buecheler-us
1441 2372 1545 2411 Coni.
1565 2374 1648 2411 Lat.
1675 2387 1716 2422 p.
1741 2376 1777 2422 6,

256 2425 360 2473 bigae
389 2426 485 2461 idem
513 2436 587 2472 per
615 2427 778 2463 litteras.
809 2427 960 2475 puluere
993 2427 1143 2464 Vossius
1229 2427 1547 2476 quadripedantum
1577 2430 1781 2469 Mer-cerus

257 2481 563 2529 quapripedantur
592 2483 680 2519 libri
771 2482 983 2531 sonipedum
1005 2483 1210 2520 Mercerus
1240 2484 1319 2520 soni
1348 2484 1477 2532 pedum
1497 2486 1588 2522 libri
1600 2489 1779 2535 plerique

256 2538 358 2580 soni,
391 2549 460 2574 om.
482 2538 639 2586 pedum,
661 2539 765 2576 Leid.
882 2538 962 2577 605
993 2550 1071 2576 cum
1104 2538 1169 2575 sub
1200 2539 1276 2586 (uel
1307 2545 1380 2576 tum
1411 2540 1455 2587 si)
1486 2541 1623 2579 erudeli
1652 2543 1778 2580 dolore

257 2593 523 2631 Buechelerus
552 2599 629 2631 tum
649 2594 716 2639 sub
736 2595 857 2632 idoloe
876 2595 921 2632 (le
940 2595 1018 2632 lore
1038 2596 1162 2633 Basil.
1194 2601 1270 2632 tum
1300 2595 1406 2632 libide
1433 2596 1571 2634 (leleide
1590 2598 1668 2635 lore
1688 2610 1775 2637 mss.

257 2650 431 2687 Merceri
459 2655 535 2686 tum
565 2650 699 2688 sibidae
730 2651 871 2688 deloide
901 2651 978 2688 lore
1010 2654 1131 2689 ceteri
1146 2653 1254 2699 libri,
1285 2654 1361 2689 nisi
1378 2655 1480 2700 quod
1505 2653 1652 2691 subidae
1672 2655 1776 2693 Laid.

259 2706 400 2743 Genea.
432 2718 514 2743 cum
534 2706 653 2744 subito
675 2707 800 2745 dolore
820 2709 958 2745 Iunius
985 2711 1024 2746 in
1046 2721 1116 2758 my.
1148 2719 1226 2745 eum
1248 2708 1366 2745 subito
1388 2720 1431 2745 ex
1450 2709 1513 2746 illo
1534 2709 1660 2747 dolore
1689 2713 1776 2749 Vos-

257 2763 337 2799 sius
367 2767 443 2799 tum
472 2762 534 2800 tibi
566 2763 610 2800 de
640 2764 766 2801 dolore
803 2765 1003 2802 Turnebus
1031 2765 1193 2803 Aduers.
1224 2765 1369 2802 XXIX
1392 2765 1444 2803 28
1476 2770 1550 2802 tum
1582 2766 1702 2805 subito
1733 2768 1777 2805 de

256 2818 318 2854 illo
350 2818 476 2856 dolore
498 2819 660 2857 Bothius
684 2821 703 2856 1
738 2825 811 2857 tum
841 2820 887 2857 ibi
917 2821 1043 2858 dolore
1073 2822 1235 2859 Bothius
1255 2820 1278 2857 2
1309 2832 1414 2858 suum
1444 2821 1507 2858 sibi
1536 2822 1580 2859 de
1599 2823 1684 2861 illoc
1713 2824 1776 2861 do·

257 2874 334 2910 lore
365 2877 450 2912 olim
481 2880 756 2923 temptauerccm
845 2877 909 2914 hac
939 2878 1060 2915 Basil.
1093 2878 1177 2914 haec
1210 2878 1362 2916 Vossius
