1942 3204
251 191 300 232 10
862 193 1165 231 CN.·NAEV1vS

936 299 977 341 V
1009 296 1076 356 (2)

365 386 472 442 Vos,
504 386 581 441 qul'
611 388 765 443 regalis
798 389 989 443 corporis
1023 387 1236 430 custodias

276 476 331 516 :25
364 474 573 531 Agitatis,
604 476 661 518 ite
694 478 886 518 actutum
917 476 962 518 in
992 477 1253 518 frundiferos
1284 477 1434 533 locos,'

362 563 542 619 Ingenio
576 565 751 607 arbusta,
783 536 855 606 ubi
888 565 991 606 nasta
1023 568 1139 622 sunt,
1172 581 1261 608 non
1293 566 1444 608 obsita..

791 641 823 649 ’χ
924 653 987 696 VI
1020 652 1086 711 (3)

1023 742 1162 785 ducite
1381 792 1390 797 ἥ

361 819 426 861 Εό
460 834 556 861 cuni
589 820 751 875 argutis
783 817 944 875 linguis
976 822 1116 862 mutas
1150 822 1446 876 quadrupedis.
1729 836 1763 860 30

912 907 998 950 VH
1030 906 1097 965 (4)

877 995 1013 1054 [alies]
1042 998 1126 1040 valis

273 1077 329 1118 30
362 1072 552 1117 Sublime
584 1075 629 1116 in
661 1075 771 1117 altos
803 1075 937 1116 saltus
969 1075 1129 1117 inlicite
1164 1074 1356 1132 [inuios],

361 1164 447 1206 Vbi
479 1161 654 1218 bipedes
686 1163 881 1205 uolucres
913 1162 1003 1206 ll'no
1035 1165 1234 1220 linquant
1264 1166 1436 1208 lumina.

897 1252 1005 1295 VIII
1038 1250 1104 1310 (5)

360 1343 422 1385 Vt
453 1341 500 1384 1'n
531 1344 690 1383 uenatu
722 1339 948 1384 ustulantis
980 1342 1030 1383 ex
1062 1343 1147 1384 suis

359 1429 487 1474 Lucis
519 1445 601 1472 nos
632 1430 776 1472 mittat
810 1431 959 1484 poenis
995 1430 1215 1474 decoratas
1246 1432 1359 1474 feris.
1726 1447 1760 1471 35

331 1588 361 1619 V
386 1587 477 1618 Non.
504 1586 588 1626 323,
617 1587 632 1617 1
663 1585 909 1626 ‘ingenium
935 1587 1080 1618 ueteres
1112 1585 1285 1618 dixerunt
1308 1589 1343 1618 et
1366 1596 1432 1619 sua
1458 1590 1587 1629 sponte
1612 1588 1671 1621 uel
1696 1599 1759 1621 na-

240 1636 333 1665 tura.
359 1631 499 1663 Neuius
523 1630 691 1672 Lycurgo
786 1634 795 1650 ’
890 1630 939 1662 V1
962 1629 1053 1663 Non.
1079 1632 1117 1668 9,
1143 1632 1187 1663 24
1212 1634 1375 1665 ‘mutus
1400 1632 1678 1675 onomatopoeia
1703 1638 1759 1666 est

238 1679 403 1710 incertae
428 1676 549 1716 uocis,
576 1675 685 1716 quasi
709 1676 886 1718 mugitus;
911 1685 995 1707 nam
1017 1678 1137 1708 mutus
1163 1686 1272 1709 sonus
1297 1680 1354 1710 est
1378 1677 1541 1719 proprie,
1567 1679 1629 1719 qui
1653 1678 1759 1712 intel-

239 1723 372 1755 lectum
402 1731 474 1754 non
502 1721 628 1754 habet.
658 1720 699 1752 N.
731 1721 900 1762 Lycurgo
932 1746 940 1753 .
960 1744 968 1752 .
989 1723 1023 1752 .’
1073 1721 1263 1760 (Neuius
1294 1723 1487 1764 Licurgo
1519 1722 1666 1764 Bamb.)

239 1768 310 1800 VII
333 1767 424 1801 Non.
445 1768 482 1807 6,
512 1767 553 1798 17
578 1765 783 1798 ‘illicere
810 1768 865 1798 est
896 1765 1040 1808 proprie
1067 1765 1286 1808 illaqueare.
1315 1768 1358 1800 N.
1377 1767 1545 1810 Lycurgo
1640 1771 1650 1787 '
1678 1768 1757 1809 (in-

239 1813 380 1845 licere
405 1837 414 1846 .
434 1836 442 1845 .
463 1810 763 1853 ,inlaqueare
787 1810 931 1851 Bamb.)
1023 1810 1112 1844 VIII
1136 1811 1229 1846 Non.
1248 1813 1306 1853 14,
1334 1813 1375 1844 19
1401 1812 1674 1845 ‘uitulantis
1698 1823 1758 1846 ue-

238 1862 337 1890 teres
362 1857 567 1899 gaudentes
599 1856 788 1894 dixerunt,
822 1855 958 1888 dictum
991 1867 1013 1887 a
1043 1856 1162 1888 bonae
1193 1856 1294 1888 uitae
1321 1857 1526 1890 commodo:
1559 1857 1670 1890 sicuti
1695 1860 1757 1900 qui

238 1913 334 1935 nunc
361 1905 418 1935 est
442 1903 479 1933 in
504 1911 642 1934 summa
667 1900 828 1942 laetitia,
854 1902 980 1933 uiuere
1007 1911 1088 1932 eum
1114 1901 1279 1933 dicimus.
1303 1902 1346 1934 N.
1373 1902 1541 1944 Lycurgo
1636 1906 1647 1923 ’
1674 1903 1755 1944 (ui-

239 1947 442 1980 tulantes
467 1946 610 1987 Bamb.,
635 1945 698 1978 ubi
722 1947 840 1990 ipsum
866 1945 1069 1987 exemplum
1094 1951 1134 1978 ut
1159 1956 1269 1988 saepe
1295 1947 1465 1979 omissum
1490 1947 1571 1987 est.)

351 2090 403 2126 24
434 2088 565 2138 regalis
597 2090 680 2125 edd.
703 2089 815 2136 regali
843 2089 934 2125 libri
955 2090 1134 2136 plerique
1163 2091 1282 2137 regui-i
1311 2089 1434 2126 Bccsil.
1532 2089 1583 2127 25
1615 2091 1754 2139 agitatis

240 2149 381 2185 Genea.
405 2146 510 2195 agitis
534 2147 653 2181 ceteri
728 2144 940 2181 frondissuos
961 2155 1028 2181 ms.
1046 2145 1174 2182 Palat.
1199 2145 1280 2183 483
1358 2145 1457 2182 locos
1473 2147 1635 2183 Bothius
1655 2146 1755 2184 lucos

237 2205 327 2241 libri
403 2203 455 2240 26
478 2201 621 2237 arbusta
637 2200 696 2237 ulii
714 2205 795 2236 nata
812 2201 987 2249 Scaliger
1004 2201 1106 2238 Coni.
1128 2203 1166 2237 in
1198 2202 1312 2239 Varr.
1327 2213 1370 2249 p.
1399 2200 1452 2240 82
1473 2201 1620 2239 arbusto
1638 2203 1756 2239 uincta

236 2262 325 2297 libri
402 2259 515 2296 obsita
539 2258 715 2306 Scaliger
736 2256 855 2293 obsitu
878 2257 1019 2294 Genea.
1042 2257 1204 2294 obstutas
1227 2261 1349 2296 ceteri
1365 2259 1455 2295 libri
1558 2258 1610 2295 27
1632 2258 1755 2296 ducito

186 2307 192 2313 ¹
237 2318 371 2354 Bamb.
480 2314 532 2352 28
563 2325 643 2350 cum
663 2314 867 2350 Mer-cerus
899 2319 973 2349 tum
1001 2314 1091 2350 libri
1175 2315 1295 2352 ducite
1321 2325 1365 2351 eo
1395 2314 1648 2363 argutilinguis
1677 2315 1753 2352 Bo·

238 2373 339 2410 thius
426 2373 613 2408 Numeros
634 2372 799 2407 restituit
828 2370 1003 2407 Vossius.-
1024 2382 1073 2406 cm
1095 2374 1354 2417 septenarium
1375 2373 1497 2408 mauis
1510 2373 1636 2418 primo
1655 2373 1756 2418 pede

236 2432 443 2466 mancum?
557 2427 609 2464 29
641 2427 724 2462 alias
756 2426 818 2462 alis
849 2437 952 2463 nunc
982 2428 1125 2473 scripsi
1170 2428 1236 2464 alis
1265 2428 1370 2473 libri,
1404 2428 1505 2475 quod
1530 2426 1620 2463 alius
1649 2433 1755 2464 recte

235 2487 513 2532 interpretatus
550 2487 605 2520 est
642 2484 796 2529 Lipsius
831 2484 877 2518 A.
909 2482 951 2518 L.
982 2482 1009 2518 V
1043 2482 1093 2519 14
1129 2484 1186 2520 alii
1225 2485 1401 2532 Scaliyer
1514 2482 1568 2520 30
1604 2481 1754 2520 sublime

236 2545 271 2578 iu
309 2541 400 2578 altos
439 2549 599 2578 suasore
639 2539 878 2576 Buecheler«)
916 2531 1059 2586 scripsi
1114 2539 1290 2577 sublimen
1326 2538 1548 2586 (sublimem,
1587 2550 1610 2575 n
1648 2551 1696 2576 m.
1728 2539 1751 2576 2

235 2609 458 2645 suprascr„
499 2591 623 2647 Leia.)
655 2595 742 2631 alios
779 2596 869 2632 libri
952 2594 1073 2632 illicite
1109 2598 1200 2634 libri
1231 2601 1394 2644 praeter
1429 2595 1565 2632 Bamb.
1634 2596 1751 2631 inuios

236 2655 386 2700 addidi,
418 2665 487 2690 om.
509 2653 608 2689 libri.
668 2652 753 2689 Alia
776 2656 984 2688 commenta
1017 2652 1102 2688 uide
1131 2655 1169 2690 in
1190 2654 1394 2690 corollario
1455 2651 1507 2688 32
1538 2647 1634 2700 suis]
1664 2652 1752 2688 auiis

236 2711 412 2758 Scatiyer
527 2708 579 2746 33
611 2708 700 2744 lucis
731 2707 935 2744 Mercerus
964 2707 1052 2744 locis
1081 2710 1172 2746 libri
1273 2708 1401 2745 Poenis
1423 2707 1597 2756 Scaliyer
1627 2709 1752 2755 pennis

236 2768 440 2803 Mercerus
498 2765 686 2801 decoratus
706 2766 795 2802 libri
813 2764 1001 2800 decoratos
1024 2764 1051 2801 G
1058 2767 1230 2802 ulielmus
1251 2766 1312 2801 ad.
1334 2764 1462 2800 Plaut.
1485 2764 1619 2811 Amph.
1639 2763 1664 2799 I
1683 2764 1701 2799 1

237 2822 431 2859 uitulantes
462 2833 503 2858 ex
536 2821 611 2857 suis
642 2820 731 2857 locis
771 2820 842 2857 Nos
880 2821 1023 2857 mittant
1056 2821 1185 2858 Poenis
1215 2822 1372 2858 Rostius
1401 2819 1540 2866 Opusc.
1574 2820 1700 2857 Plaut.
1731 2821 1752 2857 Ι

229 2891 272 2927 p.
306 2879 384 2915 176
