<?xml version="1.0" encoding="UTF-8"?>
<!DOCTYPE html PUBLIC "-//W3C//DTD XHTML 1.0 Transitional//EN"
    "http://www.w3.org/TR/xhtml1/DTD/xhtml1-transitional.dtd">
<html xmlns="http://www.w3.org/1999/xhtml" xml:lang="en" lang="en">
 <head>
  <title>
</title>
<meta http-equiv="Content-Type" content="text/html;charset=utf-8" />
  <meta name='ocr-system' content='tesseract 3.04.00' />
  <meta name='ocr-capabilities' content='ocr_page ocr_carea ocr_par ocr_line ocrx_word'/>
</head>
<body>
  <div class='ocr_page' id='page_1' title='image "./romanorumpoes01ribbuoft_0142.png"; bbox 0 0 1942 3204; ppageno 0'>
   <div class='ocr_carea' id='block_1_1' title="bbox 796 121 814 139">
    <p class='ocr_par' dir='ltr' id='par_1_1' title="bbox 796 121 814 139">
     <span class='ocr_line' id='line_1_1' title="bbox 796 121 814 139; baseline 0 0"><span class='ocrx_word' id='word_1_1' title='bbox 796 121 814 139; x_wconf 70' lang='lat'><em>1</em></span> 
     </span>
    </p>
   </div>
   <div class='ocr_carea' id='block_1_2' title="bbox 224 165 1106 209">
    <p class='ocr_par' dir='ltr' id='par_1_2' title="bbox 224 165 1106 209">
     <span class='ocr_line' id='line_1_2' title="bbox 224 165 1106 209; baseline -0.008 -2"><span class='ocrx_word' id='word_1_2' title='bbox 224 165 279 208; x_wconf 82' lang='lat'><strong>58</strong></span> <span class='ocrx_word' id='word_1_3' title='bbox 863 168 904 209; x_wconf 71' lang='grc' dir='ltr'><strong>ρ.</strong></span> <span class='ocrx_word' id='word_1_4' title='bbox 929 167 1106 202; x_wconf 77' lang='lat' dir='ltr'><strong>Evas</strong></span> 
     </span>
    </p>
   </div>
   <div class='ocr_carea' id='block_1_3' title="bbox 343 268 1620 558">
    <p class='ocr_par' dir='ltr' id='par_1_3' title="bbox 343 268 1620 558">
     <span class='ocr_line' id='line_1_3' title="bbox 903 270 1048 314; baseline 0.007 -1"><span class='ocrx_word' id='word_1_5' title='bbox 903 270 970 313; x_wconf 90' lang='lat' dir='ltr'><strong>III</strong></span> <span class='ocrx_word' id='word_1_6' title='bbox 1022 271 1048 314; x_wconf 85' lang='lat'>8</span> 
     </span>
     <span class='ocr_line' id='line_1_4' title="bbox 343 268 1365 405; baseline 0 -15"><span class='ocrx_word' id='word_1_7' title='bbox 343 348 410 390; x_wconf 83' lang='lat' dir='ltr'><strong>Ibi</strong></span> <span class='ocrx_word' id='word_1_8' title='bbox 441 346 544 404; x_wconf 72' lang='lat' dir='ltr'><strong>quid</strong></span> <span class='ocrx_word' id='word_1_9' title='bbox 575 350 678 405; x_wconf 81' lang='lat' dir='ltr'><strong>agat</strong></span> <span class='ocrx_word' id='word_1_10' title='bbox 707 362 851 391; x_wconf 83' lang='lat' dir='ltr'><strong>seeum</strong></span> <span class='ocrx_word' id='word_1_11' title='bbox 882 268 1200 404; x_wconf 41' lang='lat' dir='ltr'><strong>cdgissggparst</strong></span> <span class='ocrx_word' id='word_1_12' title='bbox 1229 351 1365 404; x_wconf 83' lang='lat' dir='ltr'><strong>putat.</strong></span> 
     </span>
     <span class='ocr_line' id='line_1_5' title="bbox 908 422 1352 491; baseline 0 -24"><span class='ocrx_word' id='word_1_13' title='bbox 908 424 972 467; x_wconf 92' lang='lat' dir='ltr'><strong>IV</strong></span> <span class='ocrx_word' id='word_1_14' title='bbox 993 422 1059 482; x_wconf 84' lang='lat'><strong>(9)</strong></span> <span class='ocrx_word' id='word_1_15' title='bbox 1350 488 1352 491; x_wconf 20' lang='lat'>·</span> 
     </span>
     <span class='ocr_line' id='line_1_6' title="bbox 344 500 1620 558; baseline -0.001 -13"><span class='ocrx_word' id='word_1_16' title='bbox 344 502 582 553; x_wconf 60' lang='lat' dir='ltr'><strong>Quemnam</strong></span> <span class='ocrx_word' id='word_1_17' title='bbox 611 505 654 546; x_wconf 86' lang='lat' dir='ltr'><strong>te</strong></span> <span class='ocrx_word' id='word_1_18' title='bbox 685 517 776 545; x_wconf 85' lang='lat' dir='ltr'><strong>esse</strong></span> <span class='ocrx_word' id='word_1_19' title='bbox 809 500 966 557; x_wconf 73' lang='lat' dir='ltr'><strong>dicam,</strong></span> <span class='ocrx_word' id='word_1_20' title='bbox 998 502 1071 558; x_wconf 89' lang='lat' dir='ltr'><strong>qui</strong></span> <span class='ocrx_word' id='word_1_21' title='bbox 1101 501 1226 544; x_wconf 65' lang='lat' dir='ltr'><strong>tairda</strong></span> <span class='ocrx_word' id='word_1_22' title='bbox 1255 502 1302 544; x_wconf 90' lang='lat' dir='ltr'><strong>in</strong></span> <span class='ocrx_word' id='word_1_23' title='bbox 1333 502 1504 544; x_wconf 75' lang='lat' dir='ltr'><strong>senecta</strong></span> <span class='ocrx_word' id='word_1_24' title='bbox 1535 501 1620 544; x_wconf 85' lang='lat'><strong>—‘?</strong></span> 
     </span>
    </p>
   </div>
   <div class='ocr_carea' id='block_1_4' title="bbox 225 577 1820 1022">
    <p class='ocr_par' dir='ltr' id='par_1_4' title="bbox 225 577 1820 1022">
     <span class='ocr_line' id='line_1_7' title="bbox 226 577 1051 668; baseline 0 -2"><span class='ocrx_word' id='word_1_25' title='bbox 226 626 310 668; x_wconf 71' lang='lat'><strong>209</strong></span> <span class='ocrx_word' id='word_1_26' title='bbox 923 579 963 622; x_wconf 82' lang='lat' dir='ltr'><strong>V</strong></span> <span class='ocrx_word' id='word_1_27' title='bbox 984 577 1051 636; x_wconf 69' lang='lat'><strong>(5)</strong></span> 
     </span>
     <span class='ocr_line' id='line_1_8' title="bbox 225 654 1820 727; baseline -0.001 -28"><span class='ocrx_word' id='word_1_28' title='bbox 225 656 312 727; x_wconf 70' lang='grc' dir='ltr'><strong>3ὀο</strong></span> <span class='ocrx_word' id='word_1_29' title='bbox 342 657 587 713; x_wconf 81' lang='lat' dir='ltr'><strong>‘Impetrem</strong></span> <span class='ocrx_word' id='word_1_30' title='bbox 618 657 687 699; x_wconf 80' lang='lat' dir='ltr'><strong>fae</strong></span> <span class='ocrx_word' id='word_1_31' title='bbox 718 655 792 699; x_wconf 75' lang='lat' dir='ltr'><strong>ille</strong></span> <span class='ocrx_word' id='word_1_32' title='bbox 824 657 878 699; x_wconf 81' lang='lat' dir='ltr'><strong>ab</strong></span> <span class='ocrx_word' id='word_1_33' title='bbox 910 657 1053 699; x_wconf 83' lang='lat' dir='ltr'><strong>am&#39;mo</strong></span> <span class='ocrx_word' id='word_1_34' title='bbox 1074 658 1123 699; x_wconf 87' lang='lat' dir='ltr'><strong>ut</strong></span> <span class='ocrx_word' id='word_1_35' title='bbox 1153 656 1301 699; x_wconf 68' lang='lat' dir='ltr'><strong>cernat</strong></span> <span class='ocrx_word' id='word_1_36' title='bbox 1330 655 1506 698; x_wconf 77' lang='lat' dir='ltr'><strong>uitalem</strong></span> <span class='ocrx_word' id='word_1_37' title='bbox 1538 654 1748 712; x_wconf 55' lang='lat' dir='ltr'><strong>abigeum.</strong></span> <span class='ocrx_word' id='word_1_38' title='bbox 1814 667 1820 675; x_wconf 84' lang='lat'><strong>·</strong></span> 
     </span>
     <span class='ocr_line' id='line_1_9' title="bbox 901 731 1380 791; baseline -0.006 0"><span class='ocrx_word' id='word_1_39' title='bbox 901 734 965 777; x_wconf 69' lang='grc' dir='ltr'><em>Ἦ</em></span> <span class='ocrx_word' id='word_1_40' title='bbox 997 731 1064 791; x_wconf 75' lang='grc'><strong>(6)</strong></span> <span class='ocrx_word' id='word_1_41' title='bbox 1378 785 1380 788; x_wconf 78' lang='grc'>,</span> 
     </span>
     <span class='ocr_line' id='line_1_10' title="bbox 344 809 1548 867; baseline -0.002 -13"><span class='ocrx_word' id='word_1_42' title='bbox 344 809 422 855; x_wconf 73' lang='lat' dir='ltr'><strong>Sin</strong></span> <span class='ocrx_word' id='word_1_43' title='bbox 453 811 694 854; x_wconf 82' lang='lat' dir='ltr'><strong>flaeeebunt</strong></span> <span class='ocrx_word' id='word_1_44' title='bbox 725 811 1010 867; x_wconf 75' lang='lat' dir='ltr'><strong>conditiones,</strong></span> <span class='ocrx_word' id='word_1_45' title='bbox 1039 810 1264 867; x_wconf 75' lang='lat' dir='ltr'><strong>repudiato</strong></span> <span class='ocrx_word' id='word_1_46' title='bbox 1297 811 1340 852; x_wconf 87' lang='lat' dir='ltr'><strong>et</strong></span> <span class='ocrx_word' id='word_1_47' title='bbox 1370 809 1548 852; x_wconf 73' lang='lat' dir='ltr'><strong>reddito.</strong></span> 
     </span>
     <span class='ocr_line' id='line_1_11' title="bbox 892 886 1078 946; baseline -0.011 -14"><span class='ocrx_word' id='word_1_48' title='bbox 892 888 979 932; x_wconf 91' lang='lat' dir='ltr'><strong>VII</strong></span> <span class='ocrx_word' id='word_1_49' title='bbox 1010 886 1078 946; x_wconf 75' lang='lat'><strong>(1)</strong></span> 
     </span>
     <span class='ocr_line' id='line_1_12' title="bbox 341 951 1749 1022; baseline -0.001 -14"><span class='ocrx_word' id='word_1_50' title='bbox 341 951 511 1022; x_wconf 83' lang='lat' dir='ltr'><strong>&#39;Aspiee</strong></span> <span class='ocrx_word' id='word_1_51' title='bbox 530 965 613 1009; x_wconf 75' lang='lat' dir='ltr'><strong>hoc</strong></span> <span class='ocrx_word' id='word_1_52' title='bbox 626 963 840 1008; x_wconf 70' lang='lat' dir='ltr'><strong>sublimen</strong></span> <span class='ocrx_word' id='word_1_53' title='bbox 853 965 1054 1021; x_wconf 78' lang='lat' dir='ltr'><strong>candens,</strong></span> <span class='ocrx_word' id='word_1_54' title='bbox 1067 979 1194 1021; x_wconf 88' lang='lat' dir='ltr'><strong>quem</strong></span> <span class='ocrx_word' id='word_1_55' title='bbox 1207 963 1415 1007; x_wconf 77' lang='lat' dir='ltr'><strong>snuoeant</strong></span> <span class='ocrx_word' id='word_1_56' title='bbox 1428 964 1575 1007; x_wconf 83' lang='lat' dir='ltr'><strong>omne&#39;s</strong></span> <span class='ocrx_word' id='word_1_57' title='bbox 1589 963 1749 1006; x_wconf 88' lang='lat' dir='ltr'><strong>Iouem.</strong></span> 
     </span>
    </p>
   </div>
   <div class='ocr_carea' id='block_1_5' title="bbox 224 1058 1752 2056">
    <p class='ocr_par' dir='ltr' id='par_1_5' title="bbox 224 1058 1752 2056">
     <span class='ocr_line' id='line_1_13' title="bbox 314 1058 1748 1103; baseline -0.001 -10"><span class='ocrx_word' id='word_1_58' title='bbox 314 1060 370 1093; x_wconf 94' lang='lat' dir='ltr'><strong>III</strong></span> <span class='ocrx_word' id='word_1_59' title='bbox 394 1061 486 1096; x_wconf 91' lang='lat' dir='ltr'><strong>Non.</strong></span> <span class='ocrx_word' id='word_1_60' title='bbox 503 1062 582 1101; x_wconf 83' lang='lat'><strong>369,</strong></span> <span class='ocrx_word' id='word_1_61' title='bbox 599 1062 643 1093; x_wconf 83' lang='lat'><strong>25</strong></span> <span class='ocrx_word' id='word_1_62' title='bbox 668 1063 679 1080; x_wconf 89' lang='lat'><em>‘</em></span> <span class='ocrx_word' id='word_1_63' title='bbox 692 1063 871 1103; x_wconf 86' lang='lat' dir='ltr'><strong>putare,</strong></span> <span class='ocrx_word' id='word_1_64' title='bbox 897 1060 1019 1093; x_wconf 85' lang='lat' dir='ltr'><strong>animo</strong></span> <span class='ocrx_word' id='word_1_65' title='bbox 1037 1059 1228 1103; x_wconf 83' lang='lat' dir='ltr'><strong>disputare</strong></span> <span class='ocrx_word' id='word_1_66' title='bbox 1252 1083 1260 1091; x_wconf 92' lang='lat'><strong>.</strong></span> <span class='ocrx_word' id='word_1_67' title='bbox 1274 1084 1282 1092; x_wconf 93' lang='lat'><strong>.</strong></span> <span class='ocrx_word' id='word_1_68' title='bbox 1297 1084 1306 1093; x_wconf 94' lang='lat'><strong>.</strong></span> <span class='ocrx_word' id='word_1_69' title='bbox 1330 1059 1470 1092; x_wconf 84' lang='lat' dir='ltr'><strong>Ennius</strong></span> <span class='ocrx_word' id='word_1_70' title='bbox 1487 1058 1649 1101; x_wconf 82' lang='lat' dir='ltr'><strong>Thyeste</strong></span> <span class='ocrx_word' id='word_1_71' title='bbox 1673 1083 1681 1091; x_wconf 95' lang='lat'><strong>.</strong></span> <span class='ocrx_word' id='word_1_72' title='bbox 1695 1083 1703 1091; x_wconf 96' lang='lat'><strong>.</strong></span> <span class='ocrx_word' id='word_1_73' title='bbox 1719 1061 1748 1092; x_wconf 92' lang='lat'><strong>.’</strong></span> 
     </span>
     <span class='ocr_line' id='line_1_14' title="bbox 313 1104 1750 1149; baseline -0.001 -11"><span class='ocrx_word' id='word_1_74' title='bbox 313 1106 366 1140; x_wconf 92' lang='lat' dir='ltr'><strong>IV</strong></span> <span class='ocrx_word' id='word_1_75' title='bbox 391 1106 520 1139; x_wconf 85' lang='lat' dir='ltr'><strong>Cicero</strong></span> <span class='ocrx_word' id='word_1_76' title='bbox 538 1109 629 1139; x_wconf 85' lang='lat' dir='ltr'><strong>orat.</strong></span> <span class='ocrx_word' id='word_1_77' title='bbox 646 1107 701 1148; x_wconf 84' lang='lat'><strong>55,</strong></span> <span class='ocrx_word' id='word_1_78' title='bbox 721 1107 786 1140; x_wconf 87' lang='grc'><strong>184</strong></span> <span class='ocrx_word' id='word_1_79' title='bbox 810 1110 1044 1149; x_wconf 85' lang='lat' dir='ltr'><strong>‘quamquam</strong></span> <span class='ocrx_word' id='word_1_80' title='bbox 1070 1107 1181 1139; x_wconf 86' lang='lat' dir='ltr'><strong>etiam</strong></span> <span class='ocrx_word' id='word_1_81' title='bbox 1205 1115 1227 1138; x_wconf 85' lang='lat' dir='ltr'><strong>a</strong></span> <span class='ocrx_word' id='word_1_82' title='bbox 1252 1104 1370 1137; x_wconf 86' lang='lat' dir='ltr'><strong>modis</strong></span> <span class='ocrx_word' id='word_1_83' title='bbox 1394 1104 1613 1147; x_wconf 82' lang='lat' dir='ltr'><strong>quibusdam</strong></span> <span class='ocrx_word' id='word_1_84' title='bbox 1637 1106 1750 1136; x_wconf 83' lang='lat' dir='ltr'><strong>cantu</strong></span> 
     </span>
     <span class='ocr_line' id='line_1_15' title="bbox 225 1149 1749 1193; baseline -0.002 -9"><span class='ocrx_word' id='word_1_85' title='bbox 225 1154 363 1185; x_wconf 88' lang='lat' dir='ltr'><strong>remoto</strong></span> <span class='ocrx_word' id='word_1_86' title='bbox 395 1151 515 1185; x_wconf 87' lang='lat' dir='ltr'><strong>soluta</strong></span> <span class='ocrx_word' id='word_1_87' title='bbox 547 1161 627 1184; x_wconf 88' lang='lat' dir='ltr'><strong>esse</strong></span> <span class='ocrx_word' id='word_1_88' title='bbox 658 1151 827 1184; x_wconf 83' lang='lat' dir='ltr'><strong>uideatur</strong></span> <span class='ocrx_word' id='word_1_89' title='bbox 858 1152 975 1184; x_wconf 85' lang='lat' dir='ltr'><strong>oratio</strong></span> <span class='ocrx_word' id='word_1_90' title='bbox 1005 1175 1012 1184; x_wconf 93' lang='lat'><strong>.</strong></span> <span class='ocrx_word' id='word_1_91' title='bbox 1034 1175 1043 1184; x_wconf 91' lang='lat'><strong>.</strong></span> <span class='ocrx_word' id='word_1_92' title='bbox 1063 1176 1071 1184; x_wconf 95' lang='lat'><strong>.</strong></span> <span class='ocrx_word' id='word_1_93' title='bbox 1106 1160 1257 1193; x_wconf 82' lang='lat' dir='ltr'><strong>quorum</strong></span> <span class='ocrx_word' id='word_1_94' title='bbox 1288 1149 1422 1182; x_wconf 82' lang='lat' dir='ltr'><strong>similia</strong></span> <span class='ocrx_word' id='word_1_95' title='bbox 1453 1151 1540 1183; x_wconf 84' lang='lat' dir='ltr'><strong>sunt</strong></span> <span class='ocrx_word' id='word_1_96' title='bbox 1570 1149 1749 1192; x_wconf 82' lang='lat' dir='ltr'>quaedam</span> 
     </span>
     <span class='ocr_line' id='line_1_16' title="bbox 227 1192 1747 1239; baseline -0.002 -10"><span class='ocrx_word' id='word_1_97' title='bbox 227 1197 340 1230; x_wconf 87' lang='lat' dir='ltr'><strong>etiam</strong></span> <span class='ocrx_word' id='word_1_98' title='bbox 364 1196 462 1239; x_wconf 85' lang='lat' dir='ltr'><strong>apud</strong></span> <span class='ocrx_word' id='word_1_99' title='bbox 479 1200 638 1237; x_wconf 82' lang='lat' dir='ltr'><strong>nostros,</strong></span> <span class='ocrx_word' id='word_1_100' title='bbox 664 1196 767 1229; x_wconf 88' lang='lat' dir='ltr'><strong>uelut</strong></span> <span class='ocrx_word' id='word_1_101' title='bbox 784 1196 850 1229; x_wconf 89' lang='lat' dir='ltr'><strong>ille</strong></span> <span class='ocrx_word' id='word_1_102' title='bbox 867 1196 905 1229; x_wconf 87' lang='lat' dir='ltr'><strong>in</strong></span> <span class='ocrx_word' id='word_1_103' title='bbox 922 1196 1084 1239; x_wconf 87' lang='lat' dir='ltr'><strong>Thyeste</strong></span> <span class='ocrx_word' id='word_1_104' title='bbox 1103 1192 1202 1239; x_wconf 87' lang='grc'>[298]</span> <span class='ocrx_word' id='word_1_105' title='bbox 1231 1198 1267 1228; x_wconf 90' lang='lat' dir='ltr'><strong>et</strong></span> <span class='ocrx_word' id='word_1_106' title='bbox 1283 1205 1377 1238; x_wconf 85' lang='lat' dir='ltr'><strong>quae</strong></span> <span class='ocrx_word' id='word_1_107' title='bbox 1396 1197 1616 1237; x_wconf 83' lang='lat' dir='ltr'><strong>sequuntur:</strong></span> <span class='ocrx_word' id='word_1_108' title='bbox 1642 1204 1747 1237; x_wconf 81' lang='lat' dir='ltr'><strong>quae,</strong></span> 
     </span>
     <span class='ocr_line' id='line_1_17' title="bbox 225 1239 1750 1280; baseline -0.001 -6"><span class='ocrx_word' id='word_1_109' title='bbox 225 1242 297 1275; x_wconf 88' lang='lat' dir='ltr'><strong>nisi</strong></span> <span class='ocrx_word' id='word_1_110' title='bbox 321 1252 402 1275; x_wconf 88' lang='lat' dir='ltr'><strong>cum</strong></span> <span class='ocrx_word' id='word_1_111' title='bbox 427 1242 566 1275; x_wconf 77' lang='lat' dir='ltr'><strong>tibicen</strong></span> <span class='ocrx_word' id='word_1_112' title='bbox 591 1242 766 1280; x_wconf 82' lang='lat' dir='ltr'><strong>accessit,</strong></span> <span class='ocrx_word' id='word_1_113' title='bbox 800 1242 976 1275; x_wconf 85' lang='lat' dir='ltr'><strong>orationis</strong></span> <span class='ocrx_word' id='word_1_114' title='bbox 1001 1244 1086 1274; x_wconf 86' lang='lat' dir='ltr'><strong>sunt</strong></span> <span class='ocrx_word' id='word_1_115' title='bbox 1112 1241 1255 1274; x_wconf 84' lang='lat' dir='ltr'><strong>solutae</strong></span> <span class='ocrx_word' id='word_1_116' title='bbox 1280 1239 1494 1273; x_wconf 81' lang='lat' dir='ltr'><strong>simillima.&#39;</strong></span> <span class='ocrx_word' id='word_1_117' title='bbox 1543 1239 1591 1272; x_wconf 82' lang='lat' dir='ltr'><strong>ef.</strong></span> <span class='ocrx_word' id='word_1_118' title='bbox 1618 1239 1750 1273; x_wconf 88' lang='lat' dir='ltr'><strong>Varro-</strong></span> 
     </span>
     <span class='ocr_line' id='line_1_18' title="bbox 224 1282 1750 1331; baseline -0.002 -11"><span class='ocrx_word' id='word_1_119' title='bbox 224 1288 282 1320; x_wconf 86' lang='lat' dir='ltr'><strong>nis</strong></span> <span class='ocrx_word' id='word_1_120' title='bbox 306 1290 375 1320; x_wconf 84' lang='lat' dir='ltr'><strong>sat.</strong></span> <span class='ocrx_word' id='word_1_121' title='bbox 400 1285 487 1330; x_wconf 80' lang='grc' dir='ltr'><strong>περὶ</strong></span> <span class='ocrx_word' id='word_1_122' title='bbox 513 1282 705 1331; x_wconf 75' lang='grc' dir='ltr'><em>ἐξαγωγῆς</em></span> <span class='ocrx_word' id='word_1_123' title='bbox 731 1285 790 1328; x_wconf 87' lang='lat' dir='ltr'><strong>(fr.</strong></span> <span class='ocrx_word' id='word_1_124' title='bbox 816 1287 867 1320; x_wconf 93' lang='lat' dir='ltr'><strong>IV</strong></span> <span class='ocrx_word' id='word_1_125' title='bbox 893 1298 927 1330; x_wconf 93' lang='lat' dir='ltr'><strong>p.</strong></span> <span class='ocrx_word' id='word_1_126' title='bbox 954 1287 1018 1320; x_wconf 82' lang='lat'><strong>195</strong></span> <span class='ocrx_word' id='word_1_127' title='bbox 1043 1285 1098 1329; x_wconf 79' lang='lat' dir='ltr'><strong>R.)</strong></span> <span class='ocrx_word' id='word_1_128' title='bbox 1125 1286 1224 1330; x_wconf 85' lang='lat' dir='ltr'><strong>apud</strong></span> <span class='ocrx_word' id='word_1_129' title='bbox 1247 1286 1338 1321; x_wconf 83' lang='lat' dir='ltr'><strong>Non.</strong></span> <span class='ocrx_word' id='word_1_130' title='bbox 1364 1287 1448 1324; x_wconf 87' lang='grc'><strong>336,</strong></span> <span class='ocrx_word' id='word_1_131' title='bbox 1474 1286 1517 1318; x_wconf 80' lang='grc'><strong>27</strong></span> <span class='ocrx_word' id='word_1_132' title='bbox 1543 1284 1750 1327; x_wconf 54' lang='lat' dir='ltr'><strong>‘quemnam</strong></span> 
     </span>
     <span class='ocr_line' id='line_1_19' title="bbox 226 1331 1749 1375; baseline -0.003 -9"><span class='ocrx_word' id='word_1_133' title='bbox 226 1336 262 1366; x_wconf 91' lang='lat' dir='ltr'><strong>te</strong></span> <span class='ocrx_word' id='word_1_134' title='bbox 286 1343 367 1366; x_wconf 84' lang='lat' dir='ltr'><strong>esse</strong></span> <span class='ocrx_word' id='word_1_135' title='bbox 394 1331 533 1375; x_wconf 83' lang='lat' dir='ltr'><strong>dicam,</strong></span> <span class='ocrx_word' id='word_1_136' title='bbox 568 1332 647 1366; x_wconf 66' lang='lat' dir='ltr'><strong>fere.</strong></span> <span class='ocrx_word' id='word_1_137' title='bbox 672 1333 734 1375; x_wconf 93' lang='lat' dir='ltr'><strong>qui</strong></span> <span class='ocrx_word' id='word_1_138' title='bbox 758 1335 890 1365; x_wconf 83' lang='lat' dir='ltr'><strong>manu’</strong></span> <span class='ocrx_word' id='word_1_139' title='bbox 917 1343 947 1367; x_wconf 88' lang='lat' dir='ltr'><strong>e.</strong></span> <span class='ocrx_word' id='word_1_140' title='bbox 974 1342 1007 1375; x_wconf 90' lang='lat' dir='ltr'><strong>q.</strong></span> <span class='ocrx_word' id='word_1_141' title='bbox 1033 1343 1062 1365; x_wconf 88' lang='lat' dir='ltr'><strong>s.</strong></span> <span class='ocrx_word' id='word_1_142' title='bbox 1171 1332 1201 1364; x_wconf 93' lang='lat' dir='ltr'>V</span> <span class='ocrx_word' id='word_1_143' title='bbox 1226 1331 1319 1365; x_wconf 90' lang='lat' dir='ltr'><strong>Non.</strong></span> <span class='ocrx_word' id='word_1_144' title='bbox 1344 1331 1427 1368; x_wconf 81' lang='lat'><strong>261,</strong></span> <span class='ocrx_word' id='word_1_145' title='bbox 1455 1331 1495 1363; x_wconf 87' lang='grc'><strong>15</strong></span> <span class='ocrx_word' id='word_1_146' title='bbox 1521 1333 1749 1369; x_wconf 82' lang='lat' dir='ltr'><strong>‘eernere‚</strong></span> 
     </span>
     <span class='ocr_line' id='line_1_20' title="bbox 224 1375 1749 1420; baseline -0.001 -10"><span class='ocrx_word' id='word_1_147' title='bbox 224 1378 388 1411; x_wconf 85' lang='lat' dir='ltr'><strong>iudicare</strong></span> <span class='ocrx_word' id='word_1_148' title='bbox 412 1403 420 1411; x_wconf 91' lang='lat'><strong>.</strong></span> <span class='ocrx_word' id='word_1_149' title='bbox 435 1403 465 1412; x_wconf 90' lang='lat'><strong>..</strong></span> <span class='ocrx_word' id='word_1_150' title='bbox 488 1378 629 1411; x_wconf 84' lang='lat' dir='ltr'><strong>Ennius</strong></span> <span class='ocrx_word' id='word_1_151' title='bbox 654 1378 816 1420; x_wconf 84' lang='lat' dir='ltr'><strong>Thyeste</strong></span> <span class='ocrx_word' id='word_1_152' title='bbox 840 1402 848 1411; x_wconf 92' lang='lat'><strong>.</strong></span> <span class='ocrx_word' id='word_1_153' title='bbox 863 1402 870 1410; x_wconf 92' lang='lat'><strong>.</strong></span> <span class='ocrx_word' id='word_1_154' title='bbox 886 1379 914 1411; x_wconf 88' lang='lat'><strong>.’</strong></span> <span class='ocrx_word' id='word_1_155' title='bbox 983 1377 1034 1410; x_wconf 93' lang='lat' dir='ltr'><strong>VI</strong></span> <span class='ocrx_word' id='word_1_156' title='bbox 1058 1377 1151 1410; x_wconf 89' lang='lat' dir='ltr'><strong>Non.</strong></span> <span class='ocrx_word' id='word_1_157' title='bbox 1180 1377 1261 1418; x_wconf 88' lang='lat'><strong>110,</strong></span> <span class='ocrx_word' id='word_1_158' title='bbox 1279 1378 1321 1410; x_wconf 85' lang='lat'><strong>15</strong></span> <span class='ocrx_word' id='word_1_159' title='bbox 1346 1375 1554 1415; x_wconf 79' lang='lat' dir='ltr'><strong>‘flaccet,</strong></span> <span class='ocrx_word' id='word_1_160' title='bbox 1581 1375 1749 1418; x_wconf 80' lang='lat' dir='ltr'><strong>languet,</strong></span> 
     </span>
     <span class='ocr_line' id='line_1_21' title="bbox 225 1419 1746 1466; baseline -0.003 -10"><span class='ocrx_word' id='word_1_161' title='bbox 225 1423 346 1457; x_wconf 83' lang='lat' dir='ltr'><strong>deficit</strong></span> <span class='ocrx_word' id='word_1_162' title='bbox 437 1449 445 1458; x_wconf 87' lang='lat'><strong>.</strong></span> <span class='ocrx_word' id='word_1_163' title='bbox 468 1423 610 1456; x_wconf 86' lang='lat' dir='ltr'><strong>Ennius</strong></span> <span class='ocrx_word' id='word_1_164' title='bbox 635 1423 799 1466; x_wconf 84' lang='lat' dir='ltr'><strong>Thyeste</strong></span> <span class='ocrx_word' id='word_1_165' title='bbox 823 1448 831 1455; x_wconf 92' lang='lat'><strong>.</strong></span> <span class='ocrx_word' id='word_1_166' title='bbox 846 1425 898 1456; x_wconf 75' lang='lat'><strong>..³</strong></span> <span class='ocrx_word' id='word_1_167' title='bbox 990 1423 1059 1456; x_wconf 92' lang='lat' dir='ltr'><strong>VII</strong></span> <span class='ocrx_word' id='word_1_168' title='bbox 1083 1423 1218 1455; x_wconf 83' lang='lat' dir='ltr'><strong>Festus</strong></span> <span class='ocrx_word' id='word_1_169' title='bbox 1242 1432 1278 1465; x_wconf 82' lang='lat' dir='ltr'><strong>p.</strong></span> <span class='ocrx_word' id='word_1_170' title='bbox 1302 1422 1369 1454; x_wconf 86' lang='lat'><strong>306</strong></span> <span class='ocrx_word' id='word_1_171' title='bbox 1393 1422 1442 1454; x_wconf 92' lang='grc' dir='ltr'><strong>Μ.</strong></span> <span class='ocrx_word' id='word_1_172' title='bbox 1474 1419 1746 1453; x_wconf 82' lang='lat' dir='ltr'><strong>‘sublimem’</strong></span> 
     </span>
     <span class='ocr_line' id='line_1_22' title="bbox 225 1465 1750 1510; baseline -0.002 -8"><span class='ocrx_word' id='word_1_173' title='bbox 225 1469 348 1509; x_wconf 84' lang='lat' dir='ltr'><strong>(immo</strong></span> <span class='ocrx_word' id='word_1_174' title='bbox 379 1467 624 1510; x_wconf 86' lang='lat' dir='ltr'><strong>sublimen)</strong></span> <span class='ocrx_word' id='word_1_175' title='bbox 657 1471 735 1501; x_wconf 82' lang='lat' dir='ltr'><strong>‘est</strong></span> <span class='ocrx_word' id='word_1_176' title='bbox 766 1469 805 1501; x_wconf 89' lang='lat' dir='ltr'><strong>in</strong></span> <span class='ocrx_word' id='word_1_177' title='bbox 837 1468 1072 1502; x_wconf 80' lang='lat' dir='ltr'><strong>altitudinem</strong></span> <span class='ocrx_word' id='word_1_178' title='bbox 1104 1467 1258 1508; x_wconf 83' lang='lat' dir='ltr'><strong>elatum,</strong></span> <span class='ocrx_word' id='word_1_179' title='bbox 1288 1469 1329 1499; x_wconf 93' lang='lat' dir='ltr'><strong>ut</strong></span> <span class='ocrx_word' id='word_1_180' title='bbox 1353 1466 1493 1499; x_wconf 88' lang='lat' dir='ltr'><strong>Ennius</strong></span> <span class='ocrx_word' id='word_1_181' title='bbox 1525 1465 1563 1498; x_wconf 91' lang='lat' dir='ltr'><strong>in</strong></span> <span class='ocrx_word' id='word_1_182' title='bbox 1587 1465 1750 1508; x_wconf 80' lang='lat' dir='ltr'><strong>Thyeste</strong></span> 
     </span>
     <span class='ocr_line' id='line_1_23' title="bbox 275 1513 1751 1555; baseline -0.003 -8"><span class='ocrx_word' id='word_1_183' title='bbox 275 1517 305 1548; x_wconf 90' lang='lat'><strong>.’</strong></span> <span class='ocrx_word' id='word_1_184' title='bbox 339 1513 469 1547; x_wconf 82' lang='lat' dir='ltr'><strong>Cicero</strong></span> <span class='ocrx_word' id='word_1_185' title='bbox 493 1514 537 1547; x_wconf 89' lang='lat' dir='ltr'><strong>de</strong></span> <span class='ocrx_word' id='word_1_186' title='bbox 562 1517 638 1547; x_wconf 85' lang='lat' dir='ltr'><strong>nat.</strong></span> <span class='ocrx_word' id='word_1_187' title='bbox 665 1513 762 1547; x_wconf 87' lang='lat' dir='ltr'><strong>deor.</strong></span> <span class='ocrx_word' id='word_1_188' title='bbox 789 1513 826 1546; x_wconf 90' lang='grc' dir='ltr'><strong>ΙΙ</strong></span> <span class='ocrx_word' id='word_1_189' title='bbox 850 1515 889 1555; x_wconf 90' lang='grc'><strong>2,</strong></span> <span class='ocrx_word' id='word_1_190' title='bbox 914 1515 935 1546; x_wconf 88' lang='grc'>4</span> <span class='ocrx_word' id='word_1_191' title='bbox 967 1513 1071 1555; x_wconf 87' lang='lat' dir='ltr'><strong>‘quid</strong></span> <span class='ocrx_word' id='word_1_192' title='bbox 1103 1513 1199 1546; x_wconf 86' lang='lat' dir='ltr'><strong>enim</strong></span> <span class='ocrx_word' id='word_1_193' title='bbox 1224 1514 1346 1555; x_wconf 85' lang='lat' dir='ltr'><strong>potest</strong></span> <span class='ocrx_word' id='word_1_194' title='bbox 1372 1521 1452 1545; x_wconf 84' lang='lat' dir='ltr'><strong>esse</strong></span> <span class='ocrx_word' id='word_1_195' title='bbox 1484 1513 1559 1543; x_wconf 84' lang='lat' dir='ltr'><strong>tam</strong></span> <span class='ocrx_word' id='word_1_196' title='bbox 1584 1513 1751 1554; x_wconf 86' lang='lat' dir='ltr'><strong>apertum</strong></span> 
     </span>
     <span class='ocr_line' id='line_1_24' title="bbox 231 1555 1751 1602; baseline -0.003 -10"><span class='ocrx_word' id='word_1_197' title='bbox 231 1584 239 1594; x_wconf 89' lang='lat'><strong>.</strong></span> <span class='ocrx_word' id='word_1_198' title='bbox 255 1584 262 1592; x_wconf 94' lang='lat'><strong>.</strong></span> <span class='ocrx_word' id='word_1_199' title='bbox 277 1584 284 1592; x_wconf 92' lang='lat'><strong>.</strong></span> <span class='ocrx_word' id='word_1_200' title='bbox 309 1570 391 1592; x_wconf 88' lang='lat' dir='ltr'><strong>eum</strong></span> <span class='ocrx_word' id='word_1_201' title='bbox 415 1559 558 1593; x_wconf 82' lang='lat' dir='ltr'><strong>eaelum</strong></span> <span class='ocrx_word' id='word_1_202' title='bbox 581 1559 813 1602; x_wconf 86' lang='lat' dir='ltr'><strong>suspeximus</strong></span> <span class='ocrx_word' id='word_1_203' title='bbox 842 1583 850 1592; x_wconf 95' lang='lat'><strong>.</strong></span> <span class='ocrx_word' id='word_1_204' title='bbox 870 1583 879 1592; x_wconf 92' lang='lat'><strong>.</strong></span> <span class='ocrx_word' id='word_1_205' title='bbox 900 1584 908 1591; x_wconf 94' lang='lat'><strong>.</strong></span> <span class='ocrx_word' id='word_1_206' title='bbox 933 1569 1040 1601; x_wconf 84' lang='lat' dir='ltr'><strong>quam</strong></span> <span class='ocrx_word' id='word_1_207' title='bbox 1066 1569 1147 1592; x_wconf 87' lang='lat' dir='ltr'><strong>esse</strong></span> <span class='ocrx_word' id='word_1_208' title='bbox 1174 1557 1321 1600; x_wconf 86' lang='lat' dir='ltr'><strong>aliquod</strong></span> <span class='ocrx_word' id='word_1_209' title='bbox 1345 1567 1479 1590; x_wconf 89' lang='lat' dir='ltr'><strong>numen</strong></span> <span class='ocrx_word' id='word_1_210' title='bbox 1503 1581 1510 1589; x_wconf 89' lang='lat'><strong>.</strong></span> <span class='ocrx_word' id='word_1_211' title='bbox 1531 1581 1539 1590; x_wconf 95' lang='lat'><strong>.</strong></span> <span class='ocrx_word' id='word_1_212' title='bbox 1560 1581 1568 1588; x_wconf 92' lang='lat'><strong>.</strong></span> <span class='ocrx_word' id='word_1_213' title='bbox 1591 1555 1687 1598; x_wconf 85' lang='lat' dir='ltr'><strong>quod</strong></span> <span class='ocrx_word' id='word_1_214' title='bbox 1711 1556 1751 1589; x_wconf 87' lang='lat' dir='ltr'><strong>ni</strong></span> 
     </span>
     <span class='ocr_line' id='line_1_25' title="bbox 224 1602 1749 1648; baseline -0.002 -11"><span class='ocrx_word' id='word_1_215' title='bbox 224 1605 280 1637; x_wconf 83' lang='lat' dir='ltr'><strong>ita</strong></span> <span class='ocrx_word' id='word_1_216' title='bbox 305 1608 422 1644; x_wconf 83' lang='lat' dir='ltr'><strong>esset,</strong></span> <span class='ocrx_word' id='word_1_217' title='bbox 450 1605 511 1648; x_wconf 91' lang='lat' dir='ltr'><strong>qui</strong></span> <span class='ocrx_word' id='word_1_218' title='bbox 535 1604 718 1647; x_wconf 87' lang='lat' dir='ltr'><strong>potuisset</strong></span> <span class='ocrx_word' id='word_1_219' title='bbox 743 1603 901 1636; x_wconf 85' lang='lat' dir='ltr'><strong>adsensu</strong></span> <span class='ocrx_word' id='word_1_220' title='bbox 925 1604 1084 1637; x_wconf 87' lang='lat' dir='ltr'><strong>omnium</strong></span> <span class='ocrx_word' id='word_1_221' title='bbox 1108 1603 1230 1637; x_wconf 85' lang='lat' dir='ltr'><strong>dicere</strong></span> <span class='ocrx_word' id='word_1_222' title='bbox 1256 1603 1413 1635; x_wconf 85' lang='lat' dir='ltr'><strong>Ennius:</strong></span> <span class='ocrx_word' id='word_1_223' title='bbox 1441 1602 1590 1645; x_wconf 83' lang='lat' dir='ltr'><strong>aspice’</strong></span> <span class='ocrx_word' id='word_1_224' title='bbox 1617 1612 1648 1635; x_wconf 91' lang='lat' dir='ltr'><strong>e.</strong></span> <span class='ocrx_word' id='word_1_225' title='bbox 1667 1611 1702 1644; x_wconf 85' lang='lat' dir='ltr'><strong>q.</strong></span> <span class='ocrx_word' id='word_1_226' title='bbox 1719 1611 1749 1634; x_wconf 81' lang='lat' dir='ltr'><strong>s.</strong></span> 
     </span>
     <span class='ocr_line' id='line_1_26' title="bbox 224 1646 1751 1693; baseline -0.003 -10"><span class='ocrx_word' id='word_1_227' title='bbox 224 1651 364 1683; x_wconf 88' lang='lat' dir='ltr'><strong>Ibidem</strong></span> <span class='ocrx_word' id='word_1_228' title='bbox 389 1652 451 1692; x_wconf 74' lang='lat'><strong>⁶25,</strong></span> <span class='ocrx_word' id='word_1_229' title='bbox 477 1651 520 1683; x_wconf 83' lang='lat'><strong>65</strong></span> <span class='ocrx_word' id='word_1_230' title='bbox 552 1649 670 1682; x_wconf 79' lang='lat' dir='ltr'><strong>‘hune</strong></span> <span class='ocrx_word' id='word_1_231' title='bbox 695 1650 827 1693; x_wconf 84' lang='lat' dir='ltr'><strong>igitur’</strong></span> <span class='ocrx_word' id='word_1_232' title='bbox 855 1649 918 1690; x_wconf 84' lang='lat' dir='ltr'><strong>(sc.</strong></span> <span class='ocrx_word' id='word_1_233' title='bbox 944 1647 1086 1691; x_wconf 90' lang='lat' dir='ltr'><strong>Iouem)</strong></span> <span class='ocrx_word' id='word_1_234' title='bbox 1112 1648 1294 1688; x_wconf 79' lang='lat' dir='ltr'><strong>‘Ennius,</strong></span> <span class='ocrx_word' id='word_1_235' title='bbox 1326 1651 1369 1680; x_wconf 91' lang='lat' dir='ltr'><strong>ut</strong></span> <span class='ocrx_word' id='word_1_236' title='bbox 1393 1657 1504 1690; x_wconf 85' lang='lat' dir='ltr'><strong>supra</strong></span> <span class='ocrx_word' id='word_1_237' title='bbox 1535 1646 1629 1689; x_wconf 83' lang='lat' dir='ltr'><strong>dixi,</strong></span> <span class='ocrx_word' id='word_1_238' title='bbox 1660 1656 1751 1679; x_wconf 81' lang='lat' dir='ltr'><strong>nun-</strong></span> 
     </span>
     <span class='ocr_line' id='line_1_27' title="bbox 226 1692 1750 1739; baseline -0.003 -11"><span class='ocrx_word' id='word_1_239' title='bbox 226 1699 339 1739; x_wconf 87' lang='lat' dir='ltr'><strong>cupat</strong></span> <span class='ocrx_word' id='word_1_240' title='bbox 363 1697 416 1731; x_wconf 85' lang='lat' dir='ltr'><strong>ita</strong></span> <span class='ocrx_word' id='word_1_241' title='bbox 443 1695 589 1728; x_wconf 84' lang='lat' dir='ltr'><strong>dicens:</strong></span> <span class='ocrx_word' id='word_1_242' title='bbox 615 1695 763 1738; x_wconf 84' lang='lat' dir='ltr'><strong>aspice’</strong></span> <span class='ocrx_word' id='word_1_243' title='bbox 790 1706 820 1730; x_wconf 88' lang='lat' dir='ltr'><strong>e.</strong></span> <span class='ocrx_word' id='word_1_244' title='bbox 847 1705 880 1738; x_wconf 91' lang='lat' dir='ltr'><strong>q.</strong></span> <span class='ocrx_word' id='word_1_245' title='bbox 907 1705 934 1730; x_wconf 82' lang='lat' dir='ltr'><strong>s.</strong></span> <span class='ocrx_word' id='word_1_246' title='bbox 974 1694 1122 1728; x_wconf 75' lang='lat' dir='ltr'><strong>Ibidem</strong></span> <span class='ocrx_word' id='word_1_247' title='bbox 1146 1693 1204 1727; x_wconf 93' lang='lat'><strong>111</strong></span> <span class='ocrx_word' id='word_1_248' title='bbox 1227 1695 1266 1735; x_wconf 88' lang='lat'><strong>4,</strong></span> <span class='ocrx_word' id='word_1_249' title='bbox 1294 1694 1336 1726; x_wconf 89' lang='lat'><strong>10</strong></span> <span class='ocrx_word' id='word_1_250' title='bbox 1360 1693 1530 1736; x_wconf 76' lang='lat' dir='ltr'><strong>‘primum</strong></span> <span class='ocrx_word' id='word_1_251' title='bbox 1555 1692 1642 1734; x_wconf 80' lang='lat' dir='ltr'><strong>fuit,</strong></span> <span class='ocrx_word' id='word_1_252' title='bbox 1669 1702 1750 1724; x_wconf 85' lang='lat' dir='ltr'><strong>eum</strong></span> 
     </span>
     <span class='ocr_line' id='line_1_28' title="bbox 225 1737 1750 1784; baseline -0.003 -10"><span class='ocrx_word' id='word_1_253' title='bbox 225 1740 368 1774; x_wconf 83' lang='lat' dir='ltr'><strong>caelum</strong></span> <span class='ocrx_word' id='word_1_254' title='bbox 393 1742 703 1784; x_wconf 83' lang='lat' dir='ltr'><strong>suspexissemus,</strong></span> <span class='ocrx_word' id='word_1_255' title='bbox 729 1740 855 1773; x_wconf 82' lang='lat' dir='ltr'><strong>statim</strong></span> <span class='ocrx_word' id='word_1_256' title='bbox 881 1751 946 1773; x_wconf 83' lang='lat' dir='ltr'><strong>nos</strong></span> <span class='ocrx_word' id='word_1_257' title='bbox 971 1739 1207 1783; x_wconf 84' lang='lat' dir='ltr'><strong>intellegere,</strong></span> <span class='ocrx_word' id='word_1_258' title='bbox 1235 1748 1315 1772; x_wconf 85' lang='lat' dir='ltr'><strong>esse</strong></span> <span class='ocrx_word' id='word_1_259' title='bbox 1340 1737 1491 1780; x_wconf 84' lang='lat' dir='ltr'><strong>aliquod</strong></span> <span class='ocrx_word' id='word_1_260' title='bbox 1507 1747 1652 1779; x_wconf 89' lang='lat' dir='ltr'><strong>numen,</strong></span> <span class='ocrx_word' id='word_1_261' title='bbox 1679 1746 1750 1780; x_wconf 93' lang='lat' dir='ltr'><strong>quo</strong></span> 
     </span>
     <span class='ocr_line' id='line_1_29' title="bbox 225 1781 1752 1829; baseline -0.003 -11"><span class='ocrx_word' id='word_1_262' title='bbox 225 1786 317 1820; x_wconf 82' lang='lat' dir='ltr'><strong>haee</strong></span> <span class='ocrx_word' id='word_1_263' title='bbox 342 1789 530 1829; x_wconf 84' lang='lat' dir='ltr'><strong>regantur.</strong></span> <span class='ocrx_word' id='word_1_264' title='bbox 562 1787 618 1818; x_wconf 82' lang='lat' dir='ltr'><strong>Ex</strong></span> <span class='ocrx_word' id='word_1_265' title='bbox 641 1786 710 1819; x_wconf 88' lang='lat' dir='ltr'><strong>hoc</strong></span> <span class='ocrx_word' id='word_1_266' title='bbox 734 1785 824 1818; x_wconf 89' lang='lat' dir='ltr'><strong>illud</strong></span> <span class='ocrx_word' id='word_1_267' title='bbox 851 1786 982 1818; x_wconf 85' lang='lat' dir='ltr'><strong>etiam:</strong></span> <span class='ocrx_word' id='word_1_268' title='bbox 1010 1785 1159 1828; x_wconf 84' lang='lat' dir='ltr'><strong>aspice’</strong></span> <span class='ocrx_word' id='word_1_269' title='bbox 1187 1795 1217 1816; x_wconf 93' lang='lat' dir='ltr'><strong>e.</strong></span> <span class='ocrx_word' id='word_1_270' title='bbox 1244 1794 1277 1826; x_wconf 89' lang='lat' dir='ltr'><strong>q.</strong></span> <span class='ocrx_word' id='word_1_271' title='bbox 1303 1794 1330 1817; x_wconf 82' lang='lat' dir='ltr'><strong>s.</strong></span> <span class='ocrx_word' id='word_1_272' title='bbox 1361 1783 1502 1816; x_wconf 87' lang='lat' dir='ltr'><strong>Ibidem</strong></span> <span class='ocrx_word' id='word_1_273' title='bbox 1527 1783 1589 1824; x_wconf 82' lang='lat'><strong>16,</strong></span> <span class='ocrx_word' id='word_1_274' title='bbox 1613 1783 1658 1815; x_wconf 89' lang='grc'><strong>40</strong></span> <span class='ocrx_word' id='word_1_275' title='bbox 1687 1781 1752 1815; x_wconf 72' lang='lat' dir='ltr'><strong>‘sit</strong></span> 
     </span>
     <span class='ocr_line' id='line_1_30' title="bbox 226 1826 1750 1875; baseline -0.003 -11"><span class='ocrx_word' id='word_1_276' title='bbox 226 1842 315 1864; x_wconf 84' lang='lat' dir='ltr'><strong>sane</strong></span> <span class='ocrx_word' id='word_1_277' title='bbox 342 1832 431 1865; x_wconf 82' lang='lat' dir='ltr'><strong>deus</strong></span> <span class='ocrx_word' id='word_1_278' title='bbox 455 1833 535 1875; x_wconf 89' lang='lat' dir='ltr'><strong>ipse</strong></span> <span class='ocrx_word' id='word_1_279' title='bbox 559 1831 727 1864; x_wconf 88' lang='lat' dir='ltr'><strong>mundus.</strong></span> <span class='ocrx_word' id='word_1_280' title='bbox 770 1831 851 1863; x_wconf 87' lang='lat' dir='ltr'><strong>Hoc</strong></span> <span class='ocrx_word' id='word_1_281' title='bbox 876 1830 983 1864; x_wconf 82' lang='lat' dir='ltr'><strong>eredo</strong></span> <span class='ocrx_word' id='word_1_282' title='bbox 1007 1829 1098 1862; x_wconf 89' lang='lat' dir='ltr'><strong>illud</strong></span> <span class='ocrx_word' id='word_1_283' title='bbox 1123 1839 1202 1862; x_wconf 82' lang='lat' dir='ltr'><strong>esse</strong></span> <span class='ocrx_word' id='word_1_284' title='bbox 1228 1828 1438 1862; x_wconf 85' lang='lat' dir='ltr'><strong>sublime’</strong></span> <span class='ocrx_word' id='word_1_285' title='bbox 1465 1838 1496 1860; x_wconf 91' lang='lat' dir='ltr'><strong>e.</strong></span> <span class='ocrx_word' id='word_1_286' title='bbox 1524 1837 1556 1870; x_wconf 91' lang='lat' dir='ltr'><strong>q.</strong></span> <span class='ocrx_word' id='word_1_287' title='bbox 1582 1837 1610 1860; x_wconf 86' lang='lat' dir='ltr'><strong>s.</strong></span> <span class='ocrx_word' id='word_1_288' title='bbox 1649 1826 1750 1870; x_wconf 85' lang='lat' dir='ltr'><strong>Apu—</strong></span> 
     </span>
     <span class='ocr_line' id='line_1_31' title="bbox 224 1872 1749 1919; baseline -0.003 -10"><span class='ocrx_word' id='word_1_289' title='bbox 224 1876 319 1910; x_wconf 87' lang='lat' dir='ltr'><strong>leius</strong></span> <span class='ocrx_word' id='word_1_290' title='bbox 350 1877 394 1910; x_wconf 87' lang='lat' dir='ltr'><strong>de</strong></span> <span class='ocrx_word' id='word_1_291' title='bbox 426 1876 559 1910; x_wconf 89' lang='lat' dir='ltr'><strong>mundo</strong></span> <span class='ocrx_word' id='word_1_292' title='bbox 592 1887 623 1911; x_wconf 84' lang='lat' dir='ltr'><strong>o.</strong></span> <span class='ocrx_word' id='word_1_293' title='bbox 648 1878 692 1910; x_wconf 90' lang='lat'><strong>33</strong></span> <span class='ocrx_word' id='word_1_294' title='bbox 717 1887 751 1919; x_wconf 89' lang='lat' dir='ltr'><strong>p.</strong></span> <span class='ocrx_word' id='word_1_295' title='bbox 777 1877 843 1909; x_wconf 89' lang='grc'><strong>363</strong></span> <span class='ocrx_word' id='word_1_296' title='bbox 868 1875 960 1909; x_wconf 87' lang='lat' dir='ltr'><strong>Oud.</strong></span> <span class='ocrx_word' id='word_1_297' title='bbox 1010 1876 1213 1908; x_wconf 79' lang='lat' dir='ltr'><strong>‘Romanus</strong></span> <span class='ocrx_word' id='word_1_298' title='bbox 1244 1874 1355 1907; x_wconf 85' lang='lat' dir='ltr'><strong>etiam</strong></span> <span class='ocrx_word' id='word_1_299' title='bbox 1388 1875 1500 1916; x_wconf 85' lang='lat' dir='ltr'><strong>poeta</strong></span> <span class='ocrx_word' id='word_1_300' title='bbox 1530 1872 1584 1905; x_wconf 82' lang='lat' dir='ltr'><strong>sie</strong></span> <span class='ocrx_word' id='word_1_301' title='bbox 1614 1872 1749 1905; x_wconf 82' lang='lat' dir='ltr'><strong>sensit:</strong></span> 
     </span>
     <span class='ocr_line' id='line_1_32' title="bbox 227 1918 1748 1965; baseline -0.003 -10"><span class='ocrx_word' id='word_1_302' title='bbox 227 1923 371 1965; x_wconf 57' lang='grc' dir='ltr'><strong>πρῶθ’</strong></span> <span class='ocrx_word' id='word_1_303' title='bbox 399 1933 430 1955; x_wconf 91' lang='grc' dir='ltr'><strong>θ.</strong></span> <span class='ocrx_word' id='word_1_304' title='bbox 450 1933 482 1965; x_wconf 92' lang='lat' dir='ltr'><strong>q.</strong></span> <span class='ocrx_word' id='word_1_305' title='bbox 500 1932 527 1954; x_wconf 87' lang='lat' dir='ltr'><strong>s.</strong></span> <span class='ocrx_word' id='word_1_306' title='bbox 561 1922 702 1954; x_wconf 88' lang='lat' dir='ltr'><strong>Probus</strong></span> <span class='ocrx_word' id='word_1_307' title='bbox 726 1921 765 1953; x_wconf 86' lang='lat' dir='ltr'><strong>in</strong></span> <span class='ocrx_word' id='word_1_308' title='bbox 781 1922 891 1964; x_wconf 85' lang='lat' dir='ltr'><strong>Verg.</strong></span> <span class='ocrx_word' id='word_1_309' title='bbox 918 1921 996 1953; x_wconf 87' lang='lat' dir='ltr'><strong>Eel.</strong></span> <span class='ocrx_word' id='word_1_310' title='bbox 1022 1921 1060 1959; x_wconf 87' lang='lat'><strong>6,</strong></span> <span class='ocrx_word' id='word_1_311' title='bbox 1085 1921 1127 1953; x_wconf 89' lang='lat'><strong>31</strong></span> <span class='ocrx_word' id='word_1_312' title='bbox 1153 1930 1186 1962; x_wconf 88' lang='lat' dir='ltr'><strong>p.</strong></span> <span class='ocrx_word' id='word_1_313' title='bbox 1206 1920 1246 1951; x_wconf 88' lang='lat'><strong>11</strong></span> <span class='ocrx_word' id='word_1_314' title='bbox 1271 1918 1365 1952; x_wconf 88' lang='lat' dir='ltr'><strong>Keil.</strong></span> <span class='ocrx_word' id='word_1_315' title='bbox 1392 1918 1572 1950; x_wconf 73' lang='lat' dir='ltr'><strong>‘Enniusz</strong></span> <span class='ocrx_word' id='word_1_316' title='bbox 1598 1918 1748 1960; x_wconf 84' lang='lat' dir='ltr'><strong>aspiee&#39;</strong></span> 
     </span>
     <span class='ocr_line' id='line_1_33' title="bbox 227 1957 1748 2010; baseline -0.003 -10"><span class='ocrx_word' id='word_1_317' title='bbox 227 1978 257 2000; x_wconf 88' lang='lat' dir='ltr'><strong>e.</strong></span> <span class='ocrx_word' id='word_1_318' title='bbox 275 1977 309 2010; x_wconf 89' lang='lat' dir='ltr'><strong>q.</strong></span> <span class='ocrx_word' id='word_1_319' title='bbox 327 1979 356 2003; x_wconf 80' lang='lat' dir='ltr'><strong>s,</strong></span> <span class='ocrx_word' id='word_1_320' title='bbox 394 1966 636 2000; x_wconf 86' lang='lat' dir='ltr'><strong>Contnlerunt</strong></span> <span class='ocrx_word' id='word_1_321' title='bbox 660 1965 850 2009; x_wconf 85' lang='lat' dir='ltr'><strong>Euripidis</strong></span> <span class='ocrx_word' id='word_1_322' title='bbox 874 1967 946 2001; x_wconf 85' lang='lat' dir='ltr'><strong>inc.</strong></span> <span class='ocrx_word' id='word_1_323' title='bbox 973 1965 1047 1999; x_wconf 84' lang='lat' dir='ltr'><strong>fab.</strong></span> <span class='ocrx_word' id='word_1_324' title='bbox 1074 1965 1118 1997; x_wconf 84' lang='lat' dir='ltr'><strong>fr.</strong></span> <span class='ocrx_word' id='word_1_325' title='bbox 1142 1965 1208 1998; x_wconf 83' lang='lat'><strong>935</strong></span> <span class='ocrx_word' id='word_1_326' title='bbox 1231 1964 1274 1997; x_wconf 87' lang='lat' dir='ltr'><strong>N.</strong></span> <span class='ocrx_word' id='word_1_327' title='bbox 1299 1958 1392 2007; x_wconf 79' lang='grc' dir='ltr'><strong>ὁρᾷς</strong></span> <span class='ocrx_word' id='word_1_328' title='bbox 1418 1957 1486 1996; x_wconf 80' lang='grc' dir='ltr'><strong>τὸν</strong></span> <span class='ocrx_word' id='word_1_329' title='bbox 1511 1959 1616 2005; x_wconf 78' lang='grc' dir='ltr'><strong><em>ὑψοῦ</em></strong></span> <span class='ocrx_word' id='word_1_330' title='bbox 1640 1957 1748 1996; x_wconf 80' lang='grc' dir='ltr'><strong><em>τόνδ’</em></strong></span> 
     </span>
     <span class='ocr_line' id='line_1_34' title="bbox 227 2002 1582 2056; baseline -0.003 -11"><span class='ocrx_word' id='word_1_331' title='bbox 227 2006 385 2056; x_wconf 71' lang='grc' dir='ltr'><strong>ἄπειρον</strong></span> <span class='ocrx_word' id='word_1_332' title='bbox 410 2006 554 2056; x_wconf 79' lang='grc' dir='ltr'><strong>αἰθέρα</strong></span> <span class='ocrx_word' id='word_1_333' title='bbox 577 2023 611 2047; x_wconf 85' lang='grc' dir='ltr'><strong>κ.</strong></span> <span class='ocrx_word' id='word_1_334' title='bbox 636 2023 667 2044; x_wconf 82' lang='grc' dir='ltr'><strong>τ.</strong></span> <span class='ocrx_word' id='word_1_335' title='bbox 693 2011 724 2045; x_wconf 80' lang='grc' dir='ltr'><strong>λ.</strong></span> <span class='ocrx_word' id='word_1_336' title='bbox 751 2009 887 2045; x_wconf 79' lang='grc' dir='ltr'><strong>τοῦτον</strong></span> <span class='ocrx_word' id='word_1_337' title='bbox 911 2005 1040 2054; x_wconf 84' lang='grc' dir='ltr'><em>νόμιζε</em></span> <span class='ocrx_word' id='word_1_338' title='bbox 1068 2008 1191 2054; x_wconf 79' lang='grc' dir='ltr'><em>Ζῆνα,</em></span> <span class='ocrx_word' id='word_1_339' title='bbox 1217 2003 1324 2042; x_wconf 66' lang='grc' dir='ltr'><strong>τόνδὲ</strong></span> <span class='ocrx_word' id='word_1_340' title='bbox 1351 2003 1448 2052; x_wconf 78' lang='grc' dir='ltr'>ἡγοῦ</span> <span class='ocrx_word' id='word_1_341' title='bbox 1472 2002 1582 2042; x_wconf 77' lang='grc' dir='ltr'><strong><em>θεόν.</em></strong></span> 
     </span>
    </p>
   </div>
   <div class='ocr_carea' id='block_1_6' title="bbox 253 2087 510 2091">
    <p class='ocr_par' dir='ltr' id='par_1_6' title="bbox 253 2087 510 2091">
     <span class='ocr_line' id='line_1_35' title="bbox 253 2087 510 2091; baseline 0 0"><span class='ocrx_word' id='word_1_342' title='bbox 253 2087 510 2091; x_wconf 95' lang='lat' dir='ltr'><strong> </strong></span> 
     </span>
    </p>
   </div>
   <div class='ocr_carea' id='block_1_7' title="bbox 221 2128 1752 2912">
    <p class='ocr_par' dir='ltr' id='par_1_7' title="bbox 221 2128 1752 2912">
     <span class='ocr_line' id='line_1_36' title="bbox 340 2128 1751 2180; baseline -0.004 -12"><span class='ocrx_word' id='word_1_343' title='bbox 340 2131 419 2169; x_wconf 86' lang='grc'><strong>297</strong></span> <span class='ocrx_word' id='word_1_344' title='bbox 451 2132 590 2180; x_wconf 77' lang='lat' dir='ltr'><strong>cogitet</strong></span> <span class='ocrx_word' id='word_1_345' title='bbox 630 2131 676 2168; x_wconf 89' lang='lat' dir='ltr'><em>W</em></span> <span class='ocrx_word' id='word_1_346' title='bbox 704 2131 809 2167; x_wconf 82' lang='lat' dir='ltr'><strong>Leid.</strong></span> <span class='ocrx_word' id='word_1_347' title='bbox 961 2128 1041 2167; x_wconf 83' lang='lat'><strong>298</strong></span> <span class='ocrx_word' id='word_1_348' title='bbox 1081 2134 1224 2166; x_wconf 84' lang='lat' dir='ltr'><strong>senecta</strong></span> <span class='ocrx_word' id='word_1_349' title='bbox 1253 2128 1528 2165; x_wconf 78' lang='lat' dir='ltr'><strong>Lachmannus</strong></span> <span class='ocrx_word' id='word_1_350' title='bbox 1563 2130 1751 2164; x_wconf 79' lang='lat' dir='ltr'><strong>senectute</strong></span> 
     </span>
     <span class='ocr_line' id='line_1_37' title="bbox 224 2183 1748 2236; baseline -0.004 -10"><span class='ocrx_word' id='word_1_351' title='bbox 224 2190 331 2227; x_wconf 83' lang='lat' dir='ltr'><strong>libri:</strong></span> <span class='ocrx_word' id='word_1_352' title='bbox 363 2193 452 2225; x_wconf 86' lang='lat' dir='ltr'><strong>ante</strong></span> <span class='ocrx_word' id='word_1_353' title='bbox 473 2190 647 2225; x_wconf 84' lang='lat' dir='ltr'><strong>uoculem</strong></span> <span class='ocrx_word' id='word_1_354' title='bbox 664 2187 771 2236; x_wconf 84' lang='lat' dir='ltr'><strong>ferri</strong></span> <span class='ocrx_word' id='word_1_355' title='bbox 787 2189 922 2234; x_wconf 87' lang='lat' dir='ltr'><strong>potuit.</strong></span> <span class='ocrx_word' id='word_1_356' title='bbox 1011 2186 1094 2224; x_wconf 89' lang='lat'><strong>300</strong></span> <span class='ocrx_word' id='word_1_357' title='bbox 1123 2185 1258 2222; x_wconf 81' lang='lat' dir='ltr'><strong>facille</strong></span> <span class='ocrx_word' id='word_1_358' title='bbox 1291 2186 1484 2223; x_wconf 76' lang='lat' dir='ltr'><strong>Vahlenus</strong></span> <span class='ocrx_word' id='word_1_359' title='bbox 1503 2194 1598 2221; x_wconf 86' lang='lat' dir='ltr'><strong>mus.</strong></span> <span class='ocrx_word' id='word_1_360' title='bbox 1622 2183 1748 2220; x_wconf 79' lang='lat' dir='ltr'><strong>Rben.</strong></span> 
     </span>
     <span class='ocr_line' id='line_1_38' title="bbox 227 2239 1750 2290; baseline -0.005 -7"><span class='ocrx_word' id='word_1_361' title='bbox 227 2246 327 2284; x_wconf 85' lang='lat' dir='ltr'><strong>XVI</strong></span> <span class='ocrx_word' id='word_1_362' title='bbox 347 2245 428 2283; x_wconf 82' lang='lat'><strong>579</strong></span> <span class='ocrx_word' id='word_1_363' title='bbox 451 2244 554 2281; x_wconf 82' lang='lat' dir='ltr'><strong>facile</strong></span> <span class='ocrx_word' id='word_1_364' title='bbox 573 2245 665 2281; x_wconf 84' lang='lat' dir='ltr'><strong>libri</strong></span> <span class='ocrx_word' id='word_1_365' title='bbox 685 2245 787 2281; x_wconf 75' lang='lat' dir='ltr'><strong>facite</strong></span> <span class='ocrx_word' id='word_1_366' title='bbox 808 2244 940 2281; x_wconf 82' lang='lat' dir='ltr'><strong>Detrio</strong></span> <span class='ocrx_word' id='word_1_367' title='bbox 1012 2242 1176 2290; x_wconf 81' lang='lat' dir='ltr'><strong>abigeum</strong></span> <span class='ocrx_word' id='word_1_368' title='bbox 1197 2244 1352 2289; x_wconf 83' lang='lat' dir='ltr'><strong>scripsi.</strong></span> <span class='ocrx_word' id='word_1_369' title='bbox 1385 2240 1525 2278; x_wconf 84' lang='lat' dir='ltr'><strong>babium</strong></span> <span class='ocrx_word' id='word_1_370' title='bbox 1545 2241 1636 2278; x_wconf 85' lang='lat' dir='ltr'><strong>libri</strong></span> <span class='ocrx_word' id='word_1_371' title='bbox 1663 2239 1750 2276; x_wconf 79' lang='lat' dir='ltr'><strong>hali-</strong></span> 
     </span>
     <span class='ocr_line' id='line_1_39' title="bbox 227 2292 1752 2350; baseline -0.004 -11"><span class='ocrx_word' id='word_1_372' title='bbox 227 2309 302 2339; x_wconf 86' lang='lat' dir='ltr'><strong>tum</strong></span> <span class='ocrx_word' id='word_1_373' title='bbox 323 2302 459 2339; x_wconf 84' lang='lat' dir='ltr'><strong>Ium‘us</strong></span> <span class='ocrx_word' id='word_1_374' title='bbox 487 2303 527 2338; x_wconf 86' lang='lat' dir='ltr'><strong>in</strong></span> <span class='ocrx_word' id='word_1_375' title='bbox 559 2313 628 2350; x_wconf 83' lang='lat' dir='ltr'><strong>m9.</strong></span> <span class='ocrx_word' id='word_1_376' title='bbox 660 2300 831 2349; x_wconf 74' lang='lat' dir='ltr'><strong>‘abigeus</strong></span> <span class='ocrx_word' id='word_1_377' title='bbox 858 2292 1080 2348; x_wconf 76' lang='grc' dir='ltr'><em>ἄπελάτης’</em></span> <span class='ocrx_word' id='word_1_378' title='bbox 1109 2300 1223 2348; x_wconf 82' lang='lat' dir='ltr'><strong>9loss.</strong></span> <span class='ocrx_word' id='word_1_379' title='bbox 1254 2299 1436 2336; x_wconf 89' lang='lat' dir='ltr'><strong>Labbaei.</strong></span> <span class='ocrx_word' id='word_1_380' title='bbox 1469 2295 1654 2345; x_wconf 70' lang='lat' dir='ltr'><strong>‘abigeus,</strong></span> <span class='ocrx_word' id='word_1_381' title='bbox 1685 2298 1752 2344; x_wconf 80' lang='lat' dir='ltr'><strong>qui</strong></span> 
     </span>
     <span class='ocr_line' id='line_1_40' title="bbox 227 2353 1750 2404; baseline -0.005 -8"><span class='ocrx_word' id='word_1_382' title='bbox 227 2361 375 2396; x_wconf 79' lang='lat' dir='ltr'><strong>seducit</strong></span> <span class='ocrx_word' id='word_1_383' title='bbox 401 2369 558 2395; x_wconf 84' lang='lat' dir='ltr'><strong>seruum</strong></span> <span class='ocrx_word' id='word_1_384' title='bbox 587 2359 752 2395; x_wconf 87' lang='lat' dir='ltr'><strong>alienum</strong></span> <span class='ocrx_word' id='word_1_385' title='bbox 781 2358 843 2394; x_wconf 89' lang='lat' dir='ltr'><strong>uel</strong></span> <span class='ocrx_word' id='word_1_386' title='bbox 867 2354 1010 2404; x_wconf 88' lang='lat' dir='ltr'><strong>pecus&#39;</strong></span> <span class='ocrx_word' id='word_1_387' title='bbox 1038 2357 1152 2404; x_wconf 73' lang='lat' dir='ltr'><strong>yloss.</strong></span> <span class='ocrx_word' id='word_1_388' title='bbox 1177 2356 1449 2401; x_wconf 84' lang='lat' dir='ltr'><strong>Hildebrandi,</strong></span> <span class='ocrx_word' id='word_1_389' title='bbox 1483 2356 1569 2390; x_wconf 89' lang='lat' dir='ltr'><strong>item</strong></span> <span class='ocrx_word' id='word_1_390' title='bbox 1602 2353 1750 2391; x_wconf 84' lang='lat' dir='ltr'><strong>Vatica—</strong></span> 
     </span>
     <span class='ocr_line' id='line_1_41' title="bbox 227 2409 1749 2453; baseline -0.005 0"><span class='ocrx_word' id='word_1_391' title='bbox 227 2428 316 2453; x_wconf 85' lang='lat' dir='ltr'><strong>num</strong></span> <span class='ocrx_word' id='word_1_392' title='bbox 335 2416 380 2452; x_wconf 90' lang='lat' dir='ltr'><strong>A.</strong></span> <span class='ocrx_word' id='word_1_393' title='bbox 402 2415 486 2452; x_wconf 76' lang='lat' dir='ltr'><strong>Mai</strong></span> <span class='ocrx_word' id='word_1_394' title='bbox 504 2418 604 2451; x_wconf 89' lang='lat' dir='ltr'><strong>auct.</strong></span> <span class='ocrx_word' id='word_1_395' title='bbox 629 2416 743 2451; x_wconf 85' lang='lat' dir='ltr'><strong>class.</strong></span> <span class='ocrx_word' id='word_1_396' title='bbox 780 2414 831 2451; x_wconf 87' lang='lat' dir='ltr'><strong>VI</strong></span> <span class='ocrx_word' id='word_1_397' title='bbox 850 2412 930 2451; x_wconf 86' lang='lat'><strong>501</strong></span> <span class='ocrx_word' id='word_1_398' title='bbox 1017 2413 1278 2449; x_wconf 81' lang='lat' dir='ltr'><strong>Praemissum</strong></span> <span class='ocrx_word' id='word_1_399' title='bbox 1307 2412 1396 2449; x_wconf 77' lang='lat' dir='ltr'><strong>huic</strong></span> <span class='ocrx_word' id='word_1_400' title='bbox 1425 2411 1618 2448; x_wconf 71' lang='lat' dir='ltr'><strong>uer-siculo</strong></span> <span class='ocrx_word' id='word_1_401' title='bbox 1651 2409 1749 2446; x_wconf 79' lang='lat' dir='ltr'><strong><em>Vah-</em></strong></span> 
     </span>
     <span class='ocr_line' id='line_1_42' title="bbox 224 2465 1751 2518; baseline -0.005 -9"><span class='ocrx_word' id='word_1_402' title='bbox 224 2475 336 2509; x_wconf 85' lang='lat' dir='ltr'><strong>lenus</strong></span> <span class='ocrx_word' id='word_1_403' title='bbox 364 2473 387 2508; x_wconf 84' lang='lat' dir='ltr'><strong>l.</strong></span> <span class='ocrx_word' id='word_1_404' title='bbox 416 2473 442 2509; x_wconf 93' lang='lat' dir='ltr'><strong>l.</strong></span> <span class='ocrx_word' id='word_1_405' title='bbox 472 2473 698 2518; x_wconf 83' lang='lat' dir='ltr'><strong>suspicatur</strong></span> <span class='ocrx_word' id='word_1_406' title='bbox 722 2481 839 2518; x_wconf 85' lang='lat' dir='ltr'><strong>posse</strong></span> <span class='ocrx_word' id='word_1_407' title='bbox 869 2471 947 2506; x_wconf 86' lang='lat' dir='ltr'><strong>tale</strong></span> <span class='ocrx_word' id='word_1_408' title='bbox 977 2470 1085 2516; x_wconf 83' lang='lat' dir='ltr'><strong>qaid:</strong></span> <span class='ocrx_word' id='word_1_409' title='bbox 1117 2469 1249 2504; x_wconf 83' lang='lat' dir='ltr'><strong>utinam</strong></span> <span class='ocrx_word' id='word_1_410' title='bbox 1281 2467 1379 2517; x_wconf 93' lang='lat' dir='ltr'><strong>quod</strong></span> <span class='ocrx_word' id='word_1_411' title='bbox 1408 2472 1444 2503; x_wconf 88' lang='lat' dir='ltr'><strong>te</strong></span> <span class='ocrx_word' id='word_1_412' title='bbox 1474 2477 1558 2513; x_wconf 90' lang='lat' dir='ltr'><strong>oro,</strong></span> <span class='ocrx_word' id='word_1_413' title='bbox 1591 2465 1751 2514; x_wconf 88' lang='lat' dir='ltr'><strong>luppiter</strong></span> 
     </span>
     <span class='ocr_line' id='line_1_43' title="bbox 221 2521 1691 2576; baseline -0.006 -10"><span class='ocrx_word' id='word_1_414' title='bbox 221 2529 359 2576; x_wconf 84' lang='lat' dir='ltr'><strong>fuisse,</strong></span> <span class='ocrx_word' id='word_1_415' title='bbox 393 2540 478 2565; x_wconf 85' lang='lat' dir='ltr'><strong>cum</strong></span> <span class='ocrx_word' id='word_1_416' title='bbox 498 2530 581 2574; x_wconf 84' lang='lat' dir='ltr'><strong>ipse</strong></span> <span class='ocrx_word' id='word_1_417' title='bbox 603 2529 688 2565; x_wconf 89' lang='lat' dir='ltr'><strong>olim</strong></span> <span class='ocrx_word' id='word_1_418' title='bbox 709 2527 908 2575; x_wconf 83' lang='lat' dir='ltr'><strong>impetrem,</strong></span> <span class='ocrx_word' id='word_1_419' title='bbox 944 2521 1001 2574; x_wconf 86' lang='lat' dir='ltr'><strong>[Di</strong></span> <span class='ocrx_word' id='word_1_420' title='bbox 1021 2524 1230 2561; x_wconf 81' lang='lat' dir='ltr'><strong>inmortales</strong></span> <span class='ocrx_word' id='word_1_421' title='bbox 1242 2521 1273 2575; x_wconf 80' lang='lat'><strong>,]</strong></span> <span class='ocrx_word' id='word_1_422' title='bbox 1306 2524 1413 2560; x_wconf 82' lang='lat' dir='ltr'><strong>facite</strong></span> <span class='ocrx_word' id='word_1_423' title='bbox 1434 2524 1691 2560; x_wconf 84' lang='lat' dir='ltr'><strong>coniecissem.</strong></span> 
     </span>
     <span class='ocr_line' id='line_1_44' title="bbox 227 2579 1751 2629; baseline -0.007 -6"><span class='ocrx_word' id='word_1_424' title='bbox 227 2582 306 2623; x_wconf 89' lang='lat'><strong>301</strong></span> <span class='ocrx_word' id='word_1_425' title='bbox 329 2585 383 2621; x_wconf 90' lang='lat' dir='ltr'><strong>sin</strong></span> <span class='ocrx_word' id='word_1_426' title='bbox 406 2585 612 2622; x_wconf 83' lang='lat' dir='ltr'><strong>Gulielmus</strong></span> <span class='ocrx_word' id='word_1_427' title='bbox 631 2586 670 2620; x_wconf 87' lang='lat' dir='ltr'><strong>in</strong></span> <span class='ocrx_word' id='word_1_428' title='bbox 689 2584 821 2620; x_wconf 87' lang='lat' dir='ltr'><strong>Plauti</strong></span> <span class='ocrx_word' id='word_1_429' title='bbox 837 2583 945 2629; x_wconf 79' lang='lat' dir='ltr'><strong>Cape.</strong></span> <span class='ocrx_word' id='word_1_430' title='bbox 964 2593 997 2619; x_wconf 87' lang='lat' dir='ltr'><strong>c.</strong></span> <span class='ocrx_word' id='word_1_431' title='bbox 1016 2581 1040 2618; x_wconf 87' lang='lat'>5</span> <span class='ocrx_word' id='word_1_432' title='bbox 1062 2581 1098 2617; x_wconf 89' lang='lat' dir='ltr'><strong>in</strong></span> <span class='ocrx_word' id='word_1_433' title='bbox 1118 2582 1208 2618; x_wconf 83' lang='lat' dir='ltr'><strong>libri</strong></span> <span class='ocrx_word' id='word_1_434' title='bbox 1286 2579 1368 2618; x_wconf 85' lang='grc'><strong>302</strong></span> <span class='ocrx_word' id='word_1_435' title='bbox 1389 2579 1564 2616; x_wconf 89' lang='lat' dir='ltr'><strong>sublimen</strong></span> <span class='ocrx_word' id='word_1_436' title='bbox 1591 2579 1751 2615; x_wconf 85' lang='lat' dir='ltr'><strong>Verrius</strong></span> 
     </span>
     <span class='ocr_line' id='line_1_45' title="bbox 225 2635 1751 2687; baseline -0.006 -8"><span class='ocrx_word' id='word_1_437' title='bbox 225 2643 399 2680; x_wconf 83' lang='lat' dir='ltr'><strong>Flaccus</strong></span> <span class='ocrx_word' id='word_1_438' title='bbox 430 2645 471 2677; x_wconf 88' lang='lat' dir='ltr'><strong>ut</strong></span> <span class='ocrx_word' id='word_1_439' title='bbox 501 2642 663 2686; x_wconf 84' lang='lat' dir='ltr'><strong>uidetur,</strong></span> <span class='ocrx_word' id='word_1_440' title='bbox 696 2640 836 2687; x_wconf 82' lang='lat' dir='ltr'><strong>Apulei</strong></span> <span class='ocrx_word' id='word_1_441' title='bbox 863 2649 930 2675; x_wconf 91' lang='lat' dir='ltr'><strong>ms.</strong></span> <span class='ocrx_word' id='word_1_442' title='bbox 962 2639 1246 2683; x_wconf 82' lang='lat' dir='ltr'><strong>Benedictinus,</strong></span> <span class='ocrx_word' id='word_1_443' title='bbox 1281 2637 1458 2684; x_wconf 73' lang='lat' dir='ltr'><strong>Scaliyer</strong></span> <span class='ocrx_word' id='word_1_444' title='bbox 1487 2636 1540 2672; x_wconf 84' lang='lat' dir='ltr'><strong>ad</strong></span> <span class='ocrx_word' id='word_1_445' title='bbox 1570 2635 1682 2671; x_wconf 88' lang='lat' dir='ltr'><strong>Varr.</strong></span> <span class='ocrx_word' id='word_1_446' title='bbox 1703 2635 1751 2670; x_wconf 81' lang='lat' dir='ltr'><strong>de</strong></span> 
     </span>
     <span class='ocr_line' id='line_1_46' title="bbox 228 2692 1749 2745; baseline -0.005 -11"><span class='ocrx_word' id='word_1_447' title='bbox 228 2709 271 2735; x_wconf 86' lang='lat' dir='ltr'><strong>rc</strong></span> <span class='ocrx_word' id='word_1_448' title='bbox 292 2703 387 2735; x_wconf 82' lang='lat' dir='ltr'><strong>rust.</strong></span> <span class='ocrx_word' id='word_1_449' title='bbox 404 2710 446 2745; x_wconf 83' lang='lat' dir='ltr'><strong>p.</strong></span> <span class='ocrx_word' id='word_1_450' title='bbox 472 2697 551 2735; x_wconf 85' lang='lat'><strong>235</strong></span> <span class='ocrx_word' id='word_1_451' title='bbox 575 2702 726 2734; x_wconf 88' lang='lat' dir='ltr'><strong>ueteres</strong></span> <span class='ocrx_word' id='word_1_452' title='bbox 745 2696 884 2744; x_wconf 80' lang='lat' dir='ltr'><strong>Apulei</strong></span> <span class='ocrx_word' id='word_1_453' title='bbox 900 2696 1020 2732; x_wconf 87' lang='lat' dir='ltr'><strong>libros</strong></span> <span class='ocrx_word' id='word_1_454' title='bbox 1041 2698 1260 2731; x_wconf 82' lang='lat' dir='ltr'><strong>antestans:</strong></span> <span class='ocrx_word' id='word_1_455' title='bbox 1291 2694 1344 2741; x_wconf 85' lang='lat' dir='ltr'><strong>cf.</strong></span> <span class='ocrx_word' id='word_1_456' title='bbox 1367 2692 1597 2730; x_wconf 78' lang='lat' dir='ltr'><strong>Ritschelius</strong></span> <span class='ocrx_word' id='word_1_457' title='bbox 1617 2701 1749 2738; x_wconf 86' lang='lat' dir='ltr'><strong>opusc.</strong></span> 
     </span>
     <span class='ocr_line' id='line_1_47' title="bbox 228 2745 1750 2802; baseline -0.006 -10"><span class='ocrx_word' id='word_1_458' title='bbox 228 2755 278 2792; x_wconf 91' lang='lat' dir='ltr'><strong>II</strong></span> <span class='ocrx_word' id='word_1_459' title='bbox 293 2753 373 2792; x_wconf 79' lang='lat'><strong>463</strong></span> <span class='ocrx_word' id='word_1_460' title='bbox 396 2765 472 2802; x_wconf 64' lang='lat' dir='ltr'><strong>sq„</strong></span> <span class='ocrx_word' id='word_1_461' title='bbox 505 2756 571 2802; x_wconf 83' lang='lat' dir='ltr'><strong>qui</strong></span> <span class='ocrx_word' id='word_1_462' title='bbox 598 2763 693 2790; x_wconf 85' lang='lat' dir='ltr'><strong>sane</strong></span> <span class='ocrx_word' id='word_1_463' title='bbox 730 2762 801 2790; x_wconf 83' lang='lat' dir='ltr'><strong>nec</strong></span> <span class='ocrx_word' id='word_1_464' title='bbox 822 2752 974 2789; x_wconf 81' lang='lat' dir='ltr'><strong>Klotzio</strong></span> <span class='ocrx_word' id='word_1_465' title='bbox 1004 2750 1072 2798; x_wconf 80' lang='lat' dir='ltr'><strong>(ad</strong></span> <span class='ocrx_word' id='word_1_466' title='bbox 1093 2751 1248 2788; x_wconf 79' lang='lat' dir='ltr'><strong>Terenti</strong></span> <span class='ocrx_word' id='word_1_467' title='bbox 1274 2751 1460 2787; x_wconf 84' lang='lat' dir='ltr'><strong>Andriam</strong></span> <span class='ocrx_word' id='word_1_468' title='bbox 1487 2758 1527 2794; x_wconf 85' lang='lat' dir='ltr'><strong>p.</strong></span> <span class='ocrx_word' id='word_1_469' title='bbox 1553 2747 1630 2784; x_wconf 82' lang='lat'><strong>197</strong></span> <span class='ocrx_word' id='word_1_470' title='bbox 1652 2745 1750 2796; x_wconf 80' lang='lat' dir='ltr'><strong>sqq.)</strong></span> 
     </span>
     <span class='ocr_line' id='line_1_48' title="bbox 229 2803 1750 2859; baseline -0.005 -11"><span class='ocrx_word' id='word_1_471' title='bbox 229 2822 301 2848; x_wconf 86' lang='lat' dir='ltr'><strong>nec</strong></span> <span class='ocrx_word' id='word_1_472' title='bbox 341 2812 398 2848; x_wconf 84' lang='lat' dir='ltr'><strong>W.</strong></span> <span class='ocrx_word' id='word_1_473' title='bbox 438 2811 628 2859; x_wconf 74' lang='lat' dir='ltr'><strong>Waynero</strong></span> <span class='ocrx_word' id='word_1_474' title='bbox 659 2808 936 2857; x_wconf 84' lang='lat' dir='ltr'><strong>(transactions</strong></span> <span class='ocrx_word' id='word_1_475' title='bbox 973 2808 1022 2856; x_wconf 80' lang='lat' dir='ltr'><strong>of</strong></span> <span class='ocrx_word' id='word_1_476' title='bbox 1050 2807 1183 2855; x_wconf 77' lang='lat' dir='ltr'><strong>philol.</strong></span> <span class='ocrx_word' id='word_1_477' title='bbox 1222 2818 1300 2844; x_wconf 84' lang='lat' dir='ltr'><strong>soc.</strong></span> <span class='ocrx_word' id='word_1_478' title='bbox 1344 2804 1449 2843; x_wconf 82' lang='lat'>1869</span> <span class='ocrx_word' id='word_1_479' title='bbox 1486 2815 1526 2851; x_wconf 87' lang='lat' dir='ltr'><strong>p.</strong></span> <span class='ocrx_word' id='word_1_480' title='bbox 1559 2803 1624 2851; x_wconf 86' lang='lat'><strong>15)</strong></span> <span class='ocrx_word' id='word_1_481' title='bbox 1660 2813 1750 2851; x_wconf 85' lang='lat' dir='ltr'><strong>per·</strong></span> 
     </span>
     <span class='ocr_line' id='line_1_49' title="bbox 229 2860 1752 2912; baseline -0.006 -8"><span class='ocrx_word' id='word_1_482' title='bbox 229 2869 360 2905; x_wconf 83' lang='lat' dir='ltr'><strong>suasit.</strong></span> <span class='ocrx_word' id='word_1_483' title='bbox 400 2865 466 2903; x_wconf 91' lang='lat' dir='ltr'><strong>sub</strong></span> <span class='ocrx_word' id='word_1_484' title='bbox 496 2867 631 2903; x_wconf 89' lang='lat' dir='ltr'><strong>lumine</strong></span> <span class='ocrx_word' id='word_1_485' title='bbox 660 2877 748 2903; x_wconf 86' lang='lat' dir='ltr'><strong>mss.</strong></span> <span class='ocrx_word' id='word_1_486' title='bbox 780 2866 954 2903; x_wconf 84' lang='lat' dir='ltr'><strong>Vossiani</strong></span> <span class='ocrx_word' id='word_1_487' title='bbox 981 2865 1121 2912; x_wconf 88' lang='lat' dir='ltr'><strong>Apulei</strong></span> <span class='ocrx_word' id='word_1_488' title='bbox 1147 2863 1301 2900; x_wconf 88' lang='lat' dir='ltr'><strong>sublime</strong></span> <span class='ocrx_word' id='word_1_489' title='bbox 1328 2863 1436 2899; x_wconf 84' lang='lat' dir='ltr'><strong>Festi</strong></span> <span class='ocrx_word' id='word_1_490' title='bbox 1464 2861 1570 2908; x_wconf 59' lang='lat' dir='ltr'><strong>cod„</strong></span> <span class='ocrx_word' id='word_1_491' title='bbox 1607 2860 1752 2908; x_wconf 75' lang='lat' dir='ltr'><strong>Apulei</strong></span> 
     </span>
    </p>
   </div>
  </div>
 </body>
</html>
