1942 3204
700 163 1058 243 COROLLARIVM·
1541 206 1644 243 XXV

114 317 318 363 certando
350 317 417 360 vel
449 317 684 374 pugnando
717 317 960 361 obstinatus
992 320 1058 360 est
1089 318 1305 360 communi
1337 332 1417 360 usu
1448 317 1647 373 pertinax

114 390 281 434 dieitur.
341 388 461 446 Ergo
499 389 682 432 alterum
718 403 890 432 versum
926 403 1025 442 non,
1054 389 1204 432 dubito
1250 388 1354 444 quin
1390 404 1488 431 vere
1525 389 1646 432 resti-

114 461 289 517 tuerim;
331 475 469 516 neque
519 460 706 516 priorem
749 461 944 517 paenitet
987 461 1102 517 quod
1145 460 1417 517 glossematis
1463 460 1646 503 maxime

113 532 382 576 liberandum
414 546 505 575 esse
537 531 656 588 duxi,
686 546 795 588 quae
826 531 976 575 Ursini
1009 532 1153 575 codice
1187 534 1254 574 sat
1285 534 1431 588 aperte
1460 532 1646 588 produn-

114 606 196 647 tur.
257 603 528 661 Longissime
566 618 669 647 sane
697 619 734 646 -a
775 604 882 647 meis
921 604 1166 661 discrepant
1209 618 1316 660 quae
1360 602 1647 662 Buechelerus

114 676 376 734 excogitavit

281 751 413 802 'duest
444 758 767 816 quadrupedum
799 759 908 816 uim,
939 760 1040 817 iugo
1072 760 1256 802 inuitam
1288 759 1452 814 domat,

294 833 337 873 et
366 830 555 874 ualidam
586 845 742 887 equom
772 831 987 875 tenaciam
1017 831 1162 874 frenat
1192 830 1332 872 minis.

234 925 288 970 V.
324 925 406 970 158
439 927 554 983 quod
586 927 631 969 in
662 927 878 983 plerisque
909 927 1030 970 libris
1061 926 1221 983 legitur
1252 939 1407 977 seruos,
1444 926 1490 967 in
1521 924 1646 966 Bam-

115 998 316 1054 bergensi
347 1000 390 1040 et
409 997 526 1041 Leid.
550 1013 591 1040 11.
619 999 702 1042 116
734 1012 901 1042 useruos
931 999 1076 1041 nescio
1110 1012 1166 1040 an
1198 997 1444 1058 mutilatum
1475 997 1519 1038 et
1549 1010 1647 1038 con·

116 1070 303 1112 tractum
341 1069 397 1112 sit
428 1084 478 1112 ex
510 1069 609 1113 hoc:
641 1070 851 1123 obsecro,
874 1085 964 1126 per
994 1083 1090 1114 uos.

234 1151 288 1196 V.
312 1153 394 1196 178
415 1167 505 1208 sqq.
549 1151 864 1211 Coniungenda
889 1155 991 1196 sunt
1015 1153 1153 1197 stellas
1174 1166 1330 1208 coyenS,
1355 1167 1458 1195 nam
1478 1151 1650 1194 cohibet

116 1224 267 1281 iugum
298 1226 432 1279 temo,
466 1226 509 1266 et
538 1227 707 1279 superat
734 1225 862 1268 noetis
893 1226 987 1276 iter,
1025 1225 1230 1280 quoniam
1261 1223 1384 1266 finito
1422 1222 1511 1265 fere
1548 1236 1648 1271 noc,-

115 1295 172 1338 tis
197 1310 323 1338 cursu
355 1294 446 1338 dies
478 1295 820 1352 adpropinquat3
852 1310 949 1339 cum
980 1298 1127 1339 tamen
1153 1295 1315 1351 aliquid
1345 1296 1496 1350 restet,
1526 1294 1651 1336 etiam

115 1370 237 1422 atque
267 1367 390 1410 etiam
423 1380 625 1422 superare
656 1367 813 1410 dicitur
845 1382 994 1411 currus
1026 1368 1133 1411 caeli
1163 1368 1296 1424 viam,
1326 1367 1368 1409 h.
1389 1380 1423 1408 e.
1443 1365 1648 1408 continuo

116 1452 367 1496 progressu,
409 1438 548 1495 magis
585 1439 826 1496 magisque,
869 1442 919 1482 ut
961 1440 1047 1482 iam
1090 1454 1253 1496 pronus
1295 1439 1459 1494 vergat.
1532 1436 1650 1487 Quae

115 1509 237 1553 notio
275 1509 443 1552 etiamsi
473 1509 636 1552 firmari
660 1511 812 1566 nequit
843 1509 1061 1554 Ciceronis
1091 1512 1139 1554 in
1176 1525 1241 1567 ep.
1273 1510 1327 1552 ad
1358 1509 1459 1552 fam.
1496 1507 1560 1551 VI
1593 1508 1650 1555 22

116 1580 257 1623 verbis
289 1580 418 1623 ‘haec
449 1595 709 1637 quamquam
734 1581 871 1625 nihilo
898 1582 1078 1625 meliora
1103 1584 1206 1625 sunt
1230 1595 1346 1624 nunc
1366 1581 1495 1623 etiam
1522 1581 1649 1634 atque

117 1652 248 1694 etiam
262 1651 398 1694 multo
419 1651 727 1708 desperatiora'
748 1654 962 1710 corruptis
981 1653 1128 1710 utique
1141 1655 1220 1708 (an
1239 1666 1349 1696 nunc
1366 1655 1475 1703 sunt,
1493 1651 1649 1693 immo?

118 1722 370 1765 Lambinus:
413 1726 511 1766 sunt
551 1737 661 1766 nunc
696 1727 817 1779 atque
852 1725 1015 1780 etiam),
1058 1727 1205 1767 tamen
1240 1724 1380 1766 facilis
1418 1738 1443 1765 3
1481 1722 1649 1778 vulgari

120 1793 390 1850 repetitionis
428 1794 624 1837 assiduae
664 1795 980 1852 significatione
1007 1796 1233 1838 'transitus
1271 1796 1349 1838 est.
1414 1793 1534 1850 Ergo
1571 1808 1651 1835 nec

116 1866 244 1909 stellis
276 1879 418 1908 carere
455 1880 684 1922 possumus
728 1881 808 1910 nec
851 1869 927 1910 aut
971 1866 1018 1910 Ο.
1054 1866 1288 1910 Muellerus
1326 1867 1401 1908 aut
1424 1860 1649 1921 'Bergkius

118 1938 233 1980 recte
273 1936 583 1980 ordinaverunt
618 1937 761 1981 verba.
827 1936 943 1980 Nam
981 1938 1132 1981 ceteris
1169 1938 1264 1994 ipsa
1302 1938 1517 1980 structura
1554 1950 1650 1978 cum

118 2010 235 2051 certa
272 2007 393 2051 sedes
431 2007 660 2065 adsignata
697 2009 770 2065 sit,
807 2011 974 2052 mutare
1011 2010 1156 2053 locum
1187 2009 1326 2051 solum
1363 2008 1534 2051 sublime
1565 2007 1649 2063 epi-

119 2079 275 2123 theton
306 2079 459 2123 merito
491 2079 673 2123 iubetur.
715 2080 851 2124 Paulo
883 2082 1031 2123 tamen
1062 2080 1213 2123 exilius
1239 2082 1282 2122 et
1305 2079 1420 2122 nude
1451 2079 1652 2135 positum,

120 2150 156 2193 si
187 2150 290 2207 quid
322 2151 480 2207 sentio,
515 2151 671 2203 stellas,
702 2155 752 2195 ut
781 2152 870 2195 fere
898 2152 1089 2209 suspicer
1120 2154 1220 2208 post
1250 2151 1323 2194 illa
1353 2154 1520 2206 &emerat
1550 2153 1651 2192 temo

118 2236 254 2265 unum
278 2221 536 2265 versiculum
557 2223 780 2279 excidisse,
812 2238 896 2280 quo
928 2223 1119 2266 trionum
1139 2223 1265 2280 signa
1289 2222 1428 2265 eidem
1458 2222 1651 2278 plaustro

117 2293 265 2336 iuncta
290 2293 484 2336 ornatius
511 2294 870 2338 adumbrarentur
895 2293 968 2352 (cf.
988 2294 1129 2338 Varro
1155 2294 1206 2337 de
1231 2295 1258 2336 l.
1279 2293 1325 2336 L.
1351 2292 1437 2336 VII
1471 2293 1526 2334 74
1558 2290 1651 2348 sq.).

118 2363 188 2406 Ad
224 2363 358 2407 Ennii
395 2365 638 2420 exemplum
674 2363 836 2409 Seneca
873 2366 919 2409 in
956 2365 1141 2409 Hercule
1185 2366 1355 2408 furente
1394 2366 1651 2420 anapaestos

123 2434 352 2478 125—131
387 2436 642 2492 composuit.

238 2530 291 2572 V.
338 2530 419 2574 181
465 2529 533 2572 his
578 2530 782 2586 ‘gradum
831 2532 1023 2587 proferre
1074 2532 1231 2587 pedum
1275 2530 1438 2574 Nite're’
1489 2530 1651 2572 Graeca

120 2597 321 2654 ἐρέσσων
356 2598 441 2642 σὸν
486 2597 603 2641 πόδα
641 2601 808 2644 reddita
851 2605 971 2659 sunt,
1008 2617 1087 2645 nec
1131 2602 1364 2659 quidquam
1402 2600 1651 2644 offensionis

118 2671 252 2714 habet
281 2671 520 2714 infinitivus
552 2686 649 2714 cum
680 2673 847 2716 nitendi
872 2674 1002 2716 verbo
1035 2674 1306 2716 coniunctus:
1339 2672 1487 2714 eadem
1520 2673 1651 2713 struc-

119 2745 217 2784 tura
247 2743 314 2794 usi
353 2745 455 2785 sunt
492 2741 675 2786 Sisenna
712 2743 777 2786 HI
809 2745 865 2788 28
903 2760 943 2800 p.
976 2745 1063 2788 282
1094 2744 1139 2786 Ρ.
1179 2744 1324 2786 ‘armis
1362 2743 1413 2784 de
1444 2743 1534 2784 vita
1565 2757 1650 2784 cer·
1698 2762 1710 2767 ·

117 2813 242 2855 tatim
274 2813 475 2856 dimicare
506 2814 791 2872 nitebantur’,
823 2814 1051 2858 Sallustius
1076 2814 1169 2870 lug.
1196 2814 1269 2869 25,
1308 2814 1347 2855 9.
1385 2814 1459 2869 37,
1491 2814 1536 2869 2,
1568 2814 1651 2856 alii.

120 2883 331 2940 Impedita
363 2887 510 2928 contra
544 2887 610 2927 est
641 2901 768 2942 quam
800 2886 1017 2942 praecepit
1049 2885 1227 2927 Verrius
1258 2883 1448 2926 Flaccus.
