1942 3204
722 183 1077 221 COROLLARIVM
1556 183 1672 219 XXIX

134 293 242 338 haec
284 293 416 337 verba
451 292 666 336 Minucius
704 291 824 336 Felix
859 293 930 349 12,
969 293 1014 335 7:
1055 292 1253 335 ‘desinite
1297 293 1398 334 meli
1434 293 1586 348 plaqas
1629 295 1673 334 et

135 364 285 409 mundi
321 364 414 408 fata
451 367 495 407 et
532 367 696 408 secreta
732 366 872 408 terrae
914 365 1066 407 rimari
1077 378 1091 405 .·
1138 364 1243 407 satis
1288 366 1354 407 est
1388 378 1469 418 pro
1498 364 1673 418 pedilms

134 436 349 493 aspicere’,
389 436 436 479 in
474 436 629 492 quibus
666 435 771 479 illud
816 439 947 478 terrae
984 436 1193 478 omissum
1237 436 1282 478 in
1326 435 1436 478 libro
1475 435 1672 477 Parisino

137 510 237 552 ante
279 510 474 552 ‘secreta’
513 507 696 551 inseruit
738 506 859 550 Aem.
897 506 1124 552 Baehrens
1167 507 1282 549 lectt.
1321 506 1434 549 Latt.
1472 504 1672 563 (Bonnae

140 577 273 637 1871)
305 595 345 636 p.
377 579 453 636 26,
483 579 565 623 sita
594 578 779 622 fortasse
810 580 911 634 post
934 578 1108 633 pedibus
1139 577 1427 620 inserendum.
1481 577 1669 620 Noenum

135 650 319 694 formam
346 649 598 694 Trinummo
625 663 794 707 quoque
820 647 965 691 Plauti
990 649 1302 692 restituendam
1334 663 1487 692 censeo
1514 649 1559 691 in
1589 649 1672 691 hoc

137 736 176 765 V.
208 721 311 766 351:

201 793 316 850 quod
346 792 508 836 habeas
539 807 593 835 ne
624 792 805 850 habeas,
836 794 880 835 et
909 792 1012 835 illuc
1044 793 1158 848 quod
1189 793 1411 835 noenum
1441 792 1594 847 habes,

894 864 1073 907 habeas:
1106 864 1268 906 malum
1298 878 1329 906 e.
1360 879 1396 918 q.
1428 878 1460 907 s.

134 935 249 980 Nam
286 950 365 993 pro
403 936 477 979 illo
508 934 633 978 NON
671 935 786 991 quod
818 934 1134 978 Ambrosianus
1171 935 1306 978 habet
1342 935 1471 978 ceteri
1504 934 1671 977 codices

135 1021 245 1051 nunc
291 1021 376 1051 non
418 1009 661 1063 praestant,
710 1000 757 1049 in
805 1007 960 1062 quibus
1004 1007 1221 1063 glossema
1262 1007 1425 1049 frustra
1469 1020 1672 1062 quaerere

137 1079 306 1123 videtur
336 1078 612 1122 Ritschelius.
1173 1106 1179 1109 >

255 1149 308 1193 V.
334 1150 420 1193 203
452 1150 773 1199 adlitteratione
804 1151 848 1192 et
880 1149 1079 1206 asyndeti
1110 1149 1252 1192 studio
1285 1149 1501 1192 veteribus
1533 1148 1672 1204 poetis

136 1222 183 1264 in
225 1220 505 1264 concitatiore
550 1221 718 1263 dicendi
761 1234 918 1277 genere
962 1220 1138 1277 proprio
1183 1218 1257 1277 (cf.
1294 1219 1429 1262 Ennii
1473 1235 1510 1262 v.
1549 1220 1576 1262 G
1614 1219 1671 1261 43

140 1292 226 1336 105
257 1292 342 1335 297
376 1292 463 1335 303
495 1290 602 1350 342)
634 1292 961 1336 commendatur
992 1292 1188 1334 senarius
1219 1291 1307 1334 hic:
1644 1287 1657 1302 “
1705 1283 1711 1289 ’

316 1377 425 1419 quae
457 1366 574 1406 nunc
606 1366 709 1406 sunt
739 1364 817 1406 abs
847 1365 891 1406 te
922 1362 1080 1407 uiduae
1112 1366 1262 1406 uastae
1294 1361 1499 1419 uirgines.

255 1434 426 1478 Medeae
455 1435 586 1478 exulis*
617 1435 770 1478 titulus
796 1435 927 1478 semel
947 1450 974 1477 a
997 1434 1159 1490 Probo,
1190 1434 1450 1490 aliquotiens
1476 1448 1502 1474 a
1526 1431 1671 1475 Nonio

135 1506 336 1549 laudatus
363 1514 512 1548 vereor
541 1508 590 1548 ut
607 1505 741 1548 Ennii
767 1508 909 1549 aetate
933 1506 1075 1549 factus
1102 1506 1176 1562 sit,
1207 1520 1293 1562 qua
1317 1504 1481 1547 Graeca
1512 1517 1671 1560 cogno-

137 1578 256 1620 mina
285 1578 354 1620 vel
384 1575 539 1619 Graeci
570 1577 759 1619 auctoris
790 1592 951 1620 nomen
982 1575 1051 1634 (ut
1075 1577 1259 1620 Achilles
1282 1574 1539 1631 Aristarchi)
1573 1574 1673 1616 addi

138 1648 352 1692 solebant:
408 1648 540 1690 immo
590 1650 641 1690 ut
689 1648 743 1690 ab
793 1649 930 1691 altera
978 1647 1149 1704 Medea,
1204 1662 1332 1703 quam
1382 1647 1672 1690 Atheniensmn

138 1719 392 1763 Welckerus
429 1718 512 1761 dici
549 1719 704 1774 voluit,
741 1717 1012 1762 Corinthiam
1048 1718 1095 1760 in
1126 1718 1299 1760 exilium
1338 1720 1479 1760 actam
1517 1717 1671 1759 discer-

137 1794 277 1847 neret,
320 1790 629 1847 grammaticus
673 1790 847 1846 aliquis,
897 1789 970 1844 qui
1013 1788 1147 1831 Ennii
1196 1789 1367 1831 fabulas
1410 1788 1673 1843 recensebat,

136 1864 259 1906 illum
283 1861 458 1906 ‘fecisse
506 1861 687 1904 videtur.
766 1860 893 1904 Unus
943 1860 1179 1903 versiculus
1232 1860 1316 1903 241
1369 1857 1501 1916 (Med.
1544 1857 1671 1915 XVI)

138 1934 388 1991 ambiguum
419 1935 486 1975 est
521 1935 664 1975 utram
696 1932 749 1975 ad
780 1931 978 1974 Medeam
1008 1931 1232 1974 referatur.
1293 1930 1587 1986 Interpolatus
1623 1944 1672 1971 ac

137 2005 299 2062 passim
336 2005 528 2047 mutatus
571 2004 706 2046 exulis
743 2002 921 2046 Medeae
965 2005 1107 2045 textus
1146 2002 1254 2044 sexti
1292 2017 1332 2058 p.
1371 2000 1469 2045 Chr.
1514 2001 1672 2044 saeculi

138 2076 263 2120 initio
301 2074 692 2119 circumferebatur.
752 2073 867 2118 Nam
898 2089 977 2130 pro
1010 2074 1095 2116 illis
1128 2071 1234 2130 (209
1268 2071 1349 2131 sq.)
1382 2087 1491 2129 quae
1523 2071 1672 2115 Cicero

139 2148 246 2204 legit

463 2216 603 2274 Argo,
637 2217 738 2272 quia
768 2217 925 2274 Argiui
956 2216 1003 2260 in
1034 2231 1085 2259 ea
1117 2215 1275 2259 delecti
1303 2217 1387 2259 uiri

463 2286 582 2331 uectl'
609 2288 817 2344 petebant
846 2289 1003 2344 pellem
1035 2289 1279 2331 inauratam
1311 2288 1458 2330 arietis

138 2360 384 2402 Priscianus
414 2359 521 2402 haec
552 2359 734 2415 profert:

468 2430 608 2487 Argo,
639 2445 725 2487 qua
755 2431 869 2473 uecti
899 2428 1056 2487 Argiui
1088 2429 1245 2473 delecti
1275 2431 1355 2473 uiri

414 2514 426 2520 ‘
466 2501 675 2557 petebant
705 2501 824 2545 illam
855 2502 1011 2558 pellem
1042 2502 1067 2544 i.
1100 2517 1136 2544 a.

258 2572 311 2617 V.
342 2573 429 2616 239
460 2572 634 2615 initium
663 2572 883 2616 lenissime
915 2573 1099 2616 correxit
1130 2572 1367 2616 Usenerus:

466 2642 629 2700 inspice
659 2644 784 2687 hoce
814 2644 983 2687 facinus

141 2714 265 2766 Quod
289 2715 335 2757 in
361 2716 579 2771 superiore
611 2730 736 2758 versu
762 2715 969 2758 traditum
996 2717 1063 2757 est
1085 2728 1200 2757 mare
1225 2715 1420 2756 firmatur
1446 2710 1671 2753 Plautinae

141 2786 382 2831 Trinummi
412 2802 450 2830 v.
484 2787 600 2830 1070
631 2790 769 2830 ‘mare
808 2789 924 2829 terra
955 2787 1139 2842 caelum,
1177 2785 1236 2839 di,
1274 2786 1463 2826 vostram
1503 2782 1670 2835 fidem’,

140 2858 244 2900 item
275 2857 490 2913 Amphitr.
525 2858 651 2901 1055.
