1942 3204
716 234 845 270 CORO
852 232 1069 271 LLARWM
1531 234 1592 270 xl.
1599 234 1660 269 VH

183 344 241 386 ’ὺό
260 343 437 399 repudio
457 344 534 385 nec
555 343 714 398 recipio
735 359 744 386 :
765 344 939 386 natum
960 343 1157 396 [meum]
1178 342 1330 385 abdico
1352 359 1360 384 :
1383 342 1399 385 i
1419 344 1598 386 facesse!

247 413 299 458 V.
330 414 418 458 354
447 429 512 458 me
542 430 624 458 om.
651 413 766 457 Leid.
799 415 899 469 116,
930 428 1015 470 quo
1041 413 1234 456 senarius
1266 414 1402 456 oritur
1432 415 1532 456 talis
1554 431 1562 457 :
1582 414 1663 457 ah!

125 487 267 542 cepisti
297 487 395 530 istoc
424 502 459 528 e.
491 502 530 542 q.
563 501 595 529 s.

245 557 297 601 V.
317 558 403 601 359
443 558 584 601 Causa
608 557 763 600 idonea
787 572 875 600 non
901 560 1011 612 erat,
1042 572 1118 600 cur
1141 572 1219 612 pro
1245 557 1312 600 his
1338 558 1482 600 iniecto
1514 562 1663 601 terrum

124 630 270 673 mortis
317 629 551 672 Pacuvium
594 628 690 672 aliis
739 629 884 672 nescio
928 629 1083 685 quibus
1132 629 1360 672 verborum
1405 629 1660 685 ambagibus

126 716 251 744 usum
283 701 414 744 fuisse
445 700 642 744 Madvico
673 700 906 756 crederem,
943 715 1022 744 nec
1062 701 1316 756 pronomine
1346 701 1427 743 sibi
1459 701 1661 756 languido

127 773 304 815 omnino
335 787 444 829 opus
475 775 558 829 est,
590 772 625 815 si
657 772 771 815 hunc
803 772 997 815 ordinem
1029 772 1362 815 constituamus:

475 843 628 886 m6rtis
659 843 817 887 iniecto
847 846 1011 893 terrore
1042 844 1307 886 horrescunt.

244 914 296 958 V.
316 914 439 959 365².
481 915 830 972 Compositorum
859 916 987 958 simul
1015 929 1103 958 una
1135 915 1434 958 adverbiorum
1467 915 1661 970 exempla

125 987 258 1030 habes
290 986 434 1030 Plauti
466 987 596 1031 Poen.
628 989 715 1031 544
742 1002 804 1043 sq.
836 990 880 1030 et
909 987 1099 1030 Terentii
1131 987 1247 1030 haut.
1279 988 1387 1042 9073
1418 1001 1506 1029 una
1535 986 1662 1029 simul

124 1058 204 1101 hoc
245 1058 392 1102 ordine
430 1059 476 1101 in
512 1059 675 1102 Pseud·
702 1060 791 1102 410
828 1058 956 1102 Most.
998 1060 1107 1102 1037
1149 1058 1278 1101 Poen.
1328 1058 1440 1101 1135
1484 1058 1659 1113 legitur3

43 1166 52 1171 ,
122 1143 214 1184 erqo
256 1131 385 1185 ἐρίων
427 1131 472 1172 111
516 1131 769 1174 Trinummo
812 1134 856 1173 et
894 1146 929 1173 v.
970 1131 1054 1173 756
1099 1145 1196 1173 cum
1234 1130 1463 1185 Palatinis,
1503 1130 1577 1171 ubi
1617 1129 1659 1171 A

122 1201 261 1244 solum
291 1202 420 1256 iyitw·
450 1202 598 1258 habet,
637 1205 679 1245 et
709 1217 745 1245 v.
772 1203 857 1245 818
890 1203 1135 1244 coniectura
1168 1202 1340 1257 scripsit
1376 1201 1657 1253 Ritschelius3

122 1272 173 1315 cf.
206 1271 368 1316 Handii
400 1272 579 1316 Tursell.
612 1274 656 1316 II
686 1274 786 1317 465.

243 1343 295 1387 V.
314 1344 561 1388 366—375.
599 1345 720 1388 Adeo
741 1348 878 1388 scatet
896 1345 965 1388 hic
985 1346 1102 1388 locus
1122 1346 1166 1388 in
1187 1346 1404 1388 codicibus
1427 1345 1657 1400 interpola-

122 1416 297 1471 mentis,
334 1419 382 1458 ut
421 1417 553 1460 fuisse
591 1418 664 1474 qui
696 1418 827 1460 etiam
859 1418 1090 1460 versiculos
1129 1417 1496 1472 interpretationis
1529 1431 1657 1458 causa

121 1487 354 1542 procudere
393 1489 568 1531 auderet
607 1489 763 1531 mirum
802 1504 890 1531 non
935 1489 1002 1531 sit.
1071 1488 1152 1539 Qui
1191 1489 1308 1545 quali
1352 1488 1655 1543 disputationis

120 1558 248 1601 finem
281 1574 487 1602 exornare
512 1561 717 1616 voluerit,
748 1563 892 1603 utrum
924 1560 1024 1603 hoc:

180 1631 406 1687 naufragio
426 1646 590 1686 nempe.
611 1632 713 1687 e'rgo
734 1631 776 1673 id
796 1631 958 1674 factum
978 1631 1101 1688 forte,
1120 1632 1227 1674 haut
1246 1633 1421 1675 fortuna
1441 1633 1598 1688 6btigit

122 1717 178 1743 an
203 1701 296 1744 illo:

184 1772 412 1829 naufragio
431 1788 597 1829 nempe.
618 1774 721 1830 ergo
742 1774 784 1816 id
803 1774 965 1817 factum
985 1774 1092 1817 haut
1110 1775 1220 1817 forte
1240 1776 1414 1817 fortuna
1434 1774 1592 1830 6btigit

121 1844 307 1887 dubitari
338 1848 491 1900 potest.
542 1843 626 1888 Sed
651 1846 868 1888 conclusio
895 1846 990 1901 ipsa
1014 1849 1105 1888 tam
1132 1846 1250 1888 omni
1281 1846 1426 1888 iudicii
1460 1845 1674 1888 acumine

121 1915 327 1959 destituta
357 1919 532 1973 tamque
563 1917 738 1972 puerilis
771 1920 854 1970 est,
886 1921 934 1959 ut
963 1916 1170 1972 Pacuvio,
1203 1917 1398 1973 quamvis
1430 1917 1655 1959 mediocris

121 1987 403 2043 philosophus
440 1987 587 2043 fuerit,
624 1989 752 2044 plane
789 1989 969 2045 indigna
1006 2004 1098 2031 esse
1136 1989 1341 2031 videatur.
1409 1988 1468 2031 Et
1506 1988 1654 2031 Corni-

120 2058 241 2101 ficius
267 2073 436 2115 quoque
462 2060 537 2102 ubi
563 2060 724 2102 refutat
747 2060 963 2103 infirmam
989 2062 1140 2116 poetae
1167 2060 1396 2116 rationem,
1427 2075 1515 2102 non
1542 2060 1654 2116 quod

121 2118 394 2186 naufragium
431 2132 664 2174 temeritati
702 2132 846 2187 potius
885 2147 1014 2188 quam
1052 2132 1267 2174 Fortunae
1305 2132 1510 2174 tribuitur
1546 2131 1654 2173 vitu-

121 2204 262 2257 perat,
297 2202 371 2244 sed
403 2202 516 2258 quod
547 2217 599 2245 ex
629 2216 729 2258 rege
761 2203 982 2246 mendicus
1014 2204 1105 2246 fieri
1137 2219 1225 2246 non
1258 2203 1449 2259 potuisse
1482 2202 1654 2244 Orestes

119 2273 325 2316 statuitur
355 2274 439 2316 nisi
470 2288 588 2316 mero
620 2289 732 2317 casu.
770 2273 954 2318 Videtur
980 2278 1123 2318 autem
1155 2275 1226 2317 illc
1253 2275 1441 2317 subitam
1469 2274 1654 2315 maxime

120 2347 163 2387 et
192 2345 457 2400 inprovisam
482 2360 561 2388 nec
591 2346 679 2388 ullo
706 2346 833 2389 modo
865 2350 1166 2403 praeparatam
1197 2361 1339 2389 rerum
1371 2345 1652 2387 mutationem

120 2415 175 2458 ab
207 2417 326 2459 omni
357 2417 535 2459 consilio
567 2418 634 2459 vel
665 2417 840 2459 numine
873 2417 1018 2460 divino
1051 2419 1235 2461 alienam
1268 2418 1480 2460 habuisse.

237 2486 301 2529 De
333 2502 369 2529 v.
402 2487 487 2530 377
521 2488 635 2530 infra
667 2488 819 2531 dicam.
846 2475 856 2482 '

237 2557 290 2600 V.
310 2558 397 2601 379
423 2574 486 2615 sq.
507 2574 614 2602 sana
638 2560 854 2603 sententia
870 2575 960 2604 non
985 2562 1115 2604 nimis
1141 2562 1342 2604 audacter
1369 2560 1472 2602 haec
1492 2574 1541 2600 ex
1563 2572 1650 2599 cor-

119 2629 297 2710 ruptelis
328 2629 486 2673 codicis
516 2631 611 2674 elici
643 2646 769 2686 posse
800 2631 986 2675 videtur:

758 2702 1003 2766 machinam
1035 2703 1190 2746 ordiris
1223 2718 1400 2746 nouam:

256 2772 536 2816 manticulata
567 2777 663 2816 astu
695 2760 825 2816 etiam
858 2778 1007 2817 sancta
1039 2775 1131 2816 iura
1163 2774 1323 2815 iurand
1317 2789 1341 2814 ι
1374 2772 1505 2814 adicis

119 2843 207 2886 sive
237 2843 497 2900 interrogari
529 2845 590 2887 sic
623 2846 779 2888 mavis:

256 2915 537 2958 manticulata
569 2919 666 2958 astu
700 2931 812 2958 anne
845 2933 875 2958 s.
909 2918 932 2958 i.
967 2917 990 2958 i.
1024 2916 1188 2957 adicis?
