1942 3204
775 232 825 266 M.
851 229 1092 267 PAOVVIVS
1632 229 1712 271 113

173 337 262 382 285
293 335 536 381 Consilium
568 337 731 394 subito,
762 338 904 394 mens,
935 337 1050 393 quod
1082 338 1302 379 enatumst
1332 335 1480 391 modo,

293 414 376 466 Qui
407 415 535 471 pzicto
567 415 752 458 inimicis
783 416 967 458 mortem
999 418 1043 458 et
1072 414 1173 457 huic
1205 413 1340 456 uitam
1372 411 1538 455 aiffiaeras.

865 492 929 536 IX
962 491 1031 551 (6)

291 564 406 609 Nam
438 566 506 608 me
537 565 769 622 perbiiscrc,
802 563 889 607 sslis
922 564 1176 621 opitulfirier

293 642 458 694 Quouis
489 643 619 686 exitio
652 643 798 700 cupio,
830 642 932 685 dum
964 640 1129 699 prosim
1161 676 1170 685 .
1203 676 1212 685 .

858 720 899 763 X
956 720 1011 764 15

377 827 386 836 .
419 826 428 836 .
459 794 643 850 rcgnum
679 792 842 850 potior,
873 718 1104 849 coifiiugem
1134 794 1278 835 macto
1309 790 1473 834 inferis.

841 870 906 914 XI
938 868 1036 929 (18)

175 944 263 987 290
293 942 396 987 N6n
421 946 577 1000 potest,
595 940 866 999 Melanippc,
895 942 967 985 hic
987 943 1080 985 sinc
1099 945 1176 985 tua
1195 943 1326 998 opera
1346 940 1566 984 exanclari
1583 942 1717 984 labos.

835 1020 923 1063 XII
955 1018 1053 1078 (12)

294 1094 531 1150 Postquam
565 1094 632 1136 cst
665 1095 870 1136 oneratus
901 1092 1077 1150 frugum
1109 1095 1153 1135 et
1184 1092 1301 1135 floris
1334 1091 1480 1135 Lsbcri

827 1170 938 1213 XIII
970 1169 1069 1228 (22)

294 1243 470 1300 Ecstirc,
502 1258 612 1299 quae
648 1258 723 1286 cor
754 1245 878 1285 tuum
908 1242 1117 1285 timiditas
1148 1243 1328 1285 tcrritct.

831 1320 938 1364 XIV
966 1318 1064 1378 (13)

295 1393 460 1437 Tamen
492 1393 741 1436 offirmatod
773 1393 917 1436 {inimo
949 1391 1139 1435 mitescit
1169 1395 1321 1436 metus.

855 1470 939 1514 XV
967 1468 1035 1528 (5)

298 1578 305 1586 .
322 1578 330 1586 .
350 1544 424 1586 scd
443 1544 588 1586 nescio
609 1542 818 1600 quidnam
837 1545 920 1585 est:
940 1542 1073 1584 animi
1092 1542 1315 1599 horrcscit,
1335 1542 1479 1598 gliscit
1498 1542 1715 1598 gaudium.

825 1619 933 1664 XVI
965 1618 1063 1678 (25)

178 1691 266 1735 295
295 1692 466 1749 Regum
498 1691 746 1749 imperator,
777 1692 1004 1735 aeternum
1035 1691 1275 1733 humanum
1307 1693 1426 1734 sator

267 1787 321 1820 IX
345 1786 439 1820 Non.
467 1789 550 1828 153,
576 1790 620 1822 23
652 1788 932 1831 ‘peruium-(³,
957 1787 1103 1830 perire.’
1146 1785 1398 1828 (Pacuuius
1422 1797 1491 1820 om.
1519 1787 1664 1828 Bamb.)

268 1831 303 1865 X
324 1832 417 1868 Non.
442 1834 527 1876 501,
552 1835 592 1867 21
629 1834 806 1877 ‘potior
835 1832 934 1866 illam
966 1834 1071 1868 rem.’
1195 1832 1247 1865 XI
1271 1832 1364 1867 Non.
1389 1834 1476 1874 292,
1500 1834 1523 1865 4
1554 1835 1717 1866 ‘exan-

178 1877 313 1920 clari,
338 1877 493 1922 perfici.'
587 1879 659 1912 xli
684 1880 778 1912 Non.
806 1879 893 1920 498,
921 1879 962 1911 12
988 1878 1256 1921 ‘gonctiuus
1287 1878 1432 1920 positus
1459 1889 1523 1921 pro
1549 1877 1717 1911 ablatiuo

184 1948 285 1958 .....
294 1925 305 1943 ’
351 1922 359 1928 ’
400 1924 490 1959 XIII
514 1924 608 1958 Non.
634 1926 719 1964 228,
747 1925 787 1957 l'l
814 1924 967 1957 ‘timor
1068 1923 1264 1956 feminini.’
1365 1923 1449 1955 XIV
1474 1924 1566 1957 Non.
1590 1924 1670 1965 406,
1696 1925 1717 1957 9

179 1971 349 2003 ‘tamen
375 1969 564 2013 significat
589 1970 766 2005 tandem)
860 1969 927 2002 XV
943 1970 1036 2002 Non.
1055 1970 1111 2008 22,
1131 1970 1172 2001 16
1197 1968 1382 2011 ‘gliscit
1408 1972 1466 2002 cst
1484 1969 1718 2011 congelascit

179 2018 218 2048 et
243 2014 446 2058 colligitur,
476 2015 539 2049 uel
565 2017 701 2049 crescit
724 2015 784 2050 uel
809 2015 968 2059 ignescit
990 2017 1088 2049 ....’
1206 2015 1292 2048 XVI
1321 2014 1415 2047 Non.
1441 2015 1526 2056 495,
1551 2015 1596 2048 26
1621 2017 1717 2047 ‘ac-

179 2061 423 2094 cusatiuus
447 2061 588 2095 numeri
613 2061 814 2105 singularis
840 2062 984 2104 positus
1009 2071 1075 2104 pro
1099 2060 1275 2103 genetiuo
1300 2059 1435 2103 plurali
1465 2085 1473 2094 .
1495 2085 1503 2094 .
1524 2086 1532 2094 .
1554 2085 1563 2093 .
1596 2060 1718 2093 Pacu-

180 2156 247 2194 IV
263 2157 344 2195 786
365 2163 613 2206 consternare,
641 2158 772 2206 anima,
801 2162 993 2207 expectora
1018 2157 1120 2203 haec,
1149 2157 1176 2193 it
1199 2155 1349 2193 uoluere
1373 2155 1571 2193 Consilium
1595 2155 1717 2192 subito

181 2224 296 2262 mons,
317 2213 415 2263 quod
446 2214 490 2252 de
520 2219 602 2251 nata
633 2220 689 2251 cst
709 2214 819 2252 modo
842 2214 1056 2263 Scheylcius
1075 2214 1232 2251 Praem.
1254 2215 1364 2260 epist.
1388 2212 1413 2250 8
1435 2225 1498 2260 ap.
1521 2213 1631 2250 Grut.
1656 2213 1722 2250 IV

180 2269 260 2308 901
293 2275 524 2308 consternate
554 2272 691 2318 anime,
730 2276 925 2321 expectora
964 2271 1053 2308 haec
1090 2276 1126 2307 ct
1157 2270 1309 2307 uoluere
1336 2269 1555 2317 Consilium,
1595 2268 1717 2305 subito

181 2327 300 2364 omine
321 2326 419 2376 quod
440 2333 586 2365 enatum
607 2332 665 2365 cst
685 2328 793 2365 modo
826 2328 982 2366 Vossius
1002 2332 1232 2365 consternatc
1254 2327 1392 2375 anime,
1414 2337 1457 2363 cx
1479 2332 1628 2375 pectore
1650 2326 1720 2362 hoc

180 2382 353 2420 euoluere
374 2383 571 2422 Consilium
591 2383 719 2422 subeat
740 2385 902 2432 (studeas
923 2386 1022 2422 idem
1043 2383 1084 2431 2)
1114 2394 1235 2430 omne,
1267 2383 1364 2432 quod
1387 2388 1508 2419 natum
1530 2388 1586 2419 cst
1611 2382 1718 2419 modo

182 2440 346 2478 Bolhius
422 2440 555 2479 Malim
575 2440 734 2479 subitum
823 2441 905 2480 286
936 2452 1010 2491 quo
1032 2441 1248 2489 Scheylcius
1331 2440 1456 2476 afferas
1479 2441 1539 2476 ecl.
1562 2440 1715 2477 Mediol.

181 2496 306 2534 efferas
326 2498 418 2535 libri
502 2498 584 2536 287
605 2497 787 2548 perbitcrc
808 2498 948 2536 Iunius
966 2499 1150 2547 peruiterc
1170 2498 1260 2534 libri
1345 2495 1426 2534 288
1452 2497 1587 2545 prosim
1610 2495 1717 2532 modo

183 2551 395 2592 Gulielmus
426 2555 546 2593 Veris.
569 2554 595 2592 I
614 2555 662 2592 17
752 2555 835 2593 290
865 2554 981 2592 melan
1012 2556 1090 2604 ipsc
1112 2554 1237 2591 Basil.
1270 2553 1468 2602 lllcnalippc
1491 2555 1612 2590 ceteri
1629 2553 1721 2590 libri

294 2610 353 2648 hic
380 2612 472 2649 libri
484 2613 666 2661 plerique
685 2613 757 2650 inc.
779 2612 903 2650 Basil.
1011 2610 1110 2649 labos
1142 2611 1295 2658 Lipsius
1326 2610 1367 2647 V.
1390 2610 1433 2646 L.
1455 2609 1503 2646 ΙΙ
1520 2609 1572 2647 28
1594 2609 1718 2645 clauos

181 2668 271 2705 libri
356 2666 436 2706 291
467 2674 638 2706 oneratus
660 2669 796 2706 Bamb.
831 2669 1030 2706 honoratus
1052 2669 1175 2705 ceteri
1192 2667 1282 2704 libri
1369 2665 1450 2703 292
1472 2666 1589 2702 cesare
1610 2665 1714 2702 Mer-

182 2734 298 2761 cerus
327 2729 363 2761 ct
394 2724 469 2763 sare
497 2725 588 2763 libri
672 2725 753 2764 293
785 2724 968 2762 offirmato
997 2725 1108 2773 libri,
1139 2724 1242 2773 quod
1270 2726 1356 2761 olim
1387 2732 1554 2759 seruans
1582 2727 1619 2758 ct
1649 2724 1717 2758 ini·

185 2782 234 2818 tio
262 2791 404 2819 uersus
433 2784 563 2830 posui.
608 2782 706 2820 Nom
736 2783 839 2832 quod
866 2782 1025 2831 Maelzly
1054 2783 1080 2819 l.
1113 2783 1139 2817 l.
1172 2783 1405 2817 commentus
1443 2783 1500 2815 est
1534 2779 1719 2815 abhorret

185 2837 234 2874 ab
264 2842 362 2875 arte.
479 2837 561 2877 294
591 2839 791 2887 horrescit,
822 2838 942 2888 gliscit
973 2839 1056 2876 edd.
1088 2837 1266 2874 horrescit
1297 2841 1332 2872 ct
1364 2834 1486 2884 gliscit
1514 2836 1606 2872 libri
1635 2835 1719 2872 lior-

185 2904 312 2943 rcsco‚
343 2894 462 2944 gliscit
484 2895 648 2934 Bolhius
668 2895 693 2932 2
789 2894 871 2933 295
901 2906 1029 2943 regum
1053 2895 1262 2932 Gulielmus
1295 2893 1416 2929 Veris.
1440 2891 1462 2927 Ι
1484 2892 1532 2928 17
1565 2902 1717 2941 regnum

182 2951 274 2988 libri
347 2956 532 2989 aeternum
553 2951 747 2990 humanum
768 2954 923 3000 scripsi,
945 2953 970 2988 i.
993 2962 1026 2988 e.
1048 2952 1204 2988 deorum
1226 2950 1502 2997 bominumque.
1533 2954 1717 2986 aeternum

252 3021 411 3055 Bmutcx,
431 3021 539 3050 Senon.
558 3022 666 3056 fragm.
1411 3028 1432 3060 8
