1942 3204
804 241 847 274 L.
871 239 1049 275 A'r'rrvs
1630 237 1711 280 143

850 345 935 388 vu
967 343 1036 402 (4)

294 417 439 477 [Nam]
462 419 722 474 quiunquam
742 419 982 473 exanguest
1000 417 1156 472 edrpus
1176 416 1234 458 mi
1254 419 1383 471 utque
1416 414 1544 458 anuis
1565 418 1711 472 putrei.

798 528 1078 573 ALCESTIS

294 608 402 653 Cum
435 605 639 652 striderat
670 609 858 651 retracta
889 623 1038 651 rursus
1070 605 1221 650 inferis

528 726 561 750 ⁹
806 721 1071 766 ALCIMEO

874 799 897 843 Ι
929 798 998 858 (4)

1028 873 1136 928 qu6s
1169 871 1357 914 deseruit
1386 869 1567 926 liberos,

293 932 555 990 superstites
588 934 691 975 sunt

870 1002 915 1046 II
969 1003 995 1046 8

202 1077 265 1130 60,
290 1076 366 1120 ‘Vt
396 1091 463 1119 me
483 1076 726 1132 depositum
752 1077 796 1118 et,
815 1000 1079 1118 maere(nt)em
1098 1075 1253 1117 nuntio
1273 1075 1501 1131 repentino
1521 1075 1708 1117 alacrem

293 1154 535 1197 Reddidisti
568 1154 706 1210 adque
738 1154 934 1196 excitasti
966 1168 1018 1195 ex
1048 1153 1167 1196 hictu
1199 1153 1245 1195 in
1276 1153 1590 1195 laetimdinem!

855 1230 924 1274 111
955 1229 1022 1288 (2)

291 1303 415 1355 Quod
446 1303 490 1347 di
520 1302 569 1347 1'11
600 1304 745 1347 sedem
775 1304 991 1347 infernam
1023 1303 1196 1359 penitus

264 1399 335 1433 VII
358 1400 450 1436 Non.
476 1402 554 1442 159,
581 1402 622 1434 19
647 1402 826 1444 ‘patret
848 1402 924 1433 ...’

262 1445 448 1479 Arcas-ris
472 1446 685 1479 Priscianus
709 1446 762 1479 IX
788 1457 822 1489 p.
848 1445 917 1478 867
941 1445 982 1479 P.
1008 1444 1207 1477 ‘strideo
1234 1454 1375 1487 quoque
1401 1443 1510 1476 stridi
1536 1443 1629 1476 facit

172 1491 184 1523 i
210 1494 334 1524 autem
358 1495 435 1524 tam
460 1493 497 1524 in
522 1492 711 1535 praesenti
737 1501 846 1534 quam
868 1492 906 1523 in
934 1490 1134 1533 praeterito
1158 1490 1374 1533 productam
1402 1489 1516 1522 habet
1546 1514 1554 1523 .
1574 1514 1583 1522 .
1605 1514 1613 1521 .
1641 1491 1710 1521 Ac-

172 1538 255 1570 cius
285 1536 323 1569 in
354 1536 543 1570 Alcestide
572 1562 582 1570 .
602 1562 610 1570 .
632 1539 662 1570 .’
702 1535 771 1580 (in
802 1536 1042 1569 Alcestide
1081 1546 1150 1571 om,
1183 1535 1310 1577 Sang.)
1363 1534 1465 1568 Idem
1496 1545 1532 1578 p.
1568 1536 1635 1567 893
1668 1535 1707 1566 Ρ.

172 1582 346 1616 ‘strido
377 1586 415 1615 et
445 1582 585 1616 strideo
610 1586 687 1615 tam
711 1582 845 1616 tertiae
871 1592 980 1624 quam
1006 1580 1192 1615 secundae
1225 1580 1498 1624 coniugationis
1522 1580 1711 1612 inuenitur

178 1653 187 1661 .
237 1652 246 1660 .
266 1652 275 1659 .
305 1627 370 1660 sed
400 1633 488 1671 puto
515 1628 720 1671 euphoniae
747 1637 861 1660 causa
885 1637 959 1660 non
985 1636 1066 1660 esse
1090 1627 1130 1659 in
1154 1636 1224 1659 usu
1249 1626 1368 1667 enisi,
1402 1626 1468 1659 sed
1499 1625 1606 1658 stridi
1638 1651 1646 1659 .
1667 1650 1675 1658 .
1695 1651 1703 1658 .

174 1673 307 1706 Accius
331 1673 370 1705 in
395 1673 586 1707 Alcestide
609 1698 618 1707 .
633 1676 685 1707 ..’

203 1747 208 1752 .
265 1718 520 1752 Ancnnzonnu
547 1722 584 1751 et
608 1719 880 1752 Anrnsmonu
912 1727 1021 1750 unam
1051 1717 1275 1760 eandemque
1309 1716 1474 1750 fabulam
1501 1716 1617 1749 fuisse
1645 1716 1707 1748 ad-

168 1763 290 1797 firmat
314 1764 484 1803 Bothius,
511 1765 590 1798 iure
616 1767 727 1807 negat
752 1763 888 1796 Paulus
913 1762 1080 1796 Schmidt
1103 1762 1125 1796 l.
1152 1762 1175 1798 l.
1262 1764 1319 1796 De
1344 1762 1504 1795 nominis
1528 1762 1705 1794 Ancumo

173 1809 291 1843 forma
316 1819 412 1853 quae
445 1810 633 1853 disputaui
663 1810 748 1842 uide
779 1811 818 1841 in
842 1808 1038 1842 Rit-schelii
1063 1818 1190 1851 opusc.
1213 1808 1250 1841 11
1274 1809 1341 1841 613
1365 1817 1420 1850 sq.
1467 1809 1484 1841 1
1510 1808 1601 1840 Non.
1628 1809 1707 1847 393,

170 1856 215 1888 24
239 1857 541 1898 ‘superstites
571 1858 719 1889 ueteres
744 1854 933 1898 ponebant
957 1853 1161 1887 incolumes
1184 1878 1193 1886 .
1212 1878 1221 1887 .
1243 1878 1252 1887 .
1280 1853 1416 1886 Accius
1440 1852 1708 1885 Alcemeoue

177 1899 252 1934 ...⁹
323 1901 359 1934 11
382 1901 474 1934 Non.
503 1902 584 1940 132,
610 1902 632 1934 9
658 1899 962 1934 ‘laetitudine
988 1910 1051 1942 pro
1077 1899 1238 1932 laetitia.
1279 1898 1416 1932 Accius
1440 1897 1708 1931 Alemenone

178 1948 253 1980 ...’
280 1941 555 1989 (alcimedne
580 1946 707 1980 Vrbin.
733 1944 816 1988 30⁷)
920 1945 975 1978 111
1000 1944 1092 1978 Non.
1117 1939 1196 1987 48⁷,
1221 1946 1265 1977 25
1290 1944 1463 1988 ‘specis
1488 1954 1554 1986 pro
1579 1953 1708 1987 specu-

172 2073 275 2104 tuere
305 2067 397 2105 libri
421 2068 600 2116 plerique
629 2066 772 2103 adsistit
803 2065 946 2108 Genea.
981 2065 1104 2102 Basil.
1136 2064 1276 2102 adstitit
1298 2064 1455 2102 Grotius
1542 2061 1595 2101 56
1627 2074 1707 2099 nam

172 2122 407 2162 Bitschelius
426 2134 559 2172 opusc.
580 2123 628 2161 11
647 2122 743 2171 621,
766 2135 837 2161 om.
857 2124 948 2160 libri
1040 2133 1203 2171 exangue
1233 2127 1290 2159 est
1317 2122 1409 2158 libri
1437 2125 1494 2157 est
1525 2131 1708 2169 exsangue

172 2181 336 2220 Bothius
403 2181 451 2218 mi
474 2181 638 2218 Botliius
657 2180 742 2217 mihi
761 2181 854 2218 libri
929 2179 982 2217 57
1006 2186 1080 2216 tum
1104 2180 1210 2216 Grut.
1230 2190 1272 2227 p.
1290 2178 1371 2216 893
1431 2177 1604 2214 strideret
1621 2178 1712 2214 libri

165 2273 210 2309 p.
230 2260 312 2299 867
343 2259 506 2298 striderit
533 2261 592 2298 ed.
619 2259 764 2298 Veneta
850 2239 1010 2307 fietraeta
1031 2259 1154 2313 Bern..
1176 2271 1220 2307 p.
1243 2258 1325 2296 867
1413 2269 1556 2294 rursum
1589 2257 1706 2305 Sany.

171 2329 331 2366 ibidem.-
360 2328 414 2377 cf.
437 2329 674 2366 Rilsclielius
694 2339 827 2376 opusc.
847 2328 897 2365 II
914 2327 997 2366 260
1017 2338 1074 2376 sq.
1103 2338 1231 2364 rursus
1260 2326 1302 2363 ab
1336 2326 1457 2363 Vossii
1474 2336 1542 2362 ms.
1564 2336 1707 2361 rursum

171 2385 216 2422 ab
231 2385 396 2423 Baebius
471 2385 526 2424 58
547 2396 635 2423 suos
653 2386 745 2423 libri
814 2385 1074 2433 1nterr09acio
1095 2396 1146 2421 an
1168 2385 1386 2432 adfirmatio
1407 2385 1455 2419 sil
1475 2395 1551 2420 non
1573 2384 1704 2430 liquet.

260 2441 465 2479 Sertorium
486 2441 617 2480 Bolhii
642 2453 730 2480 suos
758 2441 793 2479 «l.
817 2442 840 2479 l.
865 2442 1081 2491 superstites
1104 2442 1248 2489 probat
1271 2441 1538 2478 Buecheler-us
1654 2439 1709 2476 60

172 2499 379 2548 depositum
398 2499 618 2537 Palmerius
638 2499 817 2548 Spieileq.
839 2511 905 2547 ap.
929 2499 1039 2536 Grut.
1060 2498 1083 2535 1
1096 2498 1126 2535 V
1147 2498 1230 2536 780
1259 2498 1458 2547 repositum
1478 2497 1569 2534 libri
1596 2496 1709 2544 ‹lepo-

172 2556 277 2592 sitam
299 2557 426 2594 conici
450 2566 564 2605 posse
593 2558 724 2594 monui
741 2558 782 2593 in
802 2561 952 2605 quaest.
973 2566 1079 2593 scen.
1098 2567 1139 2602 p.
1162 2554 1243 2592 324
1337 2559 1374 2590 et
1404 2559 1621 2590 maerentem
1643 2552 1707 2589 Iu-

171 2615 260 2650 nius
290 2613 525 2650 inmerentem
553 2614 644 2651 libri
671 2624 713 2650 ac
742 2619 962 2650 maerentem
985 2613 1214 2650 Palmerius.
1246 2612 1306 2648 An
1328 2615 1369 2647 ut
1390 2610 1635 2646 maerentem?

172 2669 301 2706 nuntio
322 2669 513 2718 repentino
534 2669 698 2708 Boihius
717 2671 908 2719 repentino
931 2670 1058 2706 nuntio
1079 2669 1170 2706 libri
1191 2674 1262 2705 tam
1284 2672 1434 2716 repente
1455 2667 1583 2702 nuntio
1617 2666 1705 2702 Vos-

172 2728 254 2763 sius
327 2725 479 2764 alacrem
499 2732 651 2776 repente
671 2727 799 2764 nuntio
819 2725 978 2775 Maehly
998 2737 1090 2762 ann.
1111 2726 1259 2773 philoll.
1286 2724 1393 2762 1857
1412 2735 1451 2770 p.
1475 2722 1555 2758 287
1579 2733 1706 2770 repen·

176 2783 252 2820 tino
272 2782 426 2820 alacrem
446 2795 481 2821 n.
504 2786 649 2821 exitum
677 2785 915 2821 commendat
935 2783 1204 2821 Buechelerus
1223 2784 1260 2818 in
1283 2779 1599 2818 antecedentibus
1619 2789 1705 2814 cor-

174 2841 365 2887 ruptelam
399 2850 614 2889 quaerens.-
651 2837 843 2889 repentino
879 2842 942 2877 uel
978 2839 1152 2888 repenino
1182 2842 1292 2874 carel
1329 2837 1561 2873 auctoritate

175 2895 226 2933 (31
257 2900 366 2944 atque
391 2897 553 2934 excitasti
582 2897 786 2934 Mer-cerus
815 2897 918 2933 adine
950 2896 1133 2932 hesitastis
1163 2895 1253 2931 libri
1289 2905 1327 2928 av
1368 2903 1424 2928 me
1454 2892 1616 2928 excitasti
1639 2892 1704 2929 Iu·

174 2955 262 2990 nius
293 2964 332 2988 ac
361 2963 418 2989 me
455 2954 638 2990 excitastis
675 2954 734 2991 ed.
766 2953 874 2990 1526
1019 2951 1072 2989 62
1105 2951 1202 2999 qumi
1237 2950 1272 2986 «Ιί
1303 2950 1338 2985 in
1375 2947 1499 2985 sedem
1530 2948 1703 2985 infernam
