1942 3204
252 192 303 240 12
483 226 485 228 -
859 202 942 236 (311,Γ
958 202 1169 234 ΝΑΕν1ν3

912 306 993 348 XV
1016 303 1111 362 (10)

368 381 437 425 Sic
470 383 591 438 quasi
616 383 761 432 ,amnis
782 383 928 425 celeris
959 383 1089 438 rapit,
1122 383 1194 424 sed
1225 384 1371 424 tamen
1396 380 1770 426 inflexu'flectitur.

894 459 1000 502 XVI
1033 458 1129 516 (21)

366 536 458 578 Iam
490 536 553 578 ibi
585 552 663 579 nos
696 537 886 593 duplicat
917 536 1184 579 aduenientis
1218 570 1225 578 .
1259 570 1266 578 .
1301 570 1308 578 .
1340 536 1467 578 timos
1499 552 1645 592 pauos.
1740 549 1775 574 45

524 601 535 606 ‘
885 613 1014 656 XVII
1047 611 1142 670 (24)

365 689 561 745 Namque
593 690 738 732 ludere
770 693 818 732 lit
848 691 1050 732 laetantis
1082 689 1196 732 inter
1228 705 1318 732 sese
1349 689 1536 733 uidimus

280 766 337 809 45
369 767 550 823 Propter
582 783 769 823 amnem,
801 769 956 823 aquam
989 768 1182 810 creterris
1215 771 1383 810 sumere
1411 783 1462 810 ex
1492 768 1613 810 fonte
1645 802 1653 810 .
1687 802 1694 811 .
1727 802 1736 811 .

870 845 1021 887 XVIII
1053 843 1149 901 (12)

366 921 497 964 Panis
529 920 716 978 patagii's
749 922 931 964 crocotis
962 922 1138 964 malacis
1169 922 1451 964 mortualibus

560 1002 565 1006 ’
893 999 999 1042 XIX
1026 997 1122 1056 (16)

493 1110 500 1119 .
534 1075 626 1119 sine
658 1078 820 1119 terrore
851 1078 986 1133 pecua
1017 1079 1066 1119 ut
1097 1077 1150 1118 ad
1181 1077 1363 1118 mortem
1394 1078 1550 1119 meant.

905 1154 986 1196 XX
1021 1151 1116 1210 (23)

452 1264 459 1271 .
491 1233 539 1272 ut
570 1230 741 1273 uideam
761 1231 944 1274 Volcani
977 1233 1106 1287 opera
1136 1231 1242 1273 haec
1274 1231 1455 1273 fiammis
1474 1229 1573 1272 fieri
1598 1231 1705 1274 flora
1735 1241 1769 1268 50

336 1336 403 1370 XV
427 1338 520 1370 Non.
550 1340 631 1381 191,
657 1340 701 1371 34
729 1341 918 1371 ‘amnem
943 1363 949 1369 .
971 1363 978 1370 .
999 1363 1008 1371 .
1031 1338 1208 1370 feminino
1231 1363 1238 1371 .
1260 1363 1267 1370 .
1289 1341 1317 1370 .'
1418 1338 1503 1371 XVI
1527 1338 1618 1370 Non.
1643 1339 1727 1378 487,
1752 1339 1773 1370 8

248 1385 386 1425 ‘uapor
411 1386 447 1416 et
471 1393 587 1426 napos
613 1386 650 1416 et
675 1384 782 1416 timor
799 1387 835 1416 et
860 1384 993 1416 timos
1017 1409 1024 1415 .
1046 1408 1054 1417 .
1075 1409 1083 1416 .
1106 1383 1244 1416 Neuius
1262 1384 1428 1426 Lycurgo
1452 1409 1460 1416 .
1480 1408 1487 1415 .
1508 1386 1536 1415 .’
1556 1381 1772 1426 (Licurgo

245 1427 388 1468 Bamb.)
482 1427 586 1461 XVII
612 1430 703 1462 Non.
729 1430 812 1471 547,
838 1429 882 1461 28
914 1432 1141 1462 ‘creterra
1174 1431 1247 1470 est,
1281 1439 1388 1471 quam
1413 1439 1509 1460 nunc
1535 1427 1683 1460 situlam
1708 1438 1773 1460 uo-

246 1476 343 1505 cant.
374 1473 512 1506 Neuius
537 1475 706 1517 Lycurgo
730 1499 738 1507 .
758 1499 765 1506 .
787 1499 795 1507 .
816 1477 844 1507 .’
871 1473 972 1506 Idem
997 1473 1099 1506 locus
1125 1473 1210 1506 olim
1235 1473 1460 1506 laudabatur
1482 1485 1517 1516 p.
1543 1474 1600 1516 84,
1628 1474 1670 1505 14
1695 1476 1773 1505 ‘co-

245 1517 362 1551 lustra
393 1543 401 1551 .
422 1543 430 1551 .
451 1544 459 1551 .
483 1519 665 1551 Laberius
696 1519 733 1551 in
758 1519 925 1561 Virgine:
958 1519 989 1551 si
1014 1519 1156 1562 quidem
1188 1529 1269 1551 mea
1300 1519 1460 1551 colustra
1487 1519 1604 1551 fretus
1635 1518 1773 1551 terris

246 1562 394 1596 studere
427 1564 577 1597 fecisset
609 1574 780 1597 sumere
811 1575 966 1606 aquam
1000 1575 1050 1596 ex
1080 1564 1243 1605 fonte’,
1275 1564 1312 1596 in
1342 1564 1470 1607 quibus
1505 1560 1772 1607 [cre]terris

246 1618 416 1641 sumere
441 1620 600 1651 aquam
631 1620 680 1641 ex
700 1610 824 1642 fonte
849 1610 965 1642 uerba
991 1620 1035 1642 ex
1061 1609 1136 1642 alia
1162 1609 1205 1641 de
1232 1612 1405 1642 creterris
1429 1609 1570 1651 glossa,
1596 1618 1692 1651 quae
1717 1618 1774 1641 se·

246 1654 444 1695 quebatur,
470 1654 645 1687 uidentur
663 1655 774 1687 illata
791 1665 870 1688 esse
938 1654 1059 1688 XVIII
1077 1655 1168 1688 Non.
1187 1655 1268 1695 540,
1293 1655 1314 1687 5
1340 1655 1612 1697 ‘patagium‚
1641 1664 1772 1686 aureus

246 1699 394 1740 clauus,
420 1701 482 1742 qui
508 1701 680 1742 pretiosis
703 1701 870 1733 uestibus
894 1699 1031 1732 inmit0i
1055 1699 1148 1732 solet
1178 1724 1186 1732 .
1206 1724 1214 1731 .
1235 1724 1243 1733 .
1273 1699 1315 1731 N.
1342 1699 1512 1742 Lycurgo
1535 1724 1544 1734 .
1563 1725 1570 1731 .
1592 1702 1621 1732 .’
1669 1698 1772 1732 Idem

244 1745 328 1786 548,
355 1746 398 1777 26
424 1745 620 1778 ‘caltulam
646 1749 683 1778 et
708 1745 1001 1784 crocotulam,
1027 1748 1218 1787 utrumque
1243 1756 1264 1776 a
1282 1745 1479 1787 generibus
1504 1745 1629 1777 florum
1654 1747 1772 1776 trans-

244 1789 376 1830 latum,
411 1801 433 1822 a
465 1790 564 1823 calta
594 1794 630 1822 et
660 1801 683 1823 a
714 1801 820 1823 croco
852 1816 860 1824 .
880 1816 888 1824 .
909 1816 916 1823 .
951 1790 997 1823 N.
1022 1791 1190 1832 Lycurgo
1224 1815 1231 1823 .
1252 1815 1259 1822 .
1279 1793 1308 1823 .’
1357 1790 1543 1832 (Neuius
1574 1789 1770 1831 Licurgo

244 1835 372 1868 Bamb.
406 1839 560 1878 utroque
585 1834 682 1878 loco)
789 1837 876 1868 XIX
906 1837 999 1870 Non.
1026 1837 1108 1876 159,
1141 1837 1160 1868 7
1192 1838 1357 1877 ‘pecua
1388 1838 1426 1867 et
1455 1834 1614 1877 pecuda,
1646 1834 1700 1867 ita
1730 1837 1772 1866 ut

244 1890 387 1922 pecora,
413 1884 561 1913 ueteres
579 1881 762 1913 dixerunt.
793 1881 932 1914 Neuius
955 1906 963 1914 .
984 1905 991 1912 .
1013 1906 1021 1914 .
1050 1880 1148 1912 idem
1171 1881 1356 1922 Lycurgo:
1383 1880 1462 1913 sine
1488 1879 1584 1912 ferro
1610 1889 1771 1922 pecora

244 1926 446 1958 manibus
471 1929 512 1958 ut
537 1926 583 1958 ad
608 1937 652 1958 m.
678 1937 722 1958 m.
747 1926 879 1959 Accius
903 1925 1151 1968 Astyanacte:
1183 1925 1221 1957 in
1246 1925 1357 1958 celsis
1379 1925 1605 1958 montibus
1629 1934 1771 1967 pecua

245 1974 355 2012 atque
387 1970 482 2003 inter
513 1970 627 2003 colles
658 1974 834 2014 pascunt’
865 1982 895 2003 e.
924 1981 957 2013 q.
982 1981 1011 2005 s.
1115 1970 1182 2003 XX
1211 1971 1302 2005 Non.
1335 1972 1419 2012 109,
1452 1971 1495 2003 25
1532 1970 1770 2002 ‘fimbriae

244 2019 330 2048 sunt
354 2016 470 2049 omnis
495 2016 737 2049 extremitas.’
764 2015 910 2057 (deinde
932 2016 1064 2050 Naeuii
1096 2016 1299 2048 locumcum
1317 2015 1486 2048 lemmate
1513 2014 1632 2047 flora
1656 2016 1770 2047 inter·

245 2060 376 2094 cidisse
404 2061 562 2094 coniecit
586 2059 787 2103 Mercerus)
818 2062 1001 2095 ‘Naeuius
1025 2062 1195 2104 Lycurgo
1219 2086 1225 2094 .
1247 2086 1254 2092 .
1276 2085 1289 2094 „
1307 2064 1335 2092 ‚³

356 2161 408 2199 42
440 2159 509 2212 sic]
542 2163 606 2199 sed
634 2164 726 2200 libri
839 2162 980 2211 quando
1021 2162 1150 2200 Vrbin.
1182 2162 1261 2200 308
1378 2162 1506 2199 celeris
1542 2162 1635 2209 rapit
1665 2173 1769 2199 nunc

244 2222 388 2266 scripsi
423 2220 473 2255 cis
511 2221 606 2268 rapit
642 2221 734 2257 libri
768 2219 890 2268 rapida
921 2219 1127 2256 Meroe-rus
1163 2218 1285 2267 rapida
1325 2224 1441 2255 tamen
1483 2219 1637 2256 Vossius
1730 2218 1767 2253 111

246 2275 345 2311 [luxu
375 2276 597 2324 Mei-cerm,
642 2277 796 2314 Vossius
909 2275 962 2312 43
1001 2277 1068 2312 iam
1106 2276 1177 2311 uim
1217 2276 1253 2311 in
1291 2286 1357 2312 nos
1388 2274 1545 2323 duplicat
1574 2274 1768 2310 adueniens

243 2332 337 2380 ignis
368 2343 480 2380 uapos
513 2333 669 2370 Grotius
755 2332 940 2380 Suppleri
968 2333 1140 2368 maximus
1164 2336 1294 2378 potest
1378 2330 1431 2368 44
1462 2341 1615 2379 namque
1644 2330 1769 2367 ludere

246 2392 286 2423 ut
327 2389 481 2425 Vossius
510 2400 591 2426 nam
621 2401 666 2426 ue
696 2389 821 2426 ludere
851 2389 988 2425 Bamb.
1028 2399 1108 2424 nam
1143 2394 1181 2424 ut
1212 2387 1337 2424 ludere
1367 2390 1488 2425 ceteri
1514 2388 1603 2425 libri
1686 2397 1768 2423 sese

256 2444 409 2482 Vossius
438 2456 477 2482 se
506 2446 598 2482 libri
681 2444 734 2482 45
766 2450 914 2493 propter
943 2446 1082 2482 Junius
1111 2449 1253 2493 praeter
1281 2445 1372 2482 libri
1445 2455 1571 2492 aquam
1601 2443 1767 2480 creterris
1831 2495 1834 2497 -

243 2511 386 2537 sumere
407 2512 449 2537 ex
471 2498 590 2552 sonte]
613 2503 779 2539 creterris
809 2512 952 2538 sumere
971 2512 1097 2550 aquam
1119 2512 1161 2538 ex
1182 2501 1401 2549 ponte'libri
1414 2501 1592 2548 plerique
1606 2511 1646 2547 p.
1670 2499 1765 2546 547,

243 2559 319 2594 nisi
346 2559 448 2605 quod
475 2559 624 2595 creteris
648 2558 781 2595 Bamb.
815 2563 851 2595 et
879 2563 1010 2607 sponte
1040 2557 1174 2594 Bamb.
1197 2557 1300 2594 Leid.
1333 2569 1380 2594 m.
1406 2558 1439 2594 1.
1471 2569 1500 2595 s.
1531 2567 1560 2592 a.
1592 2567 1634 2592 ex
1665 2556 1766 2592 sonte

241 2614 333 2650 libri
354 2626 398 2660 p.
429 2614 496 2660 84,
526 2615 667 2652 Junius
781 2614 834 2652 46
865 2614 1007 2651 malacis
1037 2615 1128 2651 libri
1160 2615 1338 2662 plerique
1372 2626 1413 2662 p.
1436 2612 1517 2651 540
1547 2612 1680 2649 malicis
1721 2613 1769 2649 W

241 2682 280 2717 p.
305 2669 388 2708 540
417 2670 570 2708 malaciis
590 2671 726 2708 Bamb.
745 2683 783 2718 p.
808 2669 889 2709 548
920 2670 1069 2707 malatiis
1098 2673 1221 2708 celeri
1236 2671 1327 2708 libri
1351 2681 1392 2716 p,
1415 2668 1495 2707 548
1526 2669 1670 2705 manicis
1701 2670 1765 2705 Al-

243 2728 333 2763 dina
361 2738 401 2773 p.
432 2726 516 2765 540
601 2727 811 2764 mortalibus
840 2728 930 2764 libri
951 2739 994 2774 p.
1026 2726 1107 2764 548
1201 2725 1255 2767 47
1285 2727 1363 2763 sine
1392 2731 1532 2762 terrore
1561 2736 1673 2772 pecua
1703 2721 1762 2775 ut]

243 2783 319 2819 sine
356 2783 454 2819 ferro
491 2795 622 2832 pecora
652 2783 813 2820 manibus
851 2788 892 2830 ut
926 2784 1019 2820 libri
1046 2794 1075 2818 3.
1106 2783 1131 2820 f.
1162 2793 1275 2831 pecua
1305 2794 1351 2819 1n.
1382 2787 1423 2818 ut
1452 2781 1657 2819 Mercerus
1686 2793 1716 2818 s.
1737 2781 1762 2818 f.

243 2838 425 2886 manibus,
456 2851 566 2888 pecua
595 2847 635 2877 ut
657 2841 848 2889 Berylcius
874 2842 899 2876 l.
921 2842 961 2885 l.,
996 2839 1213 2877 Grauerlus
1235 2839 1404 2886 Anal.·p.
1430 2837 1521 2885 101,
1553 2850 1589 2874 u.
1623 2837 1674 2875 27
1707 2849 1762 2886 sq.

245 2898 432 2943 copulans
461 2907 544 2933 cum
575 2895 627 2933 47
715 2901 835 2933 meent
866 2897 1082 2935 Grauertus
