1942 3204
798 208 844 248 Q.
870 207 1049 243 ENNJvs
1638 209 1695 251 53

272 311 473 368 F6rtiter‚
503 314 617 356 noxa.
648 327 800 356 vocare
833 313 1039 356 aduersus
1070 313 1351 357 aduersarios.

271 389 351 434 ‘Ea
381 390 558 434 libertas
591 392 674 446 est,
706 391 779 447 qui
810 393 961 447 pectus
992 394 1149 448 purum
1180 394 1224 434 et
1255 391 1426 435 firmum
1458 394 1653 450 gestitat:

154 467 243 512 260
274 466 411 511 'Aliae
444 483 512 511 res
544 468 807 512 obn6xiosae
839 470 966 512 1160oe
998 469 1044 512 in
1077 469 1260 512 obscura.
1291 470 1440 513 latent.

835 546 903 590 ΙΙΙ
934 544 1003 604 (7)

269 622 372 666 Plus
403 623 534 667 miser
565 624 665 680 sim,
697 622 739 667 ss
767 625 996 668 scelestum
1026 625 1161 668 faixim
1192 625 1307 681 quod
1340 625 1480 669 dictim
1512 627 1617 669 fore.

836 699 909 760 {IV
929 699 998 759 (8)

271 813 572 823 ........
603 782 683 822 tun
714 779 895 836 potuisti
927 780 1129 823 credere?
1161 806 1215 811 —

270 855 442 915 [Melius
473 855 646 916 exacue]
679 858 809 914 atque
841 873 988 901 exerce
1020 856 1235 915 h'nguam,
1267 861 1315 902 ut
1346 858 1587 915 arguta-‹irier

267 934 424 978 Possis.

149 1063 204 1102 17,
223 1063 265 1095 10
289 1059 348 1103 (de
373 1060 644 1104 significatione
670 1060 866 1103 uocabuli,
893 1061 990 1104 quod
1016 1066 1073 1096 est
1099 1061 1342 1103 obnoxius)
1370 1062 1464 1095 ‘iam
1488 1073 1576 1095 uero
1593 1061 1685 1095 illud

146 1107 257 1140 etiam
283 1108 326 1149 Q.
353 1107 450 1140 Enni
474 1131 482 1140 .
503 1131 512 1140 .
532 1131 541 1140 .
564 1107 659 1149 quod
687 1107 827 1143 scribit.
840 1107 879 1139 in
904 1106 1091 1140 Phoenice
1117 1108 1156 1140 in
1181 1107 1282 1140 hisce
1308 1107 1480 1141 uersibus
1504 1133 1512 1142 .
1532 1133 1539 1140 .
1564 1111 1592 1140 .’

146 1152 198 1185 111
231 1152 326 1186 Non.
357 1153 435 1194 507,
466 1154 509 1185 22
541 1152 722 1195 ‘faxim‚
755 1152 919 1188 fecerim.
967 1152 1111 1186 Ennius
1142 1153 1282 1186 Fenice
1313 1177 1322 1186 .
1348 1178 1357 1187 .
1384 1155 1413 1186 .’
1454 1153 1682 1195 (Foenice

146 1197 289 1238 Bamb.)
360 1198 411 1231 1v
436 1197 530 1231 Non.
548 1198 630 1237 245,
655 1198 701 1232 25
725 1198 957 1239 ‘argutari
981 1197 1119 1232 dicitur
1143 1197 1353 1241 loquacium
1379 1209 1443 1242 pro
1470 1199 1582 1241 loqui.
1608 1200 1683 1231 En-

147 1243 231 1277 nius
260 1243 479 1287 quoenice
512 1246 600 1276 tum
633 1246 673 1276 tu
704 1243 768 1276 isti
800 1243 952 1276 credere
992 1247 1105 1287 atque
1138 1254 1269 1277 exerce
1301 1243 1488 1287 linguam’
1522 1255 1553 1279 e.
1586 1254 1620 1286 q.
1653 1255 1682 1279 s.

147 1289 254 1332 (quo
279 1289 395 1323 enim
421 1293 599 1323 coetum
621 1299 706 1322 mss.
724 1288 846 1322 Vossii
871 1299 995 1332 quem
1019 1293 1165 1323 cetum
1191 1290 1319 1323 Vrbin.
1346 1291 1413 1323 308
1439 1290 1682 1323 Choenioe:

146 1338 232 1368 tum
250 1334 442 1369 Turnebus
457 1334 551 1368 Adu.
568 1334 691 1369 XXIX
706 1337 751 1369 20
768 1335 1017 1368 Phoenice:
1044 1338 1132 1369 tum
1150 1337 1339 1369 Mcrcerus
1414 1336 1588 1370 Ennius
1607 1346 1683 1368 ex·

146 1390 247 1414 erce
272 1379 476 1424 linguam
501 1380 633 1414 mediis
657 1391 724 1414 om.
749 1379 880 1424 Basil.)

259 1500 340 1538 258
372 1500 519 1538 sortiter
548 1502 665 1547 Rott,
700 1501 856 1538 Grotius
887 1502 988 1539 Bibl.
1021 1504 1105 1538 erit
1138 1514 1228 1539 nou.
1253 1501 1329 1549 IV,
1351 1503 1558 1551 Berylcius
1588 1515 1678 1539 ann.

137 1558 290 1606 phitoll.
315 1557 420 1595 1861
450 1570 491 1606 p.
515 1557 598 1596 630
628 1558 846 1607 fortiterque
872 1560 994 1596 ceteri
1020 1558 1110 1596 libri
1195 1570 1287 1595 noxa
1318 1570 1448 1596 uocare
1471 1560 1678 1607 Berqlcius,

145 1615 248 1664 quod
266 1616 411 1662 recepi,
442 1625 530 1652 cum
550 1615 636 1652 olim
657 1617 904 1662 sententiam,
937 1626 1014 1653 non
1035 1619 1184 1653 textum
1204 1618 1409 1653 restituere
1428 1617 1589 1653 liberius
1609 1615 1680 1662 (in-

145 1673 261 1709 sertis
281 1675 406 1720 aperte
426 1670 604 1721 pugnare)
625 1676 789 1709 conatus
811 1674 893 1709 sim.
913 1672 1098 1709 innoxium
1122 1683 1254 1709 uocare
1271 1672 1373 1710 Rott.
1391 1673 1474 1710 Vat.
1495 1673 1680 1709 innoxium

145 1739 278 1766 uacare·
291 1730 412 1766 ceteri
428 1728 520 1766 libri
543 1739 636 1765 noxa
666 1733 852 1766 uacantem
874 1728 1031 1766 Grotius
1057 1729 1093 1766 in
1123 1730 1226 1766 noxis
1250 1729 1381 1766 undere
1403 1741 1517 1777 prop.
1544 1730 1678 1767 Vahle-

145 1796 230 1823 nus.
263 1783 433 1822 obnixum
465 1784 597 1822 uadere
616 1787 655 1822 in
677 1787 867 1834 optionem
886 1786 987 1822 dedit
1009 1786 1204 1835 Berqlcius
1222 1787 1247 1823 l.
1268 1787 1293 1823 1.
1325 1786 1487 1823 Plenum
1506 1788 1679 1823 locorum

143 1843 317 1888 indicem,
350 1843 417 1879 ubi
443 1843 491 1879 de
516 1842 658 1890 formis
688 1852 818 1879 uocare
841 1843 991 1879 uociuos
1013 1853 1151 1879 uocuos
1172 1845 1251 1880 uiri
1267 1844 1371 1880 docti
1393 1848 1528 1880 nostru
1550 1847 1680 1880 aetate

142 1901 425 1946 disseruerunt,
446 1898 684 1936 Ritsckelius
703 1901 742 1936 in
763 1910 853 1937 nou.
877 1910 962 1938 exc.
985 1898 1116 1936 Ptaut.
1137 1900 1162 1937 I
1175 1911 1216 1947 p.
1242 1899 1294 1937 59
1317 1910 1373 1948 sq.
1398 1902 1610 1937 conte-ruit.

146 1956 339 1994 aduersum
370 1956 473 1994 Rott.
518 1956 600 1993 γαί.
632 1956 730 2005 Rey.
847 1957 972 1993 uiuere
1003 1956 1206 1993 Animatum
1244 1955 1390 1993 sortiter
1420 1956 1586 1993 aduersu'
1618 1956 1679 1993 ad-

145 2013 344 2060 uersarios,
384 2013 516 2050 uerbis
553 2012 683 2050 adiecit
712 2012 880 2060 fortiter,
919 2024 1001 2050 cum
1030 2013 1218 2050 innoxium
1250 2018 1398 2050 uocaret
1429 2025 1508 2061 pro
1535 2015 1677 2062 ylosse-

144 2075 245 2108 mate
281 2070 442 2118 habitis,
484 2069 708 2108 Scriuerius
747 2070 873 2107 uiuere
903 2070 1096 2107 animatum
1133 2069 1284 2107 addecet
1314 2069 1548 2119 Fortiterque
1596 2081 1677 2106 eum

144 2127 241 2174 (uet.·
284 2125 423 2176 quue
460 2125 619 2175 sortiter)
658 2136 785 2164 uacare
829 2126 1005 2164 aduersus
1043 2126 1271 2164 aduersarios
1322 2124 1478 2165 Vossius
1515 2138 1550 2166 u.
1582 2138 1612 2163 a.
1645 2138 1675 2163 a.

146 2183 377 2232 Fortitcrque
407 2183 592 2221 innoxium
623 2194 752 2221 uacare
781 2183 825 2220 ad
856 2184 1083 2221 aduersarios
1116 2183 1280 2222 Bothius
1386 2183 1466 2221 259
1498 2195 1539 2220 ea
1571 2183 1678 2220 libcr-

146 2245 239 2288 tast,
277 2241 307 2277 si
345 2241 407 2289 qui
437 2241 638 2278 Acidalius
673 2242 712 2277 in
743 2239 862 2278 Stich.
896 2252 930 2278 c.
965 2240 988 2278 6
1106 2240 1190 2279 260
1226 2240 1447 2278 obnoxiosae
1476 2241 1678 2278 Acidalius

146 2296 304 2334 obnoxio
335 2308 374 2333 se
406 2298 501 2346 Req.
534 2297 711 2334 obnoxise
741 2297 845 2335 Rott.
879 2296 1034 2334 obnoxie
1077 2298 1160 2335 ναί.
1199 2297 1376 2335 obnoxiae
1406 2300 1529 2335 ceteri
1614 2296 1678 2333 ob-

145 2354 272 2391 noxiae
302 2364 360 2390 res
390 2353 479 2391 aliae
508 2354 545 2391 in
576 2353 730 2391 obscuro
761 2353 876 2392 latent
906 2354 1131 2392 Scriuerius
1166 2354 1254 2391 aliae
1284 2365 1342 2391 res
1374 2353 1549 2391 obnoxiae
1581 2354 1675 2391 hosti

144 2422 179 2447 n.
213 2410 248 2447 in
280 2422 315 2447 0.
348 2409 372 2447 1.
417 2411 571 2448 Vossius
686 2409 766 2448 261
806 2412 873 2448 sim
904 2412 1037 2449 Delrio
1074 2423 1153 2448 sum
1183 2413 1274 2449 libri
1365 2411 1559 2448 scelestum
1591 2412 1674 2448 edd.

144 2472 235 2505 ante
264 2467 486 2505 Mercerum
515 2467 698 2505 scelestim
725 2469 818 2506 libri
922 2467 1003 2506 262
1036 2473 1112 2505 tum
1144 2474 1183 2505 tu
1213 2467 1280 2516 (tui
1324 2467 1469 2515 Vrbin.)
1499 2468 1559 2504 isti
1588 2468 1679 2505 libri

145 2529 262 2561 tutum
292 2524 352 2560 isti
383 2523 547 2562 Botlzius
650 2523 758 2562 crede
791 2525 995 2563 Turnebus
1025 2526 1121 2563 Adu.
1153 2525 1298 2563 XXIX
1325 2525 1380 2563 20
1417 2524 1524 2561 crede
1556 2529 1591 2560 tc
1622 2524 1675 2561 M.

144 2582 342 2629 Hauptius
363 2581 497 2618 Herm.
518 2582 565 2620 11
584 2581 666 2619 216
696 2584 938 2620 octonarium
967 2582 1170 2620 iambicum
1196 2583 1314 2620 uerbo
1345 2582 1547 2630 argutarier
1568 2582 1674 2617 clau-

143 2639 239 2675 dens
266 2639 397 2675 addita
418 2640 738 2687 interpretatione
757 2639 854 2676 nac.-
884 2638 1066 2687 ‘fortiter
1088 2640 1229 2688 ayendi
1251 2641 1474 2687 mayistrum
1498 2646 1675 2685 sequere,

143 2705 218 2732 non
248 2699 387 2744 arqute
423 2695 587 2732 dicendi.
647 2696 786 2744 quodsi
819 2701 947 2734 tamen
982 2697 1165 2745 loquendi
1192 2698 1326 2744 potius
1355 2706 1469 2742 quam
1499 2693 1678 2740 faciendi

137 2753 426 2800 praestantiam
456 2752 620 2800 adpetis,
652 2757 730 2790 tum
760 2757 796 2790 te
824 2755 887 2790 isti
907 2752 1124 2790 committe?
1195 2753 1275 2801 qu
1307 2751 1453 2787 retinui
1480 2761 1581 2798 quae
1608 2750 1673 2797 fa-

145 2809 258 2846 bulae
296 2811 506 2846 conuenire
539 2819 773 2856 persuasum
810 2814 879 2847 est.
1029 2809 1267 2856 Interposuit
1305 2811 1404 2845 inter
1443 2819 1479 2843 u.
1518 2806 1598 2843 262
1638 2811 1674 2843 et

146 2863 227 2902 263
271 2865 464 2903 Vamenus
499 2868 575 2903 inc.
614 2868 691 2904 inc.
720 2866 806 2915 fab.
837 2866 957 2912 CXV,
991 2867 1094 2915 quod
1122 2876 1174 2903 ex
1203 2866 1279 2901 hac
1306 2863 1446 2910 fabula
1484 2868 1674 2910 sumptum

145 2931 228 2959 esse
265 2924 486 2970 suspicatus
523 2934 643 2960 eram.
778 2922 859 2961 263
890 2922 1020 2959 melius
1050 2933 1182 2959 exacue
1212 2933 1283 2958 om.
1312 2921 1403 2958 iibri
1506 2931 1673 2956 exercere
