1942 3204
234 172 288 214 28
555 161 559 166 ’
878 177 918 216 Q.
945 175 1121 208 ENvas

352 355 517 411 Co'rpus
549 357 876 411 contemplatur,
907 356 1019 397 unde
1051 357 1298 411 c6rp0raret
1329 356 1515 397 uulnere.
1557 368 1563 372 ·

436 544 443 551 .
476 510 634 553 circum
667 524 756 553 sese
788 512 916 552 uruat
947 510 999 551 aad
1031 509 1178 564 pedes,
1208 512 1323 551 terra
1354 509 1510 551 6cculit

350 585 500 642 Cae'tput.

476 774 483 782 .
516 744 638 783 rusus
671 755 823 796 prosus
855 741 1091 796 reciprocat
1123 741 1276 783 fluctus
1308 743 1454 785 feram.

234 895 316 935 1Οό
350 928 357 935 .
391 928 398 935 .
433 928 439 935 .
474 928 481 935 .
516 927 523 935 .
556 927 565 935 .
598 895 681 936 alia
714 895 867 936 fluctus
900 895 1041 937 differt
1073 894 1268 950 dissupat

348 970 606 1013 visceratim
638 972 846 1027 membra,
876 972 1012 1014 maria
1044 973 1155 1015 salso
1189 975 1390 1028 spumant
1422 972 1642 1028 sanguine.

850 1095 1134 1145 ATHAMAS

347 1197 426 1238 His
459 1198 551 1238 erat
582 1197 626 1238 in
659 1212 731 1239 ore
764 1197 981 1252 Brdmius,
1012 1198 1078 1239 his
1110 1197 1305 1240 Bacchus
1337 1200 1471 1253 pater,

348 1271 439 1314 Illis
474 1274 640 1330 Lyaeus
674 1274 776 1317 ustis
808 1275 1010 1317 inuent6r
1043 1289 1204 1317 sacrae:

347 1350 456 1392 Tum
487 1351 648 1406 pariter
679 1352 821 1394 euhan
853 1352 988 1394 euhoe
1022 1352 1157 1394 euhoe
1189 1351 1363 1394 exihium

319 1482 350 1514 V
376 1482 467 1514 Non.
492 1482 552 1522 20,
579 1484 621 1515 23
654 1485 918 1525 ‘corporare
950 1485 1006 1514 est
1035 1481 1243 1515 interficere
1276 1486 1313 1515 et
1345 1482 1450 1524 quasi
1481 1491 1610 1523 corpus
1642 1480 1756 1513 solum

229 1526 307 1559 sine
335 1527 456 1559 anima
482 1526 718 1570 relinquere.’
818 1528 870 1561 VI
894 1527 1027 1560 Festus
1052 1539 1086 1570 p.
1113 1529 1179 1560 375
1203 1528 1251 1562 M.
1278 1530 1433 1560 ‘uruat
1458 1526 1598 1559 Ennius
1622 1526 1660 1557 in
1684 1526 1756 1558 An-

229 1571 412 1604 dromeda.
454 1571 639 1613 significat
668 1573 860 1605 circundat
883 1590 924 1594 —
951 1590 994 1595 —
1020 1573 1072 1605 ait
1096 1575 1234 1608 autem:
1263 1573 1420 1604 circum’
1448 1582 1478 1604 e.
1506 1581 1539 1614 q.
1566 1582 1593 1606 s.
1686 1571 1755 1604 V11

226 1616 318 1651 Non.
340 1618 415 1657 165,
437 1619 474 1649 11
501 1617 687 1658 ‘riscus‚
715 1617 794 1650 loca
820 1618 857 1650 in
874 1618 1078 1660 parietibus
1097 1620 1267 1660 angusta.
1301 1618 1498 1650 Terentius
1513 1641 1520 1648 .
1535 1641 1542 1648 .
1558 1619 1586 1648 .’
1607 1615 1754 1657 (deinde

228 1662 409 1695 excidisse
436 1662 479 1694 de
511 1673 544 1694 u.
576 1663 869 1705 reciprocare
901 1662 1033 1696 lemma
1064 1663 1224 1696 coniecit
1248 1662 1397 1706 Junius)
1429 1662 1592 1694 ‘Ennius
1616 1661 1754 1694 Andro-

228 1706 334 1740 meda
359 1709 431 1740 ...⁹
471 1707 571 1740 Idem
598 1709 679 1749 385,
708 1710 722 1740 1
751 1712 944 1749 ‘rursus,
970 1711 1068 1741 retro
1093 1733 1100 1741 .
1116 1733 1146 1742 ..
1169 1708 1310 1740 Ennius
1334 1707 1566 1741 Andromeda

227 1752 317 1785 VIII
333 1753 424 1786 Non.
444 1753 520 1793 183,
541 1754 581 1786 17
608 1754 925 1788 ‘uisceratim.'
952 1751 1051 1796 (per
1067 1754 1247 1786 uiscera
1270 1752 1373 1786 addit
1389 1753 1530 1793 Bamb.,
1555 1752 1619 1784 ubi
1637 1761 1754 1784 exem-

227 1797 326 1840 plum
350 1798 470 1840 ipsum
496 1798 618 1840 deest,
652 1802 694 1831 ut
717 1798 933 1841 plerumque
959 1800 997 1830 in
1022 1799 1078 1832 his
1103 1798 1295 1842 partibus).
1387 1798 1444 1830 Ad
1468 1797 1565 1829 hanc
1587 1795 1753 1829 fabulam

225 1843 410 1885 pertinere
436 1844 645 1886 suspicatus
669 1854 747 1877 sum
772 1844 844 1876 inc.
863 1854 957 1878 nom.
975 1844 1042 1877 XV
1067 1847 1104 1876 et
1121 1844 1217 1885 XVI,
1242 1844 1333 1876 item
1357 1843 1449 1876 satis
1471 1841 1626 1885 quadrat
1642 1841 1753 1874 LXV.

226 1889 405 1920 Scaeuam
436 1888 595 1921 fortasse
627 1889 792 1932 respexit
818 1889 932 1921 Varro
964 1889 1002 1921 in
1032 1892 1160 1922 satura
1189 1887 1276 1930 περὶ
1308 1883 1504 1931 ἐξαγωγῆς
1529 1886 1571 1920 fr.
1598 1887 1634 1920 11
1662 1889 1698 1919 et
1722 1888 1752 1920 V

226 1933 285 1964 R:
312 1933 376 1965 sed
402 1933 504 1966 cuius
530 1937 661 1976 poetae
689 1934 853 1966 fabulam
878 1935 915 1966 in
939 1937 1060 1966 mente
1085 1934 1267 1972 habuerit,
1293 1933 1401 1977 plane
1425 1933 1616 1965 incertum.

315 1979 516 2010 Aramis?
544 1978 730 2012 Charisius
749 1990 782 2022 p.
801 1980 866 2011 214
884 1979 922 2011 P.
948 1978 1123 2014 ‘euhoe.
1149 1979 1253 2012 Maro
1271 1979 1446 2021 septimo:
1471 1976 1586 2011 euhoe
1603 1976 1751 2009 Bacche

227 2023 404 2065 fremens,
437 2023 551 2055 solum
585 2027 621 2056 te
646 2024 790 2066 uirgine
822 2024 973 2067 dignum
998 2024 1226 2060 Vociferans.
1275 2024 1415 2057 Ennius
1445 2024 1484 2055 in
1512 2022 1751 2055 Athamante:

225 2068 283 2100 his
310 2071 413 2100 erat'
440 2079 469 2100 e.
496 2078 529 2110 q.
555 2079 583 2103 s.
622 2068 753 2102 Merito
779 2073 862 2112 post
886 2069 1059 2102 Bothium
1083 2069 1392 2111 Welckerumque
1419 2066 1478 2111 (de
1504 2071 1595 2110 trag:
1622 2067 1752 2103 Graec.

227 2112 326 2154 1374)
346 2117 382 2146 et,
398 2114 438 2146 F.
456 2113 630 2147 Albertus
647 2115 775 2156 Lange
795 2117 938 2157 quaest.
959 2115 1100 2150 metric.
1118 2125 1152 2157 p.
1171 2115 1224 2148 16.
1244 2117 1287 2149 30
1306 2117 1345 2148 et
1361 2112 1570 2147 Bernardus
1587 2111 1752 2146 Schmidt

342 2245 419 2282 102
459 2245 591 2282 occulit
633 2246 786 2283 Vossius
816 2257 881 2283 occ
911 2275 918 2283 .
945 2275 953 2284 .
979 2276 987 2284 .
1020 2247 1102 2284 cod.
1143 2245 1327 2283 occultans
1359 2245 1571 2283 Salmasius
1602 2245 1749 2282 Exere.

224 2303 324 2338 Plin.
353 2314 394 2348 p.
429 2301 529 2348 576,
564 2303 587 2339 2
620 2303 777 2340 occultat
809 2304 853 2338 A.
885 2303 1120 2351 Auyus'tinus
1157 2306 1196 2340 in
1232 2314 1305 2351 my.
1400 2294 1532 2340 circum
1570 2312 1609 2337 sc
1646 2307 1751 2338 uruat

224 2357 267 2393 ad
297 2357 430 2406 pedes,
463 2363 518 2394 ter
547 2370 588 2395 ac
619 2364 744 2407 quater
783 2360 910 2408 ingens
950 2359 1081 2396 occulit
1112 2359 1223 2407 Caput
1266 2360 1416 2396 Vossius
1453 2370 1484 2395 c.
1514 2368 1593 2394 sesc
1631 2363 1750 2402 uruat,

224 2413 267 2451 ad
298 2426 331 2462 p.
363 2414 434 2451 sert
465 2415 649 2451 occultans
680 2427 709 2452 c.
735 2416 946 2453 Salmasius
976 2427 1006 2452 c.
1038 2427 1117 2452 sesc
1149 2421 1271 2457 uruat,
1304 2415 1475 2463 adpetens
1508 2419 1656 2456 terram,
1690 2425 1749 2450 oc·

223 2466 312 2507 culit
341 2470 453 2518 Caput
484 2471 647 2508 Bothius
755 2471 834 2510 104
865 2483 971 2508 rusus
1002 2473 1218 2509 Palmerius
1249 2472 1426 2519 Spicitey.
1458 2482 1510 2517 ap
1555 2470 1661 2506 Grut.
1687 2469 1752 2506 IV

225 2527 306 2564 770
336 2527 451 2563 riscus
492 2528 538 2563 W
561 2540 601 2575 p.
637 2528 735 2575 165,
768 2531 881 2565 etiam
911 2531 950 2566 in
981 2529 1083 2565 Laid.
1115 2529 1124 2564 i
1157 2539 1356 2575 superscr.
1386 2539 1459 2574 pro
1491 2538 1553 2573 ur,
1585 2530 1625 2563 ut
1655 2527 1748 2561 risus

222 2586 305 2630 fiat.
339 2594 464 2619 rursus
495 2587 618 2621 ceteri
755 2596 886 2633 prosus
917 2585 1134 2622 Palmerius
1171 2595 1301 2632 porsus
1343 2585 1389 2620 W
1413 2595 1453 2631 p.
1486 2581 1566 2620 385
1596 2593 1747 2630 prorsus

222 2642 344 2676 cetere·
443 2635 589 2677 fructus
625 2642 716 2678 libri
740 2653 780 2688 p.
818 2641 895 2679 165
1002 2641 1076 2677 sera
1116 2641 1311 2689 Berylcius
1347 2640 1448 2677 Mus.
1480 2640 1605 2676 Rhea.
1639 2638 1746 2675 1835

218 2708 258 2742 p.
291 2696 364 2742 70,
392 2696 567 2743 fortasse
594 2702 700 2734 recte
803 2698 882 2735 106
913 2697 1008 2734 salso
1042 2697 1284 2742 Scriuerius,
1323 2696 1513 2744 Berqlcius
1543 2695 1566 2731 l.
1598 2696 1624 2731 l.
1656 2694 1746 2730 salsa

220 2754 311 2789 libre·
398 2753 475 2790 107
508 2753 563 2790 his
594 2760 669 2790 crat
699 2755 907 2791 Fabricius
935 2755 965 2790 is
997 2759 1072 2790 erat
1103 2755 1204 2799 cod.,
1241 2755 1298 2790 ed.
1316 2765 1382 2799 pr.
1499 2751 1576 2788 108
1609 2750 1746 2799 Lyaeus

225 2811 279 2845 ed.
307 2821 371 2855 pr.
403 2809 507 2845 liseus
536 2812 617 2847 cod.
714 2811 790 2848 109
822 2811 939 2847 euhoe
971 2810 1087 2846 euhoe
1119 2810 1332 2855 Fabricius,
1366 2821 1433 2846 om.
1465 2809 1547 2845 cod.
1637 2807 1744 2843 Euius
1787 2829 1790 2832 ι
1847 2812 1849 2820 ’

222 2866 278 2901 ed.
309 2868 435 2912 princ.
456 2850 527 2902 ,De
557 2869 795 2913 aspiratione
827 2867 881 2915 cf.
914 2868 1184 2904 Lachmannus
1213 2869 1251 2903 in
1281 2867 1396 2903 Lucr.
1441 2865 1474 2902 V
1500 2862 1579 2902 743
