1942 3204
293 183 377 225 274
605 184 672 218 Ex
695 183 921 219 INGERTIS
946 176 1266 218 INOERTORVM
1291 183 1475 219 FABVLI

1002 286 1118 331 CLII

413 399 420 407 .
471 365 506 407 si
536 365 648 408 forte
694 400 703 408 .
750 401 759 409 .
801 400 809 408 .
854 398 863 406 .
908 363 1123 421 quispiam
1153 365 1353 421 princeps
1385 379 1532 422 senex,

413 442 664 498 Recipiebat
695 443 906 498 sortisque
940 444 1068 498 atque
1101 441 1339 498 auspicium
1369 443 1592 498 repetebat
1623 442 1763 486 domo.

986 535 1124 579 CLIII

408 612 461 655 In
494 613 588 655 arce
620 612 804 655 Athenis
837 614 965 656 statio
999 629 1094 656 mea
1124 629 1240 657 nune
1274 612 1414 672 [mihi]
1448 615 1602 671 placet.

995 707 1131 752 CLIV
1415 757 1418 761 ,

295 784 383 827 260
414 784 476 827 Vt
507 783 554 826 in
587 785 783 827 secundis
815 785 972 842 fluxae,
1004 788 1052 828 ut
1082 786 1128 828 in
1161 785 1353 829 aduersis
1384 787 1524 829 bonae

997 879 1110 923 CLV

1266 958 1457 1014 plaudite
1466 959 1475 1000 l

381 1085 480 1119 CLII
511 1085 630 1119 Sohol.
658 1086 789 1119 Veron.
821 1086 867 1119 ad
899 1087 1007 1129 Verg.
1041 1087 1132 1120 Aen.
1165 1087 1203 1120 11
1239 1088 1323 1130 178,
1354 1088 1418 1121 ubi
1448 1092 1488 1121 ut
1520 1089 1620 1132 apud
1652 1090 1820 1123 Seruium

290 1134 484 1164 enarratur
514 1141 589 1163 mos
622 1132 805 1164 Romanus
837 1132 867 1164 si
899 1132 993 1164 male
1026 1132 1114 1165 foris
1144 1136 1349 1175 pugnatum
1388 1137 1487 1167 esset
1524 1144 1621 1167 noua
1653 1136 1820 1178 auspicia

291 1176 396 1209 domo
421 1176 628 1219 repetendi:
655 1179 785 1209 ‘—am
810 1176 1064 1219 proficiscitur,
1090 1178 1174 1210 inde
1200 1179 1352 1211 saucius
1371 1178 1474 1211 nulla
1499 1190 1538 1212 re
1564 1183 1670 1222 gesta
1688 1191 1823 1213 memo-

289 1221 366 1254 riae
398 1220 605 1254 mandanda
635 1221 781 1254 obieeta
816 1221 1008 1265 relligione
1045 1223 1231 1255 numinum
1272 1223 1383 1256 rediit
1414 1242 1457 1247 —
1487 1223 1632 1268 lamque
1670 1226 1821 1269 repetiit

289 1270 433 1298 atr—s
464 1266 501 1299 si
534 1266 653 1299 forte
686 1278 738 1290 --‘
760 1268 1002 1309 quispiam’
1037 1278 1071 1302 e.
1107 1279 1140 1311 q.
1174 1277 1203 1300 s.
1258 1268 1475 1302 Scaenioam
1508 1271 1637 1312 poesin
1670 1271 1823 1313 agnouit

288 1311 536 1344 Buechelerus
555 1322 639 1346 ann.
659 1311 797 1354 philoll.
818 1313 905 1345 1866
925 1323 959 1354 p.
978 1314 1035 1347 72.
1085 1313 1176 1345 Num
1196 1323 1240 1345 ex
1264 1316 1484 1355 praetexta?
1554 1314 1673 1348 CLIII
1692 1316 1821 1348 Cicero

289 1355 336 1389 ad
367 1357 529 1389 Atticum
560 1356 611 1388 VI
642 1358 662 1389 9
695 1359 785 1388 extr.
844 1357 982 1390 Dubito
1014 1361 1135 1390 utrum
1171 1358 1387 1400 tragoediae
1425 1369 1472 1391 an
1510 1360 1718 1393 comoediae
1756 1362 1821 1392 tri-

289 1401 409 1434 buam.
526 1400 640 1435 CLIV
665 1400 792 1434 Cicero
819 1401 865 1433 ad
890 1402 965 1436 Att.
991 1402 1042 1435 IV
1067 1404 1104 1443 1,
1131 1404 1152 1435 8
1184 1405 1262 1435 ‘ita
1293 1408 1378 1436 sunt
1409 1414 1467 1437 res
1497 1408 1663 1448 nostrae,
1699 1408 1748 1438 ut
1778 1408 1821 1438 in

291 1446 507 1478 secundis
540 1446 714 1488 fluxae,
746 1447 862 1479 utin
892 1447 1100 1480 aduersis
1131 1448 1303 1482 bonae.’
1351 1449 1486 1482 ibidem
1510 1451 1546 1487 2,
1573 1452 1591 1482 1
1619 1451 1822 1492 ‘prioribus

290 1492 359 1524 tibi
383 1491 590 1532 declarani,
617 1491 800 1524 aduentus
826 1495 953 1524 noster
979 1492 1098 1535 qualis
1122 1492 1253 1526 fuisset
1279 1497 1315 1526 et
1340 1494 1420 1536 quis
1445 1498 1543 1527 esset
1566 1498 1686 1529 status
1710 1499 1822 1538 atque

290 1546 414 1569 omnes
445 1547 501 1569 res
527 1539 675 1568 nostrae
702 1547 807 1579 quem
843 1537 887 1569 ad
914 1538 1057 1570 modum
1084 1541 1224 1580 essent,
1256 1542 1302 1571 ut
1331 1539 1376 1571 in
1405 1539 1614 1573 secundis
1648 1541 1819 1582 fluxae,

289 1584 338 1613 ut
367 1581 412 1613 in
444 1581 656 1614 aduersis
686 1581 857 1614 bonae.’
908 1582 1003 1615 idem
1036 1582 1083 1615 ad
1113 1584 1266 1616 Brutum
1289 1585 1307 1617 I
1333 1585 1391 1622 10,
1417 1585 1437 1616 2
1469 1585 1601 1618 ‘huius
1630 1586 1719 1619 belli
1750 1586 1832 1618 for--

292 1629 384 1658 tuna
407 1627 523 1658 utin
547 1626 762 1659 secundis
788 1627 936 1667 fluxa,
968 1631 1015 1660 ut
1038 1628 1083 1660 in
1109 1628 1319 1661 aduersis
1343 1631 1482 1663 bona.'
1531 1629 1685 1664 Carmen
1709 1641 1822 1673 agno-

292 1670 352 1703 uit
375 1671 624 1711 Buechelerus
648 1682 739 1706 mus.
765 1672 881 1705 Rhen.
906 1672 958 1704 XI
983 1673 1047 1705 511
1074 1683 1139 1716 sq„
1164 1674 1227 1707 ubi
1251 1684 1330 1706 cum
1355 1675 1600 1717 septenarium
1625 1676 1822 1709 iambicum

296 1716 354 1748 his
380 1716 448 1748 ita
473 1720 576 1749 sunt
599 1727 668 1749 res
694 1720 875 1750 nostrae
901 1717 1105 1761 adsumptis
1122 1720 1363 1761 proposuerit,
1389 1730 1486 1752 nuno
1502 1719 1694 1763 intellexit,
1720 1723 1821 1763 certa

293 1760 364 1793 fide
390 1761 506 1794 solum
531 1762 714 1794 senarium
739 1762 810 1794 niti
837 1762 980 1804 qualem
1006 1773 1117 1806 supra
1141 1764 1304 1797 exhibui.
1335 1765 1439 1797 Haeo
1465 1775 1605 1808 quoque
1623 1767 1747 1802 nes'oio
1774 1776 1822 1798 an

290 1816 437 1839 soccum
461 1806 578 1849 magis
604 1817 712 1849 quam
739 1807 954 1841 cothurnum
974 1807 1140 1841 deceant.
1257 1809 1353 1843 CLV
1378 1809 1630 1850 Quintilianus
1654 1811 1704 1845 VI
1731 1813 1761 1853 1,
1778 1812 1821 1844 52

292 1853 401 1884 ‘tunc
426 1855 482 1884 est
501 1852 799 1885 commouendum
818 1852 1021 1895 theatrum,
1048 1864 1129 1886 cum
1153 1857 1305 1886 uentum
1329 1858 1384 1887 est
1406 1855 1453 1888 ad
1476 1855 1595 1897 ipsum
1618 1855 1725 1895 illud,
1750 1866 1820 1898 quo

291 1900 438 1929 ueteres
469 1897 689 1939 tragoediae
715 1898 998 1940 comoediaeque
1030 1898 1264 1932 clauduntur:
1291 1899 1527 1943 plaudite.'
1554 1899 1646 1942 (clu
1660 1901 1820 1934 duntur

294 1941 474 1984 plodite
499 1939 583 1974 libri
608 1943 735 1985 optimi
760 1945 908 1986 praeter
931 1944 1074 1978 Monac.
1099 1943 1267 1987 Argent.)

411 2060 490 2098 257
523 2062 616 2099 Post
646 2063 676 2098 si
713 2062 809 2099 forte
848 2064 909 2100 uel
939 2074 1039 2100 unus
1069 2074 1144 2111 pes
1179 2066 1325 2102 excidit
1361 2069 1402 2101 ut
1438 2063 1560 2101 aderat
1589 2067 1653 2102 uel
1681 2066 1755 2103 duo
1783 2066 1820 2102 in

295 2117 423 2154 castris
454 2117 576 2154 aderat
711 2118 791 2156 258
822 2115 1104 2168 Γεοίρίθῦ31,”1ι.
1136 2127 1177 2158 6.·
1199 2121 1348 2158 redibat
1367 2121 1528 2158 Romam
1637 2123 1819 2170 sortisque

295 2176 407 2211 uncis
435 2175 587 2211 inclusa
610 2176 717 2222 apud
735 2176 901 2219 Keilium
1001 2175 1116 2224 adque
1147 2177 1230 2214 cod.
1347 2176 1426 2214 259
1457 2178 1544 2214 mihi
1574 2179 1721 2215 addidi.-
1747 2190 1816 2226 po-

291 2235 413 2267 teram
446 2232 558 2267 etiam
588 2232 633 2267 mi
665 2242 743 2268 mea
772 2231 849 2279 (uel
878 2243 956 2269 mea
985 2231 1046 2280 mi)
1075 2244 1171 2270 nunc
1201 2235 1384 2271 ordinare
1485 2234 1568 2272 260
1595 2235 1817 2282 Ambiyuum

292 2291 350 2323 est
379 2292 506 2324 utram
536 2286 651 2323 fluxae
681 2316 690 2324 .
717 2317 725 2326 .
764 2288 900 2335 bonae,
932 2300 986 2326 sc.
1018 2300 1097 2336 res,
1129 2301 1180 2326 an
1208 2289 1300 2326 fluxa
1330 2319 1339 2328 .
1367 2319 1375 2328 .
1403 2319 1410 2328 .
1441 2289 1554 2338 bona,
1585 2301 1638 2328 sc.
1671 2290 1816 2327 fortuna

287 2347 404 2390 poeta
435 2345 592 2381 dixerit.
