1942 3204
714 242 1066 280 COROLLARIVM
1612 242 1657 279 LI

219 352 292 410 qui
324 352 463 409 diicat·
495 367 593 396 cum
623 355 666 396 te
699 352 857 396 uiderit
888 355 1081 396 socerum
1088 387 1100 409 ‚
1131 353 1360 410 generibus
1392 355 1561 410 tantam

215 439 308 467 esse
339 423 622 481 inpietatem?

126 506 244 559 Quae
274 509 520 565 probarem,
552 507 636 551 nisi
667 508 835 552 Bentlei
877 509 931 552 ad
962 509 1047 553 Cic.
1079 508 1203 552 Tusc.
1235 509 1256 552 I
1288 511 1346 552 44
1384 513 1659 565 praeceptum

124 578 177 622 de
218 594 309 623 non
346 580 564 636 usurpatis
608 580 653 622 in
697 581 920 637 tragoedia
958 581 1211 637 septenariis
1245 575 1446 623 'iambicis
1484 584 1659 623 vetaret.

124 648 394 708 Quamquam
438 652 484 695 in
526 651 606 695 hac
649 655 799 695 nostra
848 652 1126 709 reliquiarum
1169 652 1350 709 penuria
1392 653 1659 695 excusandus

123 722 205 765 erit
241 724 314 780 qui
353 738 503 766 sensus
534 724 691 766 iudicio
723 724 863 780 magis
897 738 1027 780 quam
1052 739 1229 768 normae
1255 727 1371 767 certo
1404 728 1659 780 argumento

123 792 353 838 destitutae
385 795 603 838 severitati
635 810 784 851 parere
817 795 1022 838 animum·
1040 796 1266 839 induxerit.

241 876 372 920 Initio
404 893 551 922 versus
573 879 638 922 ‘81
673 878 825 922 duram
856 880 1005 935 utique
1037 880 1351 935 correptionem
1383 879 1454 922 sed
1475 879 1659 934 anyu'stz‘-

125 951 205 992 tate
241 949 380 997 vitare,
408 956 655 1006 possumus,
699 951 735 994 si
773 951 969 994 voculam
1007 952 1106 1004 scd,
1143 952 1187 994 id
1220 951 1334 1008 quod
1371 951 1477 1006 ipsis
1518 951 1659 993 verbis

123 1020 253 1063 etiam
284 1023 577 1065 commendari
608 1023 793 1078 videtur,
825 1038 913 1065 non
938 1026 988 1065 ut
1018 1023 1293 1079 particulam,
1326 1023 1398 1065 sed
1425 1025 1474 1064 ut
1504 1037 1657 1078 prono-

123 1092 251 1134 minis
284 1094 574 1137 accusativum
605 1087 957 1150 interpre'tamur,
995 1095 1287 1150 septenarium
1319 1097 1464 1136 autern
1496 1095 1658 1136 inserto

122 1178 248 1220 quem
281 1165 548 1208 concinnitas
586 1168 757 1208 tantum
789 1181 878 1209 non
915 1166 1084 1223 flagitat
1124 1167 1312 1210 ablativo
1345 1168 1445 1208 ante
1478 1165 1656 1221 ‘squali-

121 1234 243 1278 dam’
278 1236 338 1278 sic
370 1237 608 1292 explemus:
1091 1247 1095 1251 ’

287 1320 361 1362 sed
393 1321 658 1376 angustitate
690 1321 901 1364 inclusam
933 1321 1043 1378 saxi,
1076 1322 1216 1376 [situ]
1250 1321 1491 1377 squalidam

176 1458 181 1460 .
240 1401 292 1445 V.
319 1403 377 1446 92
403 1419 492 1446 non
522 1403 823 1459 posthabenda
853 1407 946 1448 erat
970 1405 1087 1447 Festi
1120 1404 1332 1459 scriptura
1363 1405 1529 1460 plenior
1566 1404 1658 1447 cedo

118 1474 261 1528 ecquid
290 1477 343 1527 te,
376 1489 461 1531 qua
491 1475 664 1518 initium
697 1477 928 1532 septenarii
957 1477 1039 1519 hoc
1071 1476 1270 1518 efficitur:

287 1545 390 1588 cedo
417 1562 427 1588 ε
453 1547 634 1603 ecquid
665 1548 710 1589 ei
741 1548 985 1591 redhostis?

120 1614 234 1658 Nam
271 1613 429 1672 corripi
466 1617 682 1660 interdum
726 1619 994 1674 pronominis
1038 1619 1171 1674 ecquis
1213 1619 1399 1674 priorem
1444 1618 1655 1674 syllabam

121 1690 189 1729 sat
219 1688 365 1730 multis
397 1688 605 1743 probatur
624 1690 829 1744 exemplis
855 1706 881 1732 a
907 1690 1114 1733 Muellero
1146 1691 1315 1746 prosod.
1335 1689 1474 1731 Plaut.
1494 1705 1534 1744 p.
1554 1690 1652 1740 295.

118 1759 207 1801 424
239 1774 301 1815 sq.
333 1759 521 1802 collectis
528 1793 539 1815 ‚
572 1774 621 1802 ac
652 1760 897 1816 nuperrime
922 1760 1183 1804 Ritschelius
1210 1761 1451 1804 Trinummi
1483 1776 1652 1803 versum

121 1830 208 1873 870
238 1830 353 1873 hunc
385 1830 535 1874 edidit:

177 1914 340 1969 aperite
358 1914 451 1971 hoc,
472 1913 647 1971 aperite.
667 1915 786 1971 heus,
805 1915 951 1972 ecquis
970 1915 1038 1958 his
1059 1915 1223 1958 foribus
1242 1915 1424 1958 tutelam
1444 1915 1585 1972 gerit?

119 1996 229 2039 Item
261 1997 375 2053 apud
406 1998 586 2041 Accium
616 2014 653 2041 v.
685 1999 770 2042 231
810 1999 936 2042 initio
975 1999 1207 2055 septenarii
1245 1999 1410 2054 ‘ecquis
1448 1998 1530 2040 1100
1562 1998 1652 2040 ani-

118 2068 381 2111 maduortet’
415 2070 609 2126 legimus
656 2069 857 2113 Ceterum
887 2071 957 2113 hic
989 2070 1245 2127 quibusdam
1277 2069 1497 2113 Ciceronis
1529 2069 1650 2111 libris

116 2154 206 2182 non
235 2141 386 2196 ecquis,
418 2141 492 2184 sed
521 2143 634 2197 equis
664 2142 866 2198 traditur,
898 2157 1027 2199 quam
1058 2143 1198 2198 ipsam
1230 2142 1414 2184 formam
1447 2155 1515 2182 me
1547 2140 1650 2182 alibi

118 2226 286 2269 quoque
329 2213 375 2255 in
418 2213 628 2269 glossario
672 2213 816 2256 nescio
861 2229 946 2270 quo
988 2214 1228 2270 repperisse
1271 2212 1467 2267 memini3
1518 2215 1561 2254 et
1605 2212 1649 2253 in

117 2282 378 2326 Truculento
423 2283 468 2327 II
505 2285 551 2341 6,
594 2285 621 2327 6
666 2285 808 2340 ‘cquid
856 2299 975 2327 amas
1019 2285 1136 2327 me‘R’
1178 2283 1349 2327 Veteris
1394 2284 1649 2326 auctoritate

116 2355 319 2397 fimatur.
368 2353 559 2405 Quadrat
584 2355 733 2398 eodem
758 2357 943 2411 cquando
968 2357 1108 2399 forma
1132 2356 1178 2398 in
1204 2355 1401 2398 Parisino
1428 2355 1647 2410 glossario.

117 2425 275 2476 Quidni
312 2427 445 2483 igitur
475 2427 714 2483 composita
751 2441 847 2470 cum
885 2427 1070 2484 simplici
1106 2426 1402 2470 interiectione
1433 2441 1471 2478 c,
1509 2426 1647 2482 qualis

116 2497 162 2539 in
193 2498 375 2552 equidem
407 2498 608 2541 adverbio
640 2513 809 2554 semper
846 2501 1015 2542 servata
1045 2501 1128 2554 est,
1165 2498 1277 2553 cquis
1313 2498 1435 2552 cquid
1463 2498 1646 2552 equando

116 2569 162 2610 in
192 2583 272 2611 usu
302 2568 434 2612 fuisse
466 2569 611 2625 ibique
642 2569 687 2613 in
718 2583 844 2613 versu
864 2570 1016 2631 ‘locum
1047 2569 1250 2612 habuisse
1283 2571 1541 2623 statuamus,
1572 2568 1645 2609 ubi

117 2640 256 2683 brevis
288 2641 453 2696 syllaba
482 2641 672 2684 numeris
703 2641 952 2698 flagitatur?
1013 2639 1076 2699 Cf.
1108 2640 1324 2697 symbolas
1356 2654 1472 2681 meas
1505 2654 1544 2693 p.
1575 2639 1645 2680 41.
1663 2666 1674 2674 -

115 2712 186 2755 42.
245 2711 410 2755 Eadem
447 2726 577 2756 causa
613 2715 679 2756 est
715 2713 906 2770 glossae‚-
934 2728 1042 2770 quae
1081 2712 1194 2768 apud
1231 2711 1479 2753 Labbaeum
1517 2712 1645 2764 extat,

117 2784 203 2826 ‘sed
229 2797 377 2839 ecum,
411 2780 577 2834 ἔπιδε,
618 2784 732 2841 quod
768 2785 872 2827 item
904 2784 1089 2827 servavit
1118 2782 1289 2825 Veteris
1327 2780 1544 2835 librariuS‚
1582 2794 1643 2822 80-

116 2854 301 2898 cundum
327 2870 453 2911 quem
477 2855 524 2897 in
548 2853 807 2898 Truculento
834 2855 874 2899 V
899 2856 958 2899 25
990 2855 1084 2898 ‘sed
1109 2867 1219 2896 ecam
1240 2851 1381 2894 video’
1417 2850 1642 2907 legendum

116 2929 192 2968 est.
259 2925 318 2969 Et
360 2926 406 2968 in
448 2925 689 2969 Trinummi
721 2942 757 2969 v.
799 2928 887 2970 622
924 2940 1135 2969 consensu
1180 2925 1390 2966 bonorum
1436 2922 1642 2964 librorum

1307 3004 1358 3039 d*
