1942 3204
821 202 865 243 Q.
892 200 1073 234 Euulvs
1660 197 1715 240 43

865 306 926 349 IX
960 304 1029 363 (3)

830 383 1060 441 Iphigenia

300 460 591 504 Acher6nten1
623 462 773 517 obibo,
804 461 877 504 ubi
909 461 1062 504 m6rtis
1094 461 1284 503 thesauri
1318 461 1528 503 dbiaiceilt.

859 538 899 582 X
932 538 1035 596 (XI)

326 616 475 659 Cicero
496 616 620 660 Tusc.
646 616 754 672 disp.
781 616 800 658 l
833 617 904 673 48,
939 617 1022 660 116
1053 617 1299 674 ‘Iphigenia
1326 616 1482 659 Aulide
1514 617 1628 658 duci
1662 633 1711 658 se

176 695 541 739 immolandam
573 695 710 750 iubet,
747 697 796 737 ut
826 695 1077 738 hostium'
1110 693 1187 752 (sc.
1214 693 1412 751 sanguis)
1445 694 1713 736 ‘eliciatur

283 773 296 791 9

176 788 280 816 suo.
358 771 531 830 (cruor
574 787 652 828 pro
696 788 786 815 suo
830 771 1148 828 Augustanus.)
1200 772 1326 815 Vnde
1371 771 1585 828 Bergkius
1623 773 1649 814 l.
1688 773 1714 813 l.

177 864 393 893 senarium

177 946 265 989 204
297 945 359 989 Vt
388 946 578 988 h6stium
611 946 808 989 eliciatur
839 946 1017 1004 sanguis
1050 946 1261 1003 sunguine

177 1042 337 1098 effecit,
368 1057 495 1098 quem
527 1057 624 1084 cum
656 1043 708 1084 fr.
734 1042 798 1085 IX
830 1042 1038 1099 coniungi
1068 1042 1205 1085 iussit.
1256 1041 1322 1084 Ex
1352 1040 1598 1097 Euripideis
1630 1041 1715 1083 huc

177 1119 398 1175 pertinent
426 1135 464 1162 v.
488 1119 619 1163 1475:
650 1114 780 1173 ἄγετέ
805 1133 858 1174 με
878 1115 964 1160 τάν
986 1115 1124 1160 Ἰλίου
1154 1116 1230 1160 καὶ
1253 1119 1453 1172 Φρυγῶν
1483 1115 1716 1160 ἑλέπτολιν

177 1199 222 1239 et
255 1197 369 1240 1484
401 1212 462 1253 sq.
821 1259 884 1302 XI
917 1257 977 1316 (X
1024 1258 1070 1317 8)

179 1334 265 1377 203
298 1368 307 1376 .
352 1368 360 1376 .
406 1368 414 1376 .
459 1368 468 1377 .
512 1337 623 1391 quae
654 1352 770 1379 nunc
802 1337 880 1379 abs
912 1340 955 1380 te
975 1335 1132 1380 uiduae
1165 1340 1209 1380 et
1229 1339 1378 1380 uastae
1398 1335 1591 1394 uirgines
1613 1339 1716 1379 sunt

743 1431 954 1475 MEDEA
987 1417 1149 1476 EXVL

884 1510 905 1552 1
938 1508 1006 1567 (1)

867 1587 1025 1630 Nutrix

179 1664 268 1707 205
298 1663 478 1706 Vtinam
510 1678 565 1705 ne
596 1664 641 1706 in
674 1679 847 1707 nemore
878 1664 997 1707 Pelio
1030 1665 1250 1708 securibus

298 1740 434 1783 Caesa
466 1741 700 1784 ziccedisset
731 1742 916 1798 {ibiegna
948 1743 1001 1784 ad
1033 1743 1193 1785 terraeim
1225 1743 1388 1798 trabes,

270 1847 323 1880 IX
349 1848 485 1881 Festus
510 1859 543 1891 p.
570 1850 634 1882 201
654 1849 702 1882 Μ.
728 1849 803 1882 ‘ob
830 1849 1103 1892 praepositione
1129 1851 1301 1892 antiquos
1326 1859 1413 1882 usos
1449 1859 1531 1882 esse
1564 1859 1629 1891 pro
1661 1848 1714 1880 ad

179 1893 290 1926 testis
316 1896 373 1926 est
396 1893 538 1926 Ennius
562 1911 606 1916 —-
630 1911 675 1917 —
700 1897 738 1927 et
766 1895 804 1927 in
835 1894 1035 1937 Iphigenia
1057 1920 1064 1928 .
1080 1919 1088 1928 .
1103 1898 1133 1929 .’
1181 1894 1326 1928 Asciuit
1350 1895 1583 1928 Hermannus
1612 1894 1715 1926 Euri-

179 1938 276 1981 pidis
299 1948 335 1971 u.
361 1939 466 1972 13⁷5:
492 1939 714 1974 κατθανεῖν
734 1936 809 1984 μέν
832 1950 897 1983 μοι
922 1937 1106 1973 δέδοκται
1127 1951 1161 1973 κ.
1180 1952 1212 1974 τ.
1233 1941 1264 1974 2.
1359 1940 1411 1973 xl
1437 1939 1587 1972 Seruius
1607 1938 1716 1973 Fuld.

181 1984 220 2016 in
246 1983 337 2017 Aen.
363 1984 381 2017 1
405 1985 448 2017 52
480 1986 635 2018 ‘uasto
667 1996 733 2028 pro
763 1985 931 2018 desolato
963 1989 1113 2019 ueteres
1143 1986 1342 2029 ponebant.
1395 1985 1533 2018 Ennius
1560 1983 1715 2027 lfigenia

188 2054 196 2063 .
216 2053 224 2062 .
244 2032 274 2061 .’
321 2028 378 2062 cf.
403 2029 596 2072 Euripidis
626 2041 660 2063 u.
692 2032 776 2064 1335
802 2040 855 2073 sq.
886 2030 1032 2064 Helena
1058 2032 1260 2065 incusatur.
1345 2030 1399 2064 Ad
1426 2030 1580 2063 eandem
1607 2030 1715 2062 sabu-

181 2074 255 2107 lum
280 2073 405 2108 rettuli
429 2074 498 2107 inc.
527 2086 621 2109 nom.
649 2076 921 2109 xxn—xxw
948 2080 986 2109 et
1010 2076 1079 2112 ine.
1106 2077 1178 2110 inc.
1207 2077 1283 2110 fab.
1310 2077 1372 2109 Xl.
1400 2076 1503 2108 xm.

272 2120 411 2152 Manu
435 2120 540 2153 Exvr,
566 2131 610 2154 ex
635 2121 824 2165 Euripidis
849 2121 980 2155 Medea
1013 2132 1210 2165 expressa:
1242 2122 1374 2155 Cicero
1406 2121 1450 2154 dc
1484 2121 1542 2153 fin.
1570 2120 1587 2153 1
1613 2122 1654 2159 2,
1679 2122 1714 2153 4.

184 2165 198 2198 1
225 2165 330 2199 Rhet.
355 2164 402 2198 ad
428 2165 589 2200 Herenn.
617 2167 653 2201 11
678 2168 739 2209 22,
765 2168 810 2200 34
841 2167 923 2200 ‘hic
955 2167 991 2200 id
1018 2167 1113 2210 quod
1145 2171 1347 2201 extremum
1373 2167 1513 2200 dictum
1538 2170 1598 2199 est
1622 2166 1715 2198 satis

296 2284 377 2324 202
409 2296 506 2323 nunc
531 2291 622 2334 post
651 2286 894 2324 Acherontem
925 2289 1011 2324 olim
1041 2289 1191 2325 inserui
1295 2286 1402 2323 obibo
1433 2287 1573 2324 Aldina
1613 2285 1716 2321 adibo

183 2343 268 2379 cod.
357 2341 523 2380 obiacent
552 2344 691 2380 Aldina
723 2343 885 2380 adiacent
916 2345 1001 2381 eod.
1111 2343 1192 2382 203
1225 2354 1316 2392 quac
1347 2355 1442 2380 nunc
1473 2342 1534 2379 abs
1566 2348 1601 2379 tc
1630 2348 1717 2378 sunt

182 2403 306 2436 uastae
335 2403 373 2435 et
403 2398 533 2436 uiduae
563 2400 725 2450 uirgines
756 2400 951 2448 Berylcius
978 2402 1006 2438 l.
1035 2402 1063 2438 l.
1090 2413 1130 2448 p.
1157 2401 1241 2438 XV
1352 2399 1575 2437 205-213
1609 2399 1716 2436 Discit

182 2456 229 2493 de
257 2455 331 2492 hoc
359 2456 443 2492 loco
476 2455 656 2494 Osannus
684 2459 724 2494 in
754 2456 869 2494 Anat.
900 2459 987 2494 crit.
1016 2469 1057 2505 p.
1093 2457 1185 2495 107.
1243 2458 1309 2494 Ex
1339 2469 1478 2505 mayna
1510 2460 1712 2503 corrupte-

186 2514 314 2549 larum
341 2512 551 2561 sarraqine
581 2513 644 2550 lu‘c
675 2515 774 2562 eleyi
801 2524 902 2562 quae
931 2526 1006 2552 non
1039 2519 1166 2551 essent
1197 2515 1339 2551 nullius
1368 2515 1556 2550 momenti.

184 2567 266 2606 206
298 2567 500 2617 Singulari
534 2579 695 2607 numero
733 2574 964 2618 usurpatam
1002 2569 1121 2607 trabes
1153 2575 1347 2608 testantur
1388 2570 1513 2606 Varro
1544 2574 1580 2605 et
1610 2569 1715 2605 Pris-

184 2627 344 2672 cianus,
381 2626 451 2662 sed
481 2626 648 2674 fuerunt
685 2628 753 2675 qui
783 2638 859 2674 pro
891 2629 1044 2675 plurali
1078 2628 1287 2664 haberent:
1327 2629 1457 2674 itaque
1494 2626 1646 2672 sactum
1672 2629 1716 2660 ut

184 2683 253 2719 alii
287 2691 389 2718 caesa
427 2682 623 2719 accedisset
658 2681 737 2731 (uel
773 2682 999 2731 cecidisset),
1036 2686 1106 2721 alii
1141 2694 1264 2721 caesae
1301 2682 1525 2719 accedissent
1557 2679 1716 2728 (cecidis-

184 2737 280 2784 sent)
311 2739 554 2776 tradiderint.
689 2750 793 2776 caesa
823 2750 843 2777 e
879 2740 993 2787 (cessa
1026 2740 1136 2778 Grut.
1170 2739 1303 2787 Sany.)
1338 2738 1366 2786 s
1396 2749 1476 2774 cesa
1507 2750 1552 2773 a.-
1592 2737 1714 2784 Opilz.

184 2805 306 2831 caesae
335 2806 380 2831 a:
414 2796 612 2844 plerique,-
641 2795 774 2834 bdlcm
893 2796 1089 2834 accedisset
1116 2807 1154 2843 e,
1195 2796 1409 2832 uindicauit
1438 2794 1718 2830 Fleckeisenus

185 2852 285 2887 conl.
308 2862 346 2888 u.
369 2851 449 2889 371
483 2857 519 2889 et
548 2852 683 2889 Plauti
709 2852 811 2890 Rud.
843 2853 868 2891 8
900 2853 1016 2890 Poen.
1049 2853 1180 2890 1138.
1213 2851 1400 2887 accidisset
1427 2850 1456 2898 f
1478 2849 1573 2897 (cesa
1606 2850 1716 2886 sacci-

185 2906 299 2945 disset
335 2906 460 2956 Flor.)
498 2908 721 2947 accedissent
759 2921 802 2946 a.-
850 2910 1039 2950 Wirzeb.,·
1077 2910 1118 2946 b.-
1167 2908 1344 2948 Vindob.;
1381 2907 1427 2943 lc.-
1467 2907 1562 2944 Par.
1602 2918 1649 2943 m.
1692 2906 1710 2942 1
