1942 3204
738 217 1089 254 COROLLARIVM
1586 217 1685 253 xvn

148 341 177 371 a.
210 325 412 371 Patroclo
449 342 597 371 rursus
641 327 776 371 invito
814 326 923 370 Fato
961 326 1098 370 redire
1143 327 1197 369 ad
1243 341 1374 369 naves
1412 329 1687 381 conarentur,

149 413 247 455 cum
283 399 352 442 vel
389 397 552 443 Hector
594 402 765 456 tergum
804 398 1004 441 vertisset
1046 395 1194 455 (Hom.
1231 398 1280 440 Il.
1319 398 1368 439 Π
1407 396 1686 454 362-369).

149 468 299 527 Longe
330 470 386 512 ab
417 470 486 513 his
517 470 685 514 diversa.
717 470 826 513 alius
858 469 1032 526 quidam
1065 470 1264 513 coniecit:

232 555 335 584 nam
366 541 556 584 consiliis
587 541 817 597 obuarant,
849 541 1005 597 quibus
1035 542 1122 584 iam
1154 541 1350 584 c6ncidet
1381 540 1606 583 disc6rdia.

149 611 202 656 In
233 612 388 669 quibus
420 627 558 669 neque
590 613 885 656 choriambum
918 613 1101 656 consiliis
1131 613 1268 669 probo
1301 627 1440 668 neque
1472 614 1686 654 mutatum

150 683 348 735 concedit,
381 683 494 740 quod
525 684 589 728 illi
620 683 795 727 obuarat
825 687 971 740 aperte
1004 685 1250 741 opponitur.

269 754 426 798 Merito
464 755 511 798 in
541 771 580 799 v.
620 756 672 798 18
717 756 946 799 transitiva
982 756 1047 799 vis
1085 756 1205 799 verbi
1242 756 1387 798 uocant
1423 755 1686 811 repudiatur.

149 825 402 869 Rectissime
434 830 587 870 contra
625 827 771 870 efflare
804 828 1030 884 sanguinis
1062 827 1219 870 fluctus
1251 827 1454 870 dicuntur
1486 826 1688 880 animam,

149 911 258 954 quae
283 912 335 940 ex
366 912 439 941 ore
471 899 716 942 moribundi
748 900 905 943 evolet:
938 894 1028 940 ἀπὸ
1060 895 1096 939 δ’
1108 895 1272 941 ’ἔπτατο
1292 895 1452 950 θυμός.
1492 897 1687 947 Quadrat

148 970 293 1012 autem
322 969 470 1023 efflant
499 970 672 1014 finitum
703 971 882 1014 verbum
914 970 968 1013 ad
1000 970 1143 1026 ipsum
1175 968 1402 1025 Sophoclis
1433 967 1522 1026 (Ai.
1552 967 1686 1026 1412)

149 1040 407 1096 exemplum:
437 1036 503 1082 ’ἑτι
523 1038 609 1095 γὰρ
630 1041 803 1095 θερμαί
814 1039 1040 1094 Σύριγγες
1055 1037 1152 1082 ἄνω
1175 1039 1355 1094 φυσῶσι
1375 1039 1520 1093 μέλαν
1539 1034 1686 1093 μένος.

147 1106 268 1167 Ergo
288 1111 546 1155 adiectivum
571 1112 676 1155 finxi
694 1113 930 1168 ecuolam,
962 1112 1106 1168 qualia
1134 1112 1180 1154 in
1207 1111 1386 1167 antiquo
1413 1110 1687 1166 potissimum

149 1196 345 1226 sermone
383 1184 568 1240 plurima
612 1184 663 1227 de
683 1202 685 1206 ¹
706 1184 936 1227 verborum
981 1184 1114 1239 stirpe
1160 1182 1344 1225 deducta
1387 1184 1500 1224 sunt.
1568 1181 1689 1224 Inter

149 1267 259 1309 quae
295 1269 398 1311 prae
436 1255 588 1298 ceteris
626 1256 854 1298 numinum
898 1255 1109 1299 vocabula
1153 1253 1529 1312 commemoranda
1569 1255 1687 1295 sunt:

148 1324 260 1368 Aius
294 1325 559 1371 Averruneus
595 1326 711 1371 Gaba
747 1327 896 1370 Eduea
932 1326 1168 1370 Domiduea
1205 1326 1400 1369 Iter-duca
1442 1324 1554 1379 Iuya
1590 1324 1687 1366 Ima

149 1395 302 1439 Panda
340 1401 384 1440 et
418 1398 646 1453 Empanda
683 1398 786 1442 Peta
829 1398 993 1453 Perfiea
1029 1398 1244 1442 Pertunda
1283 1397 1496 1441 Postuerta
1533 1395 1687 1438 Prema

148 1466 268 1510 Seiae
296 1468 464 1523 Sospita
494 1469 676 1513 Stimula
706 1469 885 1525 Subiyus
925 1471 1025 1514 Viea
1056 1470 1164 1514 Pota
1201 1470 1428 1524 Viriplaea.
1490 1466 1588 1511 Huc
1619 1482 1682 1510 re-

149 1537 326 1582 ferenda
357 1539 542 1593 Salacia,
574 1557 683 1598 quae
715 1541 871 1584 ‘salum
903 1543 1023 1598 ciet’,
1053 1542 1100 1585 in
1130 1540 1307 1584 Pacuvii
1338 1556 1376 1583 v.
1407 1540 1495 1582 418
1529 1554 1609 1596 sq.‚
1641 1542 1686 1582 et

151 1609 205 1652 ab
237 1610 386 1654 eodem
418 1613 548 1655 verbo
582 1613 753 1655 oriundi
778 1614 981 1667 praeciae.
1019 1613 1248 1656 Praeterea
1279 1612 1384 1654 trita
1414 1611 1574 1668 partim
1605 1626 1686 1653 usu

151 1681 362 1737 simplicia
404 1682 578 1726 blandus
620 1697 737 1726 eoeus
778 1685 931 1727 condus
973 1697 1120 1727 currus
1167 1685 1277 1738 fidus
1315 1697 1476 1738 ynarus
1511 1696 1686 1738 promus

149 1752 260 1794 scius
287 1767 433 1808 vagus,
464 1754 704 1810 composita
736 1757 880 1797 autem
911 1755 1103 1798 altivolus
1134 1754 1345 1797 benedicas
1376 1754 1587 1797 benevolus
1624 1754 1682 1795 bi-

148 1823 258 1877 fidus
289 1821 513 1878 (δίχηλος)
544 1825 714 1879 biparus
744 1826 985 1869 carnivorae
1014 1826 1202 1868 comedas
1231 1826 1497 1879 ermnilinyus
1527 1826 1688 1878 des-pica

142 1894 338 1948 prospiea
379 1894 542 1938 det-ades
582 1896 754 1939 incubus
797 1898 976 1951 indagas
1020 1895 1162 1954 (apud
1206 1894 1455 1953 Placidum)
1504 1896 1689 1938 involvas

152 1962 310 2023 (Festi)
341 1966 579 2010 multibibus
603 1967 831 2011 oblitterant
860 1968 1036 2024 (yentem
1061 1967 1235 2024 Laevii)
1258 1981 1479 2023 percrepus
1496 1967 1687 2022 pronuba

153 2037 380 2090 repandum
416 2035 628 2096 (Lucilii),
666 2039 848 2096 denique
888 2040 1003 2097 quod
1047 2039 1179 2082 Accio
1225 2037 1353 2096 (111)
1398 2038 1688 2081 Buechelerus

154 2107 387 2152 vindicavit
416 2109 589 2153 obvalla.
1102 2106 1109 2111 ”

270 2179 324 2223 V.
355 2180 413 2224 26
444 2180 755 2226 Buechelerum
788 2184 944 2226 certior
982 2184 1038 2226 fio
1071 2197 1162 2225 non
1200 2183 1407 2234 incedunt,
1449 2182 1522 2225 sed
1554 2184 1688 2225 ineen-

151 2250 256 2293 dunt
289 2251 378 2308 legi
409 2253 530 2295 velle.
591 2252 674 2297 Sed
713 2255 883 2297 aedium
921 2254 1167 2298 incendium
1205 2254 1322 2297 faces
1355 2253 1582 2297 Furiarum
1624 2255 1687 2296 in-

154 2322 270 2364 sanis
301 2323 458 2366 minari
488 2338 579 2367 non
611 2325 767 2368 solent:
800 2326 917 2381 ipsos
950 2329 1083 2368 urunt
1115 2326 1438 2382 stimulantque.

269 2392 452 2438 Ordines
484 2396 783 2452 anapaesticos
815 2398 861 2439 in
893 2399 1125 2453 systemate
1158 2395 1323 2440 Graeca
1353 2398 1448 2454 lege
1468 2397 1686 2439 Romano-

151 2478 247 2506 rum
285 2479 455 2521 quoque
492 2469 644 2522 poetas
679 2469 869 2526 tragicos
908 2469 1178 2526 colligavisse
1216 2470 1509 2524 exemplorum
1547 2469 1687 2510 multi-

150 2534 300 2578 tudine
338 2540 407 2580 sat
448 2538 781 2582 demonstratur.
849 2538 989 2582 Semel
1034 2540 1164 2582 etiam
1209 2541 1474 2596 synaloepha
1521 2540 1688 2582 vocales

151 2607 388 2650 coalescere
420 2607 578 2652 Accius
610 2611 748 2654 voluit
778 2626 816 2653 v.
848 2610 954 2654 569:

525 2681 607 2725 hac
639 2682 714 2725 libi
746 2697 878 2725 curuo
909 2682 1036 2725 lit6re
1069 2683 1230 2724 latratu

525 2753 642 2796 unda
673 2754 753 2796 sub
785 2753 913 2796 undis
945 2753 1137 2796 labfinda
1167 2753 1293 2796 sonit.

150 2819 331 2864 Hiatum
363 2822 429 2865 bis
460 2823 507 2866 111
526 2823 660 2868 Ε111111
691 2825 886 2869 versibus
919 2825 1194 2880 offendimus,
1226 2824 1297 2879 qui
1331 2839 1367 2865 v.
1397 2823 1455 2866 85
1487 2825 1609 2880 gravi
1642 2825 1686 2867 iu

151 2891 237 2934 fine
280 2894 522 2938 sententiae
569 2896 918 2953 interpunctione
963 2897 1067 2938 satis
1112 2894 1376 2948 defenditur,
1427 2898 1543 2938 curet
1587 2911 1686 2938 vero

223 2978 362 3006 Rmnncx
370 3000 376 3009 .
397 2980 500 3008 Scaea.
522 2982 630 3014 fragm.
1380 2977 1402 3010 l’
