1942 3204
771 204 814 246 Q.
842 200 1019 236 numvs
1608 197 1660 239 19

241 310 447 354 Caerulea
478 309 693 352 incinctae
725 308 859 365 angui
891 306 1114 362 incedunt,
1151 304 1435 348 circumstant
1466 319 1563 348 cum
1595 319 1659 347 ar-

965 384 1167 427 dentibus
1198 383 1349 426 taedis.

762 464 786 489 *
993 463 1015 488 ’lt

877 493 901 519 'l‘

298 542 492 585 Intendit
522 541 702 584 crinitus
733 539 894 597 Apollo

150 620 208 663 30
298 619 461 662 Arcum
492 621 710 675 auratum,
742 628 846 662 luna
877 616 1075 674 innixus,

298 697 441 740 Diana
472 698 612 740 facem
642 696 746 740 iacit
777 697 802 739 a
834 696 972 739 laeua.

817 773 882 818 IV
901 772 970 831 (5)
1027 823 1030 826 Α

242 853 324 896 Sed
346 853 451 896 mihi
472 868 526 896 ne
546 853 743 909 utiquam
763 853 837 895 cor
856 851 1075 895 consentit
1088 865 1186 893 cum
1200 851 1424 894 oculorum
1438 851 1662 906 aspectu..

706 970 1079 1015 ALEXANDER

832 1049 854 1092 Ι
887 1047 954 1108 (3)

243 1128 409 1171 Volans
441 1128 493 1171 de
525 1128 644 1171 caelo
676 1130 774 1170 cum
805 1142 966 1170 corona
997 1130 1042 1170 et
1072 1127 1228 1170 taeniis

820 1204 865 1247 II
897 1203 966 1263 (4)

242 1283 336 1326 Iam
367 1284 528 1327 dudum
561 1283 615 1326 ab
646 1283 759 1326 ludis
791 1283 961 1326 animus
994 1285 1124 1339 atque
1157 1282 1282 1325 aures
1314 1284 1447 1324 auent

153 1361 211 1404 35
242 1361 382 1404 Auide
414 1363 690 1419 expectantes
721 1361 936 1404 mintium.

126 1491 184 1537 [27
202 1491 274 1537 sq.]
301 1503 387 1526 num
411 1493 576 1535 dubitas,
603 1493 693 1536 quin
717 1493 788 1526 sibi
813 1492 906 1526 haec
923 1491 1050 1525 uidere
1074 1490 1271 1524 uideatur?
1303 1491 1464 1534 itemque
1490 1494 1666 1524 cetera:

124 1538 353 1572 intendit’
380 1550 412 1572 e.
437 1550 470 1582 q.
495 1549 524 1575 s.
553 1536 721 1583 [29-31]
749 1539 835 1582 ‘qui
858 1538 978 1582 magis
1002 1537 1096 1571 haec
1119 1536 1304 1579 crederet,
1331 1537 1362 1570 si
1386 1540 1532 1578 essent,
1558 1547 1668 1579 quam

126 1584 321 1627 credebat,
355 1585 441 1628 quia
471 1583 720 1618 uidebantur?
762 1587 920 1627 apparet
944 1583 1042 1617 enim
1065 1583 1139 1617 ism
1164 1593 1238 1616 cor
1263 1593 1356 1616 cum
1387 1583 1540 1616 oculis
1564 1593 1668 1615 con·

125 1631 326 1663 sentire.’
367 1631 573 1663 Incitato
599 1629 752 1663 furore
778 1629 945 1663 codicum
970 1629 1191 1672 scripturam
1215 1628 1421 1662 uindicauit
1445 1628 1669 1661 Wesenber-

126 1675 209 1718 gius
225 1676 369 1708 obseru.
386 1676 485 1709 eritt.
502 1675 540 1708 in
558 1674 635 1710 Cic.
652 1686 718 1719 pro
736 1675 860 1709 Sestio
877 1685 930 1708 or.
947 1686 982 1718 p.
999 1676 1054 1716 51,
1081 1678 1183 1707 recte
1201 1674 1470 1718 interpretans:
1498 1676 1596 1707 ‘cnm
1614 1674 1669 1706 fu-

126 1732 186 1754 ror
209 1721 290 1754 eius
316 1721 423 1754 initio
446 1721 634 1754 remissior
650 1720 843 1764 paullatim
868 1720 1062 1754 incitatior
1079 1723 1117 1754 et
1134 1719 1386 1753 uehementior
1402 1720 1526 1753 factus
1541 1721 1668 1753 esset)

125 1767 355 1800 incitatus
384 1766 409 1800 f.
424 1767 601 1800 Dauisius
620 1766 842 1800 coniecerat.
878 1765 1009 1799 Cicero
1027 1776 1092 1809 pro
1111 1765 1217 1798 Rosc.
1238 1766 1316 1801 Am.
1332 1766 1389 1807 24,
1407 1766 1451 1799 67
1477 1764 1671 1809 ‘quemad-

125 1811 270 1846 modum
295 1812 332 1845 in
358 1811 494 1846 fabulis
524 1822 791 1856 saepenumero
815 1810 955 1845 uidetis
980 1822 1062 1853 eos,
1089 1812 1151 1854 qui
1177 1811 1317 1854 aliquid
1342 1811 1444 1854 inpie
1470 1811 1669 1844 scelerate-

126 1868 196 1901 que
219 1857 482 1899 commiserint,
507 1858 644 1901 agitari
669 1860 708 1891 et
733 1857 935 1901 perterreri
959 1857 1155 1890 Furiarum
1180 1855 1335 1890 taedis
1360 1855 1669 1890 ardentibus)

131 1903 180 1937 cf.
204 1903 297 1936 idem
315 1904 352 1936 in
370 1902 493 1940 Pison.
511 1904 567 1944 20,
584 1904 642 1936 46.
713 1902 764 1935 IV
789 1901 920 1936 Cicero
936 1902 1049 1937 Acad.
1068 1913 1120 1945 pr.
1138 1902 1174 1936 11
1195 1903 1249 1945 17,
1267 1903 1312 1935 52
1337 1901 1449 1945 ‘quod
1469 1902 1567 1935 idem
1586 1912 1669 1934 con-

126 1949 241 1992 tingit
257 1949 412 1991 insanis,
438 1952 479 1982 ut
496 1951 534 1982 et
550 1948 833 1992 incipientes
850 1948 1001 1982 furere
1021 1949 1186 1982 sentiant
1202 1951 1240 1981 et
1257 1947 1382 1980 dicant
1402 1947 1553 1991 aliquid,
1572 1946 1670 1991 quod

126 2005 200 2027 non
224 1994 290 2034 sit,
314 1994 353 2027 id
370 1993 489 2028 uideri
512 1994 603 2035 sibi3
631 1999 668 2028 et
695 2005 788 2028 cum
813 1994 1099 2036 relaxentur,
1126 1994 1287 2027 sentiant
1311 1996 1422 2037 atque
1448 1993 1517 2027 illa
1543 1993 1671 2026 dicant

126 2040 386 2074 Alcmeonis
413 2038 521 2084 [32].’
556 2038 833 2082 (alcmeonis
856 2039 962 2075 Leid.
981 2040 1043 2073 AB
1070 2039 1350 2073 alcmaeonis
1375 2038 1489 2082 uulg.)
1530 2039 1670 2079 Ibidem

127 2086 163 2119 11
187 2087 244 2128 27,
270 2086 316 2119 88
341 2086 506 2119 ‘Ennius
531 2095 605 2118 non
630 2095 669 2119 se
695 2085 834 2119 uidisse
860 2086 1079 2126 Homerum,
1104 2085 1169 2118 sed
1193 2085 1312 2118 uisum
1338 2093 1435 2118 esse:
1467 2084 1670 2117 Alcmeo’

127 2130 195 2174 (sic
221 2130 326 2165 Leid.
352 2130 395 2172 A,
419 2130 584 2164 altmeo
609 2130 685 2164 Erl.
711 2130 889 2164 altineo
909 2131 1001 2167 Gud,
1028 2131 1232 2164 alcmaeo
1256 2129 1371 2173 uulg.)
1399 2133 1565 2164 ‘autemt
1592 2131 1671 2163 sed

163 2201 172 2212 .
192 2201 201 2210 .
231 2176 495 2211 consentit.’
544 2176 592 2211 cf.
619 2176 686 2210 111.
727 2177 866 2210 Festus
898 2188 932 2220 p.
961 2177 1026 2211 165
1050 2177 1099 2210 M.
1139 2177 1427 2220 ‘neutiquam
1459 2175 1537 2220 [pro
1570 2175 1671 2209 nullo

128 2221 235 2256 modo
265 2221 340 2255 dici
370 2223 478 2262 testis
503 2225 562 2255 est
584 2247 593 2256 .
614 2247 622 2254 .
643 2220 674 2267 ι]
703 2233 784 2256 cum
809 2222 880 2256 ait=
913 2222 991 2256 sed
1015 2246 1505 2256 ......................
1528 2221 1670 2254 lorum

130 2277 179 2301 as
220 2269 319 2304 eet?

187 2278 453 2347 pAnsxAunsn
478 2313 496 2346 1
520 2314 656 2348 Festus
681 2325 715 2358 p.
733 2314 801 2347 360
825 2314 874 2347 M.
899 2314 1108 2347 ‘taenias
1134 2313 1314 2347 Graecam
1330 2323 1459 2346 uocem
1477 2313 1531 2346 sic
1557 2314 1671 2346 inter-

131 2362 300 2403 pretatur
323 2359 494 2400 Verrius,
526 2362 567 2392 ut
590 2359 690 2393 dicat
713 2363 970 2393 ornamentum
994 2369 1077 2392 esse
1102 2358 1248 2392 laneum
1273 2359 1407 2402 capitis
1433 2359 1604 2392 honorati
1628 2377 1672 2382 —-

130 2423 172 2428 —
204 2405 346 2438 Ennius
375 2405 414 2437 in
443 2405 653 2439 Alexandro
675 2430 684 2439 .
705 2430 714 2438 .
734 2408 764 2438 .’
861 2405 899 2438 11
925 2406 1040 2438 Varro
1073 2404 1118 2437 de
1143 2404 1166 2438 l.
1203 2405 1244 2438 L.
1269 2405 1319 2438 VI
1345 2404 1469 2442 83,Μ.
1505 2406 1670 2438 ‘auris’

246 2525 300 2564 28
330 2524 492 2563 caerulea
534 2525 688 2563 Vindob.
719 2524 904 2563 caeruleae
936 2528 1059 2563 ceteri
1085 2526 1176 2562 libri
1204 2524 1371 2562 caeruleo
1405 2524 1587 2563 Columna

132 2583 243 2631 angui
264 2582 447 2620 Columna
478 2583 555 2631 igni
583 2583 676 2620 libri
771 2582 827 2620 30
855 2582 939 2620 luna
968 2583 1114 2619 innixus
1143 2587 1296 2619 mutare
1326 2593 1402 2619 non
1424 2593 1546 2620 ausus
1575 2594 1669 2629 sum,

133 2651 364 2688 quamquam
394 2650 470 2677 non
501 2641 597 2676 satis
624 2640 814 2688 inteneyo.
921 2638 973 2676 31
1008 2638 1101 2676 faces
1133 2649 1235 2676 unus
1268 2638 1393 2676 Oxou.
1502 2639 1554 2676 32
1587 2630 1671 2677 ecci-

134 2702 196 2734 tus
215 2707 356 2734 uersus
372 2695 451 2744 fuit
476 2696 652 2745 fortasse
671 2701 821 2745 aspectu
843 2697 934 2733 truci
956 2701 997 2733 ul
1018 2696 1170 2733 Pacuu.
1193 2696 1230 2732 3.
1293 2695 1370 2732 Sed
1398 2707 1498 2732 nouo
1530 2702 1672 2734 conatu

135 2753 330 2802 Bequius
343 2753 497 2815 philol.
529 2752 671 2790 XXIX
700 2752 782 2791 326
818 2753 953 2801 frusta
993 2765 1029 2790 u.
1063 2751 1116 2790 32
1157 2757 1192 2789 et
1231 2751 1283 2788 25
1316 2762 1373 2799 sq.
1413 2755 1468 2789 sic
1500 2756 1671 2801 conflata

132 2812 356 2858 proposuit.-
394 2811 476 2848 nam
509 2809 594 2846 mihi
630 2821 675 2847 ne
714 2811 875 2859 utiquam
909 2839 918 2847 .
952 2839 960 2846 .
996 2839 1004 2846 .
1039 2837 1048 2846 .
1081 2815 1250 2857 aspectu:
1292 2807 1385 2844 unde
1418 2809 1502 2845 haec
1534 2810 1672 2847 namma

137 2863 142 2918 1
174 2861 333 2904 Uritur?
363 2867 399 2904 in
430 2867 544 2914 taeda,
575 2867 611 2903 in
642 2866 743 2904 taeda
765 2859 912 2914 adsunt}
944 2867 1087 2910 adsunt,
1122 2871 1251 2901 memet
1274 2869 1470 2914 expetunt,
1501 2879 1603 2915 quae
1624 2881 1673 2906 ne

136 2925 312 2973 intelleyo
344 2925 506 2972 quidem.

1340 2982 1443 3030 »μ’
