1942 3204
279 216 358 259 182
914 220 954 251 L.
982 218 1156 252 ATTIVS

395 323 531 364 Tuam
565 324 779 365 sclitatcm
811 325 1072 378 memorans,
1103 323 1340 365 formidans
1371 323 1480 365 tibi?
1514 348 1567 352 —

276 399 363 442 355
395 399 454 441 Te
487 400 826 443 conmiserabam
858 400 995 456 magis
1029 415 1157 455 quam
1189 400 1420 442 miserebar
1450 401 1546 442 mei.

740 495 848 537 XIII
880 494 980 551 (inc.
1014 497 1123 536 auct.
1158 495 1224 536 70.
1259 493 1332 551 71)

200 575 213 587 ‘
276 576 359 619 357
395 611 403 619 .
437 611 444 619 .
478 611 485 619 .
522 612 528 620 .
563 577 639 634 qus
667 593 758 620 rem
789 579 1005 634 publicam
1038 578 1180 620 {mimo
1215 580 1329 620 certo
1363 578 1609 634 adiuuerit,

276 707 437 749 luerunt,
473 711 514 740 ut
547 710 595 741 sit
626 709 840 742 miserari
869 709 955 740 flere
992 711 1029 741 et
1061 708 1275 749 lamentari,
1311 709 1537 741 misereri’
1576 707 1806 750 (miserari
1861 732 1864 733 ν

276 753 402 793 Leid.)
429 754 726 787 ‘miserationem
751 755 884 787 alienis
910 754 1058 786 casibus
1077 753 1268 794 exhibere3
1295 757 1332 786 et
1356 754 1481 786 actiuo
1500 754 1546 787 ad
1571 755 1723 797 primum
1748 755 1806 788 af-

280 798 429 839 fectum,
458 799 607 841 passiuo
633 799 679 831 ad
703 799 911 832 secundum.
948 799 1083 831 Accius
1100 799 1330 840 Eurysacae:
1360 796 1452 841 [351.
1470 797 1551 843 352]
1580 799 1681 833 Alia
1704 811 1807 843 per-

279 853 406 876 sona:
436 842 660 887 [353—355].
701 845 750 877 Et
773 845 898 878 multis
923 843 1034 877 talia’
1061 843 1188 886 (‘mei’
1214 844 1333 885 Leid.)
1360 847 1421 877 ‘et
1445 844 1645 887 aliquando
1669 850 1807 879 uexata

280 889 506 931 generibus-⁹
539 889 640 930 Quae
668 891 830 923 correxit
855 893 891 922 et
916 889 1120 932 explicauit
1144 890 1187 922 L.
1214 889 1368 922 Mueller
1393 889 1532 925 annall.
1557 890 1699 933 philon.
1719 892 1806 924 1868

276 945 311 976 p.
344 935 411 967 429
442 935 654 967 scribendo:
695 938 756 967 ‘et
786 935 892 968 multi
923 934 1035 977 talia,
1075 938 1131 968 set
1167 934 1363 977 aliquando
1400 935 1546 968 uariata.
1583 936 1806 978 generibus’

277 989 324 1011 se.
350 980 552 1012 uerborum.
591 980 732 1013 Nonius
760 982 842 1021 173,
867 981 910 1012 26
937 980 1146 1013 ‘solitate
1173 991 1238 1022 pro
1265 979 1475 1012 solitudine.
1524 980 1659 1014 Accius
1690 982 1808 1024 Eury-

277 1035 363 1058 sace
392 1022 520 1068 [354].’
615 1026 727 1058 ·X111
753 1025 882 1058 Cicero
913 1035 978 1068 pro
1004 1024 1126 1057 Sestio
1152 1026 1213 1067 56,
1241 1026 1305 1058 120
1337 1026 1440 1067 ‘quid
1470 1025 1542 1058 fuit
1567 1025 1677 1066 illud,
1710 1027 1806 1069 quod

278 1070 421 1102 recenti
446 1071 585 1103 nuntio>
600 1070 645 1103 de
670 1070 734 1103 illo
760 1074 913 1103 senatus
939 1070 1118 1112 consulto,
1145 1070 1242 1111 quod
1266 1070 1405 1103 factum
1431 1074 1489 1103 est
1513 1071 1551 1103 in
1569 1071 1706 1115 templo
1723 1073 1806 1105 Vir-

275 1116 383 1155 tutis,
418 1115 465 1147 ad
496 1115 603 1149 ludos
634 1126 876 1158 scaenamque
910 1116 1052 1159 perlato
1078 1125 1255 1149 consessu
1286 1126 1454 1148 maxumo
1487 1127 1645 1150 summus
1670 1117 1806 1150 artifex

276 1163 314 1193 et
337 1160 544 1193 mehercule
572 1171 717 1203 semper
741 1162 902 1204 partium
931 1161 968 1193 in
1000 1171 1038 1193 re
1071 1160 1219 1203 publica
1250 1163 1326 1193 tam
1359 1171 1466 1204 quam
1491 1162 1529 1193 in
1554 1172 1690 1195 scaena
1715 1164 1806 1206 opti-

275 1216 412 1238 marum
444 1206 534 1239 flens
567 1209 604 1238 et
635 1206 775 1239 recenti
807 1207 952 1239 laetitia
985 1209 1022 1239 et
1053 1207 1167 1239 mixto
1198 1206 1320 1239 dolore
1351 1217 1394 1239 ac
1418 1206 1601 1240 desiderio
1632 1208 1703 1240 mei
1730 1209 1807 1251 egit

277 1251 374 1293 apud
400 1251 570 1293 populum
595 1252 796 1284 Romanum
821 1251 935 1285 multo
961 1251 1197 1294 grauioribus
1221 1251 1344 1285 uerbis
1369 1262 1485 1284 meam
1510 1262 1677 1294 causam,
1704 1263 1806 1296 quam

280 1299 425 1339 egomet
451 1297 494 1329 de
520 1308 575 1329 me
601 1307 713 1339 agere
739 1298 965 1340 potuissem?
1003 1296 1140 1329 Summi
1165 1298 1262 1330 enim
1288 1300 1420 1339 poetae
1438 1295 1626 1340 ingenium
1652 1309 1724 1331 non
1749 1309 1807 1332 so-

274 1341 346 1373 lum
372 1344 450 1373 arte
477 1352 559 1381 sua,
585 1342 649 1375 sed
676 1342 784 1375 etiam
809 1342 932 1375 dolore
958 1341 1196 1384 exprimebat.
1244 1342 1326 1382 Qua
1352 1343 1446 1374 enim
1470 1343 1529 1374 ui’
1562 1342 1657 1384 (‘ui’
1683 1344 1805 1386 suppl.

275 1386 455 1429 Koechly)
481 1385 589 1429 ‘[357.
608 1385 689 1431 358]
717 1388 909 1420 uobiscum
925 1397 982 1419 me
1007 1387 1154 1420 stetisse
1173 1387 1339 1427 dicebat,
1365 1390 1510 1420 uestros
1535 1388 1680 1421 ordines
1705 1399 1808 1421 mon·

276 1433 434 1465 strabat:
461 1433 704 1465 reuocabatur
727 1433 773 1466 ab
799 1432 993 1465 uniuersis.
1023 1429 1116 1476 [359.
1142 1430 1223 1474 360]
1265 1433 1370 1466 Haec
1395 1433 1544 1476 quantis
1569 1434 1614 1467 ab
1639 1434 1704 1467 illo
1729 1435 1807 1467 cla·

275 1477 434 1509 moribus
452 1477 675 1519 agebantur!
703 1488 783 1512 cum
807 1479 881 1510 iam
898 1478 1032 1510 omisso
1050 1480 1158 1520 gestu
1174 1478 1295 1510 uerbis
1322 1481 1454 1520 poetae
1481 1481 1517 1511 et
1534 1478 1656 1512 studio
1674 1480 1807 1512 actoris
1870 1504 1880 1519 f,

278 1527 314 1555 et
340 1523 594 1564 expectationi
625 1526 773 1556 nostrae
806 1523 1059 1566 plauderetur:
1105 1521 1312 1555 summum
1347 1523 1554 1564 amicum,
1596 1523 1807 1557 summum

276 1569 319 1600 in
346 1567 463 1600 bello
490 1567 587 1609 (nam
613 1568 703 1600 illud
728 1569 809 1611 ipse
835 1572 938 1601 actor
963 1568 1191 1610 adiungebat
1217 1569 1332 1601 amico
1359 1568 1479 1601 animo
1504 1572 1541 1602 et
1560 1569 1717 1602 fortasse
1742 1570 1807 1603 ho·

278 1613 392 1645 mines
411 1618 559 1655 propter
577 1613 725 1655 aliquod
743 1613 963 1646 desiderium
984 1613 1256 1656 approbabant)
1283 1612 1447 1646 summo
1472 1613 1657 1656 ingenio
1675 1626 1696 1658 p
1707 1614 1780 1648 rae
1794 1634 1807 1644 .-

278 1659 426 1690 ditum.
476 1659 555 1690 Iam
580 1658 659 1696 illa,
693 1662 830 1701 quanto
857 1670 937 1691 cum
963 1659 1102 1702 gemitu
1128 1658 1254 1701 populi
1279 1658 1434 1691 Romani
1467 1659 1512 1691 ab
1547 1659 1671 1693 eodem
1695 1660 1805 1703 paulo

276 1706 358 1746 post
381 1704 419 1735 in
444 1703 572 1735 eadem
591 1703 734 1737 fabula'
761 1703 871 1747 (haec
897 1706 956 1736 ‘in
974 1704 1101 1746 eadem
1120 1704 1210 1737 fab.’
1237 1704 1320 1736 incl.
1338 1703 1491 1746 Bakius)
1519 1707 1620 1738 ‘sunt
1645 1706 1748 1738 acta!
1776 1708 1806 1740 Ο

278 1751 437 1791 paterlg
467 1750 538 1790 Me,
564 1760 618 1781 me
643 1749 706 1782 ille
725 1750 916 1783 absentem
932 1752 972 1782 ut
996 1752 1134 1792 patrem
1152 1748 1413 1791 deplorandum
1438 1753 1610 1792 putarat’
1637 1749 1708 1791 (sic
1726 1751 1808 1785 Par.

277 1794 418 1827 Gembl.
446 1794 634 1836 ‘putabat’
659 1794 811 1836 Bernn.)
843 1820 850 1827 .
872 1820 879 1827 .
901 1821 906 1827 .
938 1798 1098 1837 ‘quanto
1123 1805 1205 1826 cum
1231 1795 1317 1826 fletu
1343 1794 1386 1826 de
1416 1794 1491 1827 illis
1516 1796 1655 1828 nostris
1680 1796 1808 1829 incen-

276 1839 346 1872 diis
371 1850 416 1872 ac
441 1839 574 1881 ruinis,
609 1850 689 1872 cum
715 1843 887 1882 patrem
920 1840 1109 1883 pulsum,
1142 1840 1337 1882 patriam
1370 1839 1606 1872 afflictam
1638 1841 1805 1883 deplora·
1850 1838 1853 1840 ’

278 1888 351 1925 ret,
384 1884 550 1917 domum
581 1885 810 1918 incensam
844 1896 1063 1925 euersam,
1097 1887 1212 1927 quae’
1247 1883 1369 1927 (‘que’
1395 1884 1497 1924 libri,
1532 1896 1622 1918 corr.
1650 1884 1805 1929 Bakius)

278 1930 354 1962 ‘sic
386 1930 478 1972 egit,
511 1933 552 1962 ut
585 1930 835 1964 demonstrata
866 1931 1023 1974 pristina
1054 1930 1202 1962 fortuna
1233 1940 1314 1962 cum
1345 1940 1385 1962 se
1418 1931 1664 1963 conuortisset
1690 1929 1804 1975 [362],

277 1976 402 2007 fletum
434 1976 544 2008 etiam
575 1975 735 2008 inimicis
767 1979 878 2019 atque
908 1975 1045 2008 inuidis
1078 1975 1271 2008 excitaret.
1319 1975 1402 2007 Pro
1439 1975 1483 2007 di
1518 1976 1806 2009 inmortales!

278 2020 389 2062 quid?
421 2020 486 2052 illa.
516 2021 815 2061 quemadmodum
842 2021 937 2054 dixit
965 2021 1079 2053 idem!
1112 2030 1205 2062 quae
1238 2019 1324 2052 mihi
1350 2020 1495 2062 quidem
1519 2020 1574 2053 ita
1599 2024 1636 2054 et
1661 2025 1746 2054 acta.
1771 2026 1807 2055 et

280 2065 417 2107 scripta.
441 2065 616 2097 uidentur
642 2076 735 2107 esse,
759 2070 800 2098 ut
825 2067 885 2098 uel
910 2077 931 2097 a
957 2068 1000 2107 Q.
1020 2065 1164 2106 Catulo,
1190 2065 1222 2098 si
1246 2065 1455 2106 refixisset,
1481 2066 1672 2107 praeclare
1699 2077 1807 2110 posse

279 2111 353 2142 dici
378 2110 609 2142 uiderentur:
635 2111 667 2143 is
693 2112 789 2144 enim
813 2111 927 2145 libere
943 2110 1210 2154 reprehendere
1230 2114 1268 2143 et
1285 2120 1462 2143 accusare
1481 2111 1607 2153 populi
1630 2122 1807 2144 nonnum-

280 2232 363 2267 uult
395 2230 437 2265 L.
460 2230 627 2267 Mueller
656 2231 702 2266 de
733 2241 776 2267 re
796 2242 842 2266 m.
866 2229 947 2266 443
1057 2229 1137 2266 353
1170 2229 1255 2278 quid
1285 2229 1447 2266 miserari
1477 2230 1511 2266 id
1542 2241 1598 2266 me
1620 2229 1807 2279 Erysacenn

279 2288 379 2324 libri.
413 2287 588 2333 Empleui
617 2298 769 2323 uersum
795 2291 837 2323 ul
864 2289 981 2333 potui,
1015 2289 1081 2334 qui
1110 2288 1194 2323 olim
1221 2288 1340 2334 paulo
1371 2288 1561 2324 audacius
1589 2288 1692 2324 hanc
1722 2299 1807 2325 sen-

281 2346 435 2381 tentium
467 2343 553 2391 quid
585 2343 619 2380 [ὁ
650 2344 830 2380 miseraris
861 2342 916 2379 me
937 2348 1110 2380 consorte
1141 2341 1217 2392 (uel
1240 2342 1369 2391 sodali)
1400 2343 1454 2380 his
1484 2343 1520 2380 in
1550 2344 1652 2380 malis
1681 2346 1806 2403 finxe-

280 2413 378 2437 ram.
412 2399 498 2447 quid
530 2400 708 2436 miseriam
736 2400 784 2453 ad
815 2412 889 2446 me,
923 2399 1122 2448 Eurysaccs
1161 2400 1314 2437 Vossius
1344 2399 1429 2448 quid
1460 2401 1722 2437 commiseraris
1752 2413 1808 2438 mc

280 2467 398 2504 neque
428 2456 628 2504 Eurysacac
661 2457 874 2495 Schoellius
906 2456 990 2504 quid
1021 2457 1203 2492 miseraris
1234 2456 1312 2492 me?
1351 2455 1546 2505 Eurysace!
1580 2457 1808 2495 Gerlccclzius

281 2513 366 2562 quid
397 2513 573 2549 miseraris
604 2513 655 2549 sic
685 2515 776 2560 mei,
806 2509 1010 2563 Eurffsace?
1043 2513 1287 2560 Grotemeyer
1315 2514 1340 2550 l.
1360 2515 1384 2549 l.
1405 2525 1443 2560 p.
1467 2513 1517 2550 31
1609 2512 1690 2550 354
1722 2513 1808 2550 soli-

283 2575 411 2614 tatem,
444 2581 646 2616 suprascr.
678 2570 740 2618 da,
773 2571 823 2607 W
834 2582 874 2617 p.
900 2569 977 2606 173
1065 2580 1240 2606 memoras
1271 2569 1441 2606 formidas
1471 2570 1562 2606 libri
1585 2581 1626 2616 p.
1649 2569 1730 2606 445

281 2626 372 2671 Quid
405 2632 499 2663 tuam
536 2627 700 2663 miseram
732 2626 911 2664 solitatem
947 2626 1148 2662 memoras?
1188 2625 1357 2662 formidas
1387 2625 1477 2662 tibi?
1519 2645 1568 2652 —
1608 2625 1806 2674 Eurysaoes

286 2683 445 2720 Bollzius
481 2682 567 2730 quid
604 2684 774 2719 miserans
812 2688 910 2719 tuam
947 2682 1127 2719 solitatem
1165 2693 1360 2728 memet-zm,
1401 2682 1598 2719 formidans
1637 2681 1723 2718 libi?
1759 2685 1802 2720 L.

282 2740 448 2776 Mueller
467 2741 491 2776 l.
514 2741 554 2785 l.,
587 2740 721 2776 deinde
752 2751 890 2776 nouum
917 2740 1092 2787 frustum
1122 2740 1237 2776 Nonii
1264 2739 1392 2775 uerbis
1420 2738 1513 2775 idem
1544 2737 1721 2786 Eurysace
1751 2742 1807 2776 in-

283 2798 411 2833 dicari
439 2799 612 2832 statuens
728 2795 808 2834 355
840 2795 1114 2833 commiserabar
1142 2797 1256 2844 uulyo
1358 2806 1461 2844 mage
1492 2794 1655 2831 Botkius
1745 2797 1808 2832 mi-

283 2852 427 2888 serebar
457 2853 595 2890 Iunius
626 2853 818 2889 miserabar
846 2854 938 2890 libri
1030 2863 1128 2888 meae
1159 2853 1322 2889 Bollu‘us
1445 2851 1524 2889 357
1557 2856 1656 2888 certo
1687 2853 1806 2889 animo

284 2910 390 2955 libri,
423 2920 522 2957 qucw
554 2912 787 2957 transposui.
1661 2906 1668 2907 7
