1942 3204
242 159 376 194 Lxxu
828 135 1177 197 coRoLLARIVM

241 269 464 321 daverunt3
510 266 717 321 quaedam
762 281 844 320 quo
889 279 939 306 ex
988 265 1105 307 fonte
1149 265 1385 320 prodierint
1433 267 1641 310 incertum
1685 270 1759 310 est.

240 339 464 381 Pertinent
495 339 636 379 autem
669 336 722 378 ad
753 337 834 378 hoc
867 351 1001 392 genus
1034 351 1066 379 e
1099 351 1131 379 c.
1163 336 1316 380 haecz*

295 408 516 463 abigeus
538 403 757 460 ἆπελάτης
778 406 816 447 L
837 406 1012 462 abigeus
1039 405 1148 447 latro
1169 405 1309 448 HPS
1325 407 1434 449 V=
1457 408 1626 451 Ennius
1646 409 1761 450 300*

296 476 487 531 applar
518 475 557 517 L
588 495 641 509 =
675 474 887 516 Pacuvius
916 475 996 516 inc.
1027 474 1112 516 fab.
1144 473 1265 516 LXII

298 543 660 600 aspernabilis
693 540 1037 597 ἐκφαυλισταϊος
1068 542 1107 584 L
1137 564 1191 577 =
1221 543 1374 585 Accius
1403 543 1485 587 555
1551 553 1554 554 ’

297 614 558 656 concento
591 610 833 666 συνεπᾴδώ
861 610 899 653 L
930 632 984 645 =
1010 610 1227 654 Pacuuius
1261 611 1346 653 73*

298 682 441 724 euito
476 679 659 735 ἐναρίζω
692 679 730 722 L
761 679 921 721 euitare
955 713 962 721 .
987 712 995 720 .
1020 713 1028 721 .
1062 679 1294 722 obtundere
1333 679 1387 722 H
1409 702 1463 716 =
1493 681 1664 724 Ennius
1693 681 1761 736 87,

353 749 506 791 Accius
539 748 634 790 348.

295 817 589 874 grandinat
620 818 912 870 χαλαζοκοπεῖ
940 816 978 857 L
1008 837 1062 850 =
1095 815 1308 859 Pacuvius
1332 821 1466 871 praet.
1498 818 1536 859 4.

241 887 310 928 Ad
348 888 504 927 certam
542 886 839 926 auctoritatem
880 884 1077 939 propriae
1113 885 1288 940 tragicis
1326 886 1394 927 vel
1433 888 1545 927 certe
1594 885 1661 927 his
1702 886 1764 927 in-

241 955 391 1010 primis
408 953 585 1007 antiquo
602 953 848 994 testimonio
872 953 1057 994 tributae
1075 967 1199 995 voces
1214 953 1344 995 haece
1358 954 1549 996 revocari
1564 955 1762 1013 possunt:

298 1023 419 1065 abiu
430 1023 519 1077 gat
549 1018 739 1062 ἀπολύει
770 1021 808 1062 L
839 1042 893 1055 =
927 1021 1139 1063 Pacuvius
1169 1021 1281 1076 apud
1310 1021 1502 1063 Nonium

298 1090 612 1133 adauctauit
640 1087 816 1144 ηὐξήθη
849 1089 887 1130 L
917 1110 972 1124 =
1001 1089 1155 1131 Accius
1184 1090 1297 1144 apud
1325 1089 1517 1131 Nonium

300 1159 418 1201 adiu
430 1172 491 1214 go
535 1156 823 1211 ἑπιζεύγνυμι
854 1158 891 1198 L
922 1157 1124 1212 abiugare
1155 1158 1250 1212 (scr.
1285 1158 1504 1213 adiugare)
1535 1157 1764 1213 adiungere

354 1227 560 1269 adducere
594 1224 637 1266 P
661 1244 718 1262 =
749 1225 963 1268 Pacuvius
993 1225 1105 1280 apud
1133 1225 1326 1267 Nonium

299 1294 467 1349 amplo
499 1290 601 1344 ὑψῶ
631 1293 670 1335 L
694 1296 755 1328 '=
787 1293 1001 1336 Pacuvius
1030 1293 1143 1348 apud
1171 1293 1363 1336 Nonium

299 1363 510 1406 anelare
541 1360 759 1415 ammom
789 1362 828 1403 L
858 1383 913 1397 =
944 1362 1095 1404 Livius
1124 1361 1237 1416 apud
1266 1361 1439 1404 Festum

300 1431 600 1474 anfractum
631 1431 867 1485 περιφερές
894 1430 933 1472 L
963 1431 1012 1483 cf.
1036 1430 1090 1472 H
1092 1430 1199 1473 S
1218 1430 1372 1473 Accius
1392 1430 1503 1485 apud
1524 1430 1763 1472 Varronem

356 1502 399 1541 et
426 1498 619 1541 Nonium

300 1566 529 1609 anxietudo
553 1563 693 1620 ὀδύνη
715 1591 769 1597 ——
791 1564 929 1620 ἄχθος
945 1566 1018 1608 L:
1039 1568 1163 1610 immo
1185 1567 1442 1609 anxitudo
1463 1586 1520 1605 :=
1541 1567 1766 1619 Pacuvius,

356 1635 510 1678 Accius
540 1634 653 1689 apud
682 1633 873 1677 Nonium

301 1718 490 1748 auerru
503 1702 749 1744 ncassint
770 1702 813 1744 P
829 1723 884 1737 =
907 1702 1120 1746 Pacuvius
1141 1704 1252 1759 apud
1273 1704 1511 1746 Varronem
1534 1707 1575 1746 et
1595 1704 1767 1746 Festum

301 1772 514 1814 camilla
545 1771 681 1825 ἱέρεια
712 1771 751 1812 L
781 1791 837 1807 =
869 1771 1084 1814 Pacuvius
1113 1771 1225 1826 apud
1256 1772 1494 1814 Varronem

302 1842 477 1883 cicuro
508 1840 735 1882 τιθασεύω
766 1840 805 1881 L
836 1839 889 1881 cf.
919 1840 988 1882 133
1011 1855 1020 1881 :
1042 1841 1250 1894 cicurare,
1286 1840 1655 1883 mansuetefacere.
1716 1842 1766 1884 S:

357 1909 564 1961 cicurare,
625 1907 808 1949 militare
864 1909 1014 1962 (immo
1059 1909 1255 1964 mitigare
1309 1908 1541 1963 Usenerus)
1594 1924 1767 1952 exorare

358 1975 674 2017 mansuefacere
704 1997 758 2010 =
790 1975 1003 2018 Pacuvius
1031 1976 1143 2031 apud
1172 1975 1412 2018 Varronem

303 2045 547 2100 clypeare
578 2046 802 2085 contexere
834 2044 977 2100 (immo
1007 2045 1250 2101 contegere)
1282 2045 1390 2088 V=
1414 2045 1627 2088 Pacuvius
1656 2047 1767 2101 apud

360 2112 600 2155 Varronem
631 2114 674 2154 et
703 2112 894 2154 Nonium

340 2241 373 2286 *)
403 2240 601 2276 Brevitatis
627 2251 738 2275 causa
764 2241 943 2286 glossaria
969 2241 1115 2285 singula
1139 2241 1196 2275 his
1220 2240 1382 2276 indicavi
1409 2241 1529 2286 siglis:

428 2299 481 2334 B¹
537 2317 580 2329 =
606 2300 789 2335 Bernense
815 2300 899 2335 XVI
923 2299 1061 2335 saeculi
1085 2300 1134 2334 IX

429 2359 501 2394 Βῖ·1
537 2373 581 2388 =
831 2363 899 2395 224
996 2379 1008 2384 —
1099 2359 1132 2393 X
1157 2359 1218 2394 fol.
1249 2363 1313 2394 193
1341 2371 1420 2404 sqq.

430 2418 507 2452 ΒΗ
540 2435 583 2447 =
864 2439 876 2444 -
998 2439 1010 2443 -
1183 2438 1195 2442 -
1255 2422 1320 2453 196
1347 2430 1428 2463 sqq.

431 2477 502 2511 B²0
539 2494 582 2506 =
863 2498 875 2502 —
1183 2498 1195 2501 -
1254 2481 1319 2513 198
1346 2489 1426 2522 sqq.

430 2536 483 2570 B³
528 2554 585 2566 ’Ξ
838 2541 904 2571 178

431 2595 465 2629 Η
539 2613 581 2624 =
608 2596 850 2631 Hildebrandi
876 2596 985 2641 gloss.
1012 2595 1219 2630 Parisinum
1285 2618 1289 2621 -

432 2655 459 2689 L
534 2672 578 2684 =
605 2656 819 2690 Labbaeum

435 2714 463 2748 P
537 2731 581 2743 =
606 2714 748 2749 Placidi
773 2715 915 2760 glossas

434 2773 457 2807 S
538 2789 581 2802 =
610 2771 888 2818 Sangallensem
913 2773 991 2809 cod.
1017 2785 1052 2808 n.
1080 2777 1145 2808 912
1174 2783 1267 2808 saec.
1295 2773 1362 2807 VII
1385 2773 1445 2807 vel
1471 2773 1555 2807 VIII

436 2831 468 2867 V
542 2849 585 2861 ==
613 2831 813 2867 Vaticanas
839 2833 888 2877 gl.
914 2832 952 2867 in
977 2832 1018 2867 A.
1046 2831 1122 2866 Mai
1147 2832 1258 2866 auctt.
1287 2831 1390 2866 class.
1418 2831 1467 2865 VI
1493 2835 1559 2867 501
