<?xml version="1.0" encoding="UTF-8"?>
<!DOCTYPE html PUBLIC "-//W3C//DTD XHTML 1.0 Transitional//EN"
    "http://www.w3.org/TR/xhtml1/DTD/xhtml1-transitional.dtd">
<html xmlns="http://www.w3.org/1999/xhtml" xml:lang="en" lang="en">
 <head>
  <title>
</title>
<meta http-equiv="Content-Type" content="text/html;charset=utf-8" />
  <meta name='ocr-system' content='tesseract 3.04.00' />
  <meta name='ocr-capabilities' content='ocr_page ocr_carea ocr_par ocr_line ocrx_word'/>
</head>
<body>
  <div class='ocr_page' id='page_1' title='image "./romanorumpoes01ribbuoft_0244.png"; bbox 0 0 1942 3204; ppageno 0'>
   <div class='ocr_carea' id='block_1_1' title="bbox 272 203 1154 246">
    <p class='ocr_par' dir='ltr' id='par_1_1' title="bbox 272 203 1154 246">
     <span class='ocr_line' id='line_1_1' title="bbox 272 203 1154 246; baseline -0.009 0"><span class='ocrx_word' id='word_1_1' title='bbox 272 203 352 246; x_wconf 88' lang='lat'>160</span> <span class='ocrx_word' id='word_1_2' title='bbox 909 208 953 239; x_wconf 91' lang='lat' dir='ltr'>L.</span> <span class='ocrx_word' id='word_1_3' title='bbox 974 207 1154 240; x_wconf 77' lang='lat' dir='ltr'>Arrivs</span> 
     </span>
    </p>
   </div>
   <div class='ocr_carea' id='block_1_2' title="bbox 890 309 1175 444">
    <p class='ocr_par' dir='ltr' id='par_1_2' title="bbox 890 309 1175 444">
     <span class='ocr_line' id='line_1_2' title="bbox 890 309 1175 353; baseline 0 -1"><span class='ocrx_word' id='word_1_4' title='bbox 890 309 1175 353; x_wconf 80' lang='lat' dir='ltr'>ATHAMAS</span> 
     </span>
     <span class='ocr_line' id='line_1_3' title="bbox 969 385 1090 444; baseline 0 0"><span class='ocrx_word' id='word_1_5' title='bbox 969 387 990 429; x_wconf 90' lang='grc' dir='ltr'>Ι</span> <span class='ocrx_word' id='word_1_6' title='bbox 1023 385 1090 444; x_wconf 79' lang='grc'>(6)</span> 
     </span>
    </p>
   </div>
   <div class='ocr_carea' id='block_1_3' title="bbox 275 462 1796 1282">
    <p class='ocr_par' dir='ltr' id='par_1_3' title="bbox 275 462 1796 1282">
     <span class='ocr_line' id='line_1_4' title="bbox 388 462 1554 519; baseline 0.003 -14"><span class='ocrx_word' id='word_1_7' title='bbox 388 462 514 505; x_wconf 82' lang='lat' dir='ltr'><strong>Prius</strong></span> <span class='ocrx_word' id='word_1_8' title='bbox 547 478 674 519; x_wconf 82' lang='lat' dir='ltr'>quam</span> <span class='ocrx_word' id='word_1_9' title='bbox 706 463 852 506; x_wconf 76' lang='lat' dir='ltr'>infans</span> <span class='ocrx_word' id='word_1_10' title='bbox 883 464 1051 506; x_wconf 84' lang='lat' dir='ltr'>facinus</span> <span class='ocrx_word' id='word_1_11' title='bbox 1084 465 1197 506; x_wconf 79' lang='lat' dir='ltr'>oculi</span> <span class='ocrx_word' id='word_1_12' title='bbox 1227 468 1460 508; x_wconf 77' lang='lat' dir='ltr'>ueseuntiir</span> <span class='ocrx_word' id='word_1_13' title='bbox 1489 465 1554 508; x_wconf 86' lang='lat' dir='ltr'>tui</span> 
     </span>
     <span class='ocr_line' id='line_1_5' title="bbox 967 523 1227 598; baseline 0 -15"><span class='ocrx_word' id='word_1_14' title='bbox 967 541 1010 583; x_wconf 87' lang='lat'>11</span> <span class='ocrx_word' id='word_1_15' title='bbox 1044 539 1110 598; x_wconf 81' lang='lat'>(7)</span> <span class='ocrx_word' id='word_1_16' title='bbox 1222 523 1227 529; x_wconf 84' lang='lat'>&#39;</span> 
     </span>
     <span class='ocr_line' id='line_1_6' title="bbox 275 618 1796 675; baseline 0.002 -16"><span class='ocrx_word' id='word_1_17' title='bbox 275 618 359 660; x_wconf 84' lang='lat'>190</span> <span class='ocrx_word' id='word_1_18' title='bbox 390 618 567 661; x_wconf 75' lang='lat' dir='ltr'>Veritus</span> <span class='ocrx_word' id='word_1_19' title='bbox 600 633 694 660; x_wconf 84' lang='lat' dir='ltr'>sum</span> <span class='ocrx_word' id='word_1_20' title='bbox 725 618 928 675; x_wconf 79' lang='lat' dir='ltr'>arbitros,</span> <span class='ocrx_word' id='word_1_21' title='bbox 966 620 1093 674; x_wconf 81' lang='lat' dir='ltr'>atque</span> <span class='ocrx_word' id='word_1_22' title='bbox 1130 619 1297 662; x_wconf 83' lang='lat' dir='ltr'>utinam</span> <span class='ocrx_word' id='word_1_23' title='bbox 1335 620 1492 662; x_wconf 75' lang='lat' dir='ltr'>memet</span> <span class='ocrx_word' id='word_1_24' title='bbox 1530 620 1692 675; x_wconf 82' lang='lat' dir='ltr'>possim</span> <span class='ocrx_word' id='word_1_25' title='bbox 1724 620 1796 663; x_wconf 92' lang='lat' dir='ltr'>ob-</span> 
     </span>
     <span class='ocr_line' id='line_1_7' title="bbox 1334 695 1494 739; baseline 0.006 -1"><span class='ocrx_word' id='word_1_26' title='bbox 1334 695 1494 739; x_wconf 80' lang='lat' dir='ltr'>h‘seier!</span> 
     </span>
     <span class='ocr_line' id='line_1_8' title="bbox 877 767 1156 831; baseline 0 -15"><span class='ocrx_word' id='word_1_27' title='bbox 877 820 880 823; x_wconf 58' lang='grc'><strong>,</strong></span> <span class='ocrx_word' id='word_1_28' title='bbox 950 772 1016 816; x_wconf 92' lang='grc' dir='ltr'>ΠΙ</span> <span class='ocrx_word' id='word_1_29' title='bbox 1049 771 1116 831; x_wconf 78' lang='lat'>(4)</span> <span class='ocrx_word' id='word_1_30' title='bbox 1152 767 1156 771; x_wconf 62' lang='grc'><strong>’</strong></span> 
     </span>
     <span class='ocr_line' id='line_1_9' title="bbox 389 848 1716 906; baseline 0.002 -15"><span class='ocrx_word' id='word_1_31' title='bbox 389 848 460 891; x_wconf 91' lang='lat' dir='ltr'>Ah</span> <span class='ocrx_word' id='word_1_32' title='bbox 493 850 643 892; x_wconf 73' lang='lat' dir='ltr'>dubito</span> <span class='ocrx_word' id='word_1_33' title='bbox 675 850 777 906; x_wconf 86' lang='lat' dir='ltr'>quid</span> <span class='ocrx_word' id='word_1_34' title='bbox 809 851 919 906; x_wconf 84' lang='lat' dir='ltr'>agis:</span> <span class='ocrx_word' id='word_1_35' title='bbox 952 852 1055 893; x_wconf 66' lang='lat' dir='ltr'>efiue</span> <span class='ocrx_word' id='word_1_36' title='bbox 1086 866 1140 893; x_wconf 87' lang='lat' dir='ltr'>ne</span> <span class='ocrx_word' id='word_1_37' title='bbox 1171 851 1218 892; x_wconf 88' lang='lat' dir='ltr'>in</span> <span class='ocrx_word' id='word_1_38' title='bbox 1248 851 1420 894; x_wconf 82' lang='lat' dir='ltr'>turbam</span> <span class='ocrx_word' id='word_1_39' title='bbox 1450 854 1493 894; x_wconf 80' lang='lat' dir='ltr'>te</span> <span class='ocrx_word' id='word_1_40' title='bbox 1524 849 1716 906; x_wconf 77' lang='lat' dir='ltr'>inpliees.</span> 
     </span>
     <span class='ocr_line' id='line_1_10' title="bbox 951 925 1115 984; baseline 0.006 -15"><span class='ocrx_word' id='word_1_41' title='bbox 951 927 1015 970; x_wconf 93' lang='lat' dir='ltr'>IV</span> <span class='ocrx_word' id='word_1_42' title='bbox 1048 925 1115 984; x_wconf 86' lang='lat'>(3)</span> 
     </span>
     <span class='ocr_line' id='line_1_11' title="bbox 390 1003 1655 1060; baseline 0.004 -14"><span class='ocrx_word' id='word_1_43' title='bbox 390 1003 573 1046; x_wconf 86' lang='lat' dir='ltr'>Hostem</span> <span class='ocrx_word' id='word_1_44' title='bbox 604 1006 653 1046; x_wconf 75' lang='lat' dir='ltr'>iit</span> <span class='ocrx_word' id='word_1_45' title='bbox 683 1004 934 1060; x_wconf 81' lang='lat' dir='ltr'>profugiens</span> <span class='ocrx_word' id='word_1_46' title='bbox 966 1003 1129 1049; x_wconf 74' lang='lat' dir='ltr'>inimici</span> <span class='ocrx_word' id='word_1_47' title='bbox 1160 1005 1363 1048; x_wconf 83' lang='lat' dir='ltr'>inuadam</span> <span class='ocrx_word' id='word_1_48' title='bbox 1394 1004 1442 1048; x_wconf 74' lang='lat' dir='ltr'>in</span> <span class='ocrx_word' id='word_1_49' title='bbox 1472 1009 1655 1051; x_wconf 71' lang='lat' dir='ltr'>manus?</span> 
     </span>
     <span class='ocr_line' id='line_1_12' title="bbox 963 1080 1103 1140; baseline 0 -16"><span class='ocrx_word' id='word_1_50' title='bbox 963 1082 1004 1124; x_wconf 95' lang='lat' dir='ltr'><strong>V</strong></span> <span class='ocrx_word' id='word_1_51' title='bbox 1037 1080 1103 1140; x_wconf 84' lang='grc'>(2)</span> 
     </span>
     <span class='ocr_line' id='line_1_13' title="bbox 388 1156 1795 1219; baseline 0.005 -20"><span class='ocrx_word' id='word_1_52' title='bbox 388 1156 521 1200; x_wconf 79' lang='lat' dir='ltr'>Cusus</span> <span class='ocrx_word' id='word_1_53' title='bbox 565 1158 621 1200; x_wconf 87' lang='lat' dir='ltr'>sit</span> <span class='ocrx_word' id='word_1_54' title='bbox 658 1159 749 1200; x_wconf 84' lang='lat' dir='ltr'>uita</span> <span class='ocrx_word' id='word_1_55' title='bbox 786 1159 1015 1215; x_wconf 65' lang='lat' dir='ltr'>indecoris,</span> <span class='ocrx_word' id='word_1_56' title='bbox 1059 1162 1241 1203; x_wconf 88' lang='lat' dir='ltr'>mortem</span> <span class='ocrx_word' id='word_1_57' title='bbox 1284 1161 1433 1218; x_wconf 69' lang='lat' dir='ltr'>frigere</span> <span class='ocrx_word' id='word_1_58' title='bbox 1475 1164 1645 1219; x_wconf 88' lang='lat' dir='ltr'>turpem</span> <span class='ocrx_word' id='word_1_59' title='bbox 1687 1163 1795 1206; x_wconf 84' lang='lat' dir='ltr'>haut</span> 
     </span>
     <span class='ocr_line' id='line_1_14' title="bbox 1335 1240 1550 1282; baseline 0.009 -2"><span class='ocrx_word' id='word_1_60' title='bbox 1335 1240 1550 1282; x_wconf 80' lang='lat' dir='ltr'>eo&#39;nuenit.</span> 
     </span>
    </p>
   </div>
   <div class='ocr_carea' id='block_1_4' title="bbox 949 1312 1112 1372">
    <p class='ocr_par' dir='ltr' id='par_1_4' title="bbox 949 1312 1112 1372">
     <span class='ocr_line' id='line_1_15' title="bbox 949 1312 1112 1372; baseline 0 -15"><span class='ocrx_word' id='word_1_61' title='bbox 949 1313 1013 1357; x_wconf 91' lang='lat' dir='ltr'>VI</span> <span class='ocrx_word' id='word_1_62' title='bbox 1045 1312 1112 1372; x_wconf 83' lang='lat'>(5)</span> 
     </span>
    </p>
   </div>
   <div class='ocr_carea' id='block_1_5' title="bbox 393 1388 1796 1450">
    <p class='ocr_par' dir='ltr' id='par_1_5' title="bbox 393 1388 1796 1450">
     <span class='ocr_line' id='line_1_16' title="bbox 393 1388 1796 1450; baseline 0.004 -19"><span class='ocrx_word' id='word_1_63' title='bbox 393 1388 529 1447; x_wconf 79' lang='lat' dir='ltr'>[Tuis]</span> <span class='ocrx_word' id='word_1_64' title='bbox 563 1390 780 1432; x_wconf 87' lang='lat' dir='ltr'>benefieiis</span> <span class='ocrx_word' id='word_1_65' title='bbox 806 1390 1116 1433; x_wconf 82' lang='lat' dir='ltr'>hostimentum</span> <span class='ocrx_word' id='word_1_66' title='bbox 1149 1393 1320 1448; x_wconf 62' lang='lat' dir='ltr'>gnitum</span> <span class='ocrx_word' id='word_1_67' title='bbox 1345 1393 1548 1449; x_wconf 74' lang='lat' dir='ltr'>peperisti</span> <span class='ocrx_word' id='word_1_68' title='bbox 1579 1395 1622 1436; x_wconf 74' lang='lat' dir='ltr'>et</span> <span class='ocrx_word' id='word_1_69' title='bbox 1653 1408 1796 1450; x_wconf 81' lang='lat' dir='ltr'>graue.</span> 
     </span>
    </p>
   </div>
   <div class='ocr_carea' id='block_1_6' title="bbox 267 1519 1798 2060">
    <p class='ocr_par' dir='ltr' id='par_1_6' title="bbox 267 1519 1798 2060">
     <span class='ocr_line' id='line_1_17' title="bbox 363 1519 1796 1564; baseline 0.003 -12"><span class='ocrx_word' id='word_1_70' title='bbox 363 1520 545 1553; x_wconf 77' lang='lat' dir='ltr'>ATHAMAS</span> <span class='ocrx_word' id='word_1_71' title='bbox 572 1519 760 1562; x_wconf 65' lang='lat' dir='ltr'>(Ammse</span> <span class='ocrx_word' id='word_1_72' title='bbox 786 1521 834 1556; x_wconf 90' lang='lat' dir='ltr'>cf.</span> <span class='ocrx_word' id='word_1_73' title='bbox 861 1522 905 1556; x_wconf 84' lang='lat' dir='ltr'>fr.</span> <span class='ocrx_word' id='word_1_74' title='bbox 931 1522 991 1555; x_wconf 92' lang='lat' dir='ltr'>IV.</span> <span class='ocrx_word' id='word_1_75' title='bbox 1016 1522 1063 1554; x_wconf 88' lang='lat'>11.</span> <span class='ocrx_word' id='word_1_76' title='bbox 1089 1520 1161 1564; x_wconf 94' lang='lat' dir='ltr'>III)</span> <span class='ocrx_word' id='word_1_77' title='bbox 1186 1523 1202 1555; x_wconf 93' lang='lat'>1</span> <span class='ocrx_word' id='word_1_78' title='bbox 1227 1523 1318 1555; x_wconf 90' lang='lat' dir='ltr'>Non.</span> <span class='ocrx_word' id='word_1_79' title='bbox 1338 1524 1390 1564; x_wconf 85' lang='lat'>56,</span> <span class='ocrx_word' id='word_1_80' title='bbox 1410 1525 1451 1555; x_wconf 90' lang='grc'>12</span> <span class='ocrx_word' id='word_1_81' title='bbox 1477 1523 1654 1556; x_wconf 81' lang='lat' dir='ltr'>‘infans</span> <span class='ocrx_word' id='word_1_82' title='bbox 1679 1534 1701 1556; x_wconf 82' lang='lat' dir='ltr'><strong>a</strong></span> <span class='ocrx_word' id='word_1_83' title='bbox 1725 1535 1796 1557; x_wconf 91' lang='lat' dir='ltr'>non</span> 
     </span>
     <span class='ocr_line' id='line_1_18' title="bbox 274 1565 1798 1612; baseline 0.003 -14"><span class='ocrx_word' id='word_1_84' title='bbox 274 1565 386 1598; x_wconf 83' lang='lat' dir='ltr'>fando</span> <span class='ocrx_word' id='word_1_85' title='bbox 412 1566 528 1598; x_wconf 85' lang='lat' dir='ltr'>dietus</span> <span class='ocrx_word' id='word_1_86' title='bbox 555 1570 612 1598; x_wconf 75' lang='lat' dir='ltr'>est</span> <span class='ocrx_word' id='word_1_87' title='bbox 634 1591 641 1598; x_wconf 90' lang='lat'><strong>.</strong></span> <span class='ocrx_word' id='word_1_88' title='bbox 658 1590 664 1597; x_wconf 94' lang='lat'>.</span> <span class='ocrx_word' id='word_1_89' title='bbox 681 1591 688 1599; x_wconf 93' lang='lat'>.</span> <span class='ocrx_word' id='word_1_90' title='bbox 713 1570 749 1598; x_wconf 90' lang='lat' dir='ltr'>et</span> <span class='ocrx_word' id='word_1_91' title='bbox 774 1570 830 1599; x_wconf 83' lang='lat' dir='ltr'>est</span> <span class='ocrx_word' id='word_1_92' title='bbox 855 1567 950 1609; x_wconf 85' lang='lat' dir='ltr'>quod</span> <span class='ocrx_word' id='word_1_93' title='bbox 975 1571 1038 1599; x_wconf 88' lang='lat' dir='ltr'>aut</span> <span class='ocrx_word' id='word_1_94' title='bbox 1063 1567 1136 1599; x_wconf 87' lang='lat' dir='ltr'>dici</span> <span class='ocrx_word' id='word_1_95' title='bbox 1160 1578 1231 1600; x_wconf 91' lang='lat' dir='ltr'>non</span> <span class='ocrx_word' id='word_1_96' title='bbox 1250 1568 1385 1601; x_wconf 87' lang='lat' dir='ltr'>debeat</span> <span class='ocrx_word' id='word_1_97' title='bbox 1409 1572 1474 1601; x_wconf 82' lang='lat' dir='ltr'>aut</span> <span class='ocrx_word' id='word_1_98' title='bbox 1499 1569 1572 1601; x_wconf 82' lang='lat' dir='ltr'>fari</span> <span class='ocrx_word' id='word_1_99' title='bbox 1587 1579 1659 1602; x_wconf 90' lang='lat' dir='ltr'>non</span> <span class='ocrx_word' id='word_1_100' title='bbox 1684 1570 1798 1612; x_wconf 81' lang='lat' dir='ltr'>possit</span> 
     </span>
     <span class='ocr_line' id='line_1_19' title="bbox 276 1610 1796 1656; baseline 0.003 -13"><span class='ocrx_word' id='word_1_101' title='bbox 276 1636 283 1643; x_wconf 90' lang='lat'><strong>.</strong></span> <span class='ocrx_word' id='word_1_102' title='bbox 305 1636 312 1644; x_wconf 89' lang='lat'><strong>.</strong></span> <span class='ocrx_word' id='word_1_103' title='bbox 335 1636 342 1643; x_wconf 93' lang='lat'><strong>.</strong></span> <span class='ocrx_word' id='word_1_104' title='bbox 379 1611 513 1644; x_wconf 85' lang='lat' dir='ltr'>Accius</span> <span class='ocrx_word' id='word_1_105' title='bbox 545 1610 781 1644; x_wconf 85' lang='lat' dir='ltr'>Athamante:</span> <span class='ocrx_word' id='word_1_106' title='bbox 813 1612 932 1654; x_wconf 89' lang='lat' dir='ltr'>prius’</span> <span class='ocrx_word' id='word_1_107' title='bbox 960 1623 993 1645; x_wconf 88' lang='lat' dir='ltr'>e.</span> <span class='ocrx_word' id='word_1_108' title='bbox 1020 1623 1054 1654; x_wconf 88' lang='lat' dir='ltr'>q.</span> <span class='ocrx_word' id='word_1_109' title='bbox 1081 1622 1108 1645; x_wconf 82' lang='lat' dir='ltr'>S.</span> <span class='ocrx_word' id='word_1_110' title='bbox 1160 1613 1260 1646; x_wconf 89' lang='lat' dir='ltr'>Idem</span> <span class='ocrx_word' id='word_1_111' title='bbox 1291 1615 1374 1656; x_wconf 84' lang='lat'>416,</span> <span class='ocrx_word' id='word_1_112' title='bbox 1411 1616 1452 1645; x_wconf 92' lang='grc'>12</span> <span class='ocrx_word' id='word_1_113' title='bbox 1484 1615 1634 1647; x_wconf 75' lang='lat' dir='ltr'>‘uesci</span> <span class='ocrx_word' id='word_1_114' title='bbox 1665 1614 1796 1647; x_wconf 84' lang='lat' dir='ltr'>iterum</span> 
     </span>
     <span class='ocr_line' id='line_1_20' title="bbox 269 1656 1794 1700; baseline 0.003 -13"><span class='ocrx_word' id='word_1_115' title='bbox 269 1657 408 1689; x_wconf 86' lang='lat' dir='ltr'>uidere.</span> <span class='ocrx_word' id='word_1_116' title='bbox 450 1657 584 1689; x_wconf 85' lang='lat' dir='ltr'>Accius</span> <span class='ocrx_word' id='word_1_117' title='bbox 609 1656 846 1689; x_wconf 75' lang='lat' dir='ltr'>Athamante:</span> <span class='ocrx_word' id='word_1_118' title='bbox 873 1658 994 1699; x_wconf 84' lang='lat' dir='ltr'>prius’</span> <span class='ocrx_word' id='word_1_119' title='bbox 1022 1668 1053 1690; x_wconf 90' lang='lat' dir='ltr'>e.</span> <span class='ocrx_word' id='word_1_120' title='bbox 1082 1668 1115 1700; x_wconf 91' lang='lat' dir='ltr'>q.</span> <span class='ocrx_word' id='word_1_121' title='bbox 1142 1668 1169 1690; x_wconf 83' lang='lat' dir='ltr'>s.</span> <span class='ocrx_word' id='word_1_122' title='bbox 1255 1659 1292 1691; x_wconf 87' lang='grc' dir='ltr'>ΙΙ</span> <span class='ocrx_word' id='word_1_123' title='bbox 1316 1659 1408 1691; x_wconf 82' lang='grc' dir='ltr'>Νοη.</span> <span class='ocrx_word' id='word_1_124' title='bbox 1435 1661 1518 1700; x_wconf 85' lang='grc'>500,</span> <span class='ocrx_word' id='word_1_125' title='bbox 1545 1661 1562 1691; x_wconf 91' lang='grc'>1</span> <span class='ocrx_word' id='word_1_126' title='bbox 1590 1662 1794 1692; x_wconf 77' lang='lat' dir='ltr'>‘accusa-</span> 
     </span>
     <span class='ocr_line' id='line_1_21' title="bbox 269 1701 1798 1746; baseline 0.001 -12"><span class='ocrx_word' id='word_1_127' title='bbox 269 1703 395 1734; x_wconf 85' lang='lat' dir='ltr'>tiuus</span> <span class='ocrx_word' id='word_1_128' title='bbox 419 1712 484 1744; x_wconf 90' lang='lat' dir='ltr'>pro</span> <span class='ocrx_word' id='word_1_129' title='bbox 510 1701 680 1744; x_wconf 86' lang='lat' dir='ltr'>genetiuo</span> <span class='ocrx_word' id='word_1_130' title='bbox 704 1727 733 1735; x_wconf 91' lang='lat'>..</span> <span class='ocrx_word' id='word_1_131' title='bbox 749 1727 756 1734; x_wconf 94' lang='lat'>.</span> <span class='ocrx_word' id='word_1_132' title='bbox 780 1702 915 1735; x_wconf 86' lang='lat' dir='ltr'>Accius</span> <span class='ocrx_word' id='word_1_133' title='bbox 938 1702 1128 1745; x_wconf 81' lang='lat' dir='ltr'>Eurysace</span> <span class='ocrx_word' id='word_1_134' title='bbox 1152 1728 1160 1736; x_wconf 92' lang='lat'><strong>.</strong></span> <span class='ocrx_word' id='word_1_135' title='bbox 1176 1727 1206 1736; x_wconf 85' lang='lat'>..</span> <span class='ocrx_word' id='word_1_136' title='bbox 1230 1704 1324 1736; x_wconf 86' lang='lat' dir='ltr'>idem</span> <span class='ocrx_word' id='word_1_137' title='bbox 1350 1704 1658 1746; x_wconf 81' lang='lat' dir='ltr'>Epinausimache</span> <span class='ocrx_word' id='word_1_138' title='bbox 1683 1730 1691 1737; x_wconf 91' lang='lat'><strong>.</strong></span> <span class='ocrx_word' id='word_1_139' title='bbox 1706 1729 1713 1736; x_wconf 94' lang='lat'>.</span> <span class='ocrx_word' id='word_1_140' title='bbox 1728 1730 1736 1737; x_wconf 90' lang='lat'>.</span> <span class='ocrx_word' id='word_1_141' title='bbox 1761 1707 1798 1738; x_wconf 91' lang='lat' dir='ltr'>et</span> 
     </span>
     <span class='ocr_line' id='line_1_22' title="bbox 267 1747 1795 1788; baseline 0.002 -9"><span class='ocrx_word' id='word_1_142' title='bbox 267 1747 518 1779; x_wconf 79' lang='lat' dir='ltr'>Adamante</span> <span class='ocrx_word' id='word_1_143' title='bbox 550 1771 557 1779; x_wconf 96' lang='lat'><strong><em>.</em></strong></span> <span class='ocrx_word' id='word_1_144' title='bbox 582 1772 589 1780; x_wconf 89' lang='lat'><em>.</em></span> <span class='ocrx_word' id='word_1_145' title='bbox 611 1749 639 1778; x_wconf 87' lang='lat'>.’</span> <span class='ocrx_word' id='word_1_146' title='bbox 755 1748 810 1780; x_wconf 89' lang='lat'>111</span> <span class='ocrx_word' id='word_1_147' title='bbox 834 1747 928 1781; x_wconf 91' lang='lat' dir='ltr'>Non.</span> <span class='ocrx_word' id='word_1_148' title='bbox 955 1749 1037 1788; x_wconf 84' lang='grc'>524,</span> <span class='ocrx_word' id='word_1_149' title='bbox 1065 1749 1108 1781; x_wconf 83' lang='grc'>25</span> <span class='ocrx_word' id='word_1_150' title='bbox 1141 1750 1334 1781; x_wconf 74' lang='lat' dir='ltr'>‘turbam</span> <span class='ocrx_word' id='word_1_151' title='bbox 1366 1754 1401 1780; x_wconf 82' lang='lat' dir='ltr'>et</span> <span class='ocrx_word' id='word_1_152' title='bbox 1430 1750 1588 1782; x_wconf 79' lang='lat' dir='ltr'>turbas</span> <span class='ocrx_word' id='word_1_153' title='bbox 1615 1750 1795 1783; x_wconf 78' lang='lat' dir='ltr'>diuersam</span> 
     </span>
     <span class='ocr_line' id='line_1_23' title="bbox 268 1790 1796 1836; baseline 0.003 -13"><span class='ocrx_word' id='word_1_154' title='bbox 268 1791 397 1824; x_wconf 86' lang='lat' dir='ltr'>uolunt</span> <span class='ocrx_word' id='word_1_155' title='bbox 423 1790 566 1824; x_wconf 74' lang='lat' dir='ltr'>‘habere</span> <span class='ocrx_word' id='word_1_156' title='bbox 597 1791 920 1834; x_wconf 78' lang='lat' dir='ltr'>signIfieationem,</span> <span class='ocrx_word' id='word_1_157' title='bbox 960 1797 1000 1825; x_wconf 86' lang='lat' dir='ltr'>ut</span> <span class='ocrx_word' id='word_1_158' title='bbox 1031 1794 1079 1825; x_wconf 76' lang='lat' dir='ltr'>sit</span> <span class='ocrx_word' id='word_1_159' title='bbox 1114 1794 1223 1826; x_wconf 79' lang='lat' dir='ltr'>turba</span> <span class='ocrx_word' id='word_1_160' title='bbox 1253 1794 1378 1836; x_wconf 86' lang='lat' dir='ltr'>populi</span> <span class='ocrx_word' id='word_1_161' title='bbox 1411 1798 1625 1835; x_wconf 84' lang='lat' dir='ltr'>conuentus,</span> <span class='ocrx_word' id='word_1_162' title='bbox 1666 1796 1796 1828; x_wconf 80' lang='lat' dir='ltr'>turbae</span> 
     </span>
     <span class='ocr_line' id='line_1_24' title="bbox 269 1837 1796 1883; baseline 0.002 -14"><span class='ocrx_word' id='word_1_163' title='bbox 269 1837 509 1869; x_wconf 84' lang='lat' dir='ltr'>turbationes.</span> <span class='ocrx_word' id='word_1_164' title='bbox 557 1837 632 1870; x_wconf 85' lang='lat' dir='ltr'>Nos</span> <span class='ocrx_word' id='word_1_165' title='bbox 658 1842 786 1870; x_wconf 83' lang='lat' dir='ltr'>contra</span> <span class='ocrx_word' id='word_1_166' title='bbox 810 1838 939 1870; x_wconf 84' lang='lat' dir='ltr'>lectum</span> <span class='ocrx_word' id='word_1_167' title='bbox 963 1838 1169 1871; x_wconf 86' lang='lat' dir='ltr'>inuenimus</span> <span class='ocrx_word' id='word_1_168' title='bbox 1202 1842 1238 1870; x_wconf 81' lang='lat' dir='ltr'>et</span> <span class='ocrx_word' id='word_1_169' title='bbox 1264 1839 1462 1871; x_wconf 83' lang='lat' dir='ltr'>indiscrete</span> <span class='ocrx_word' id='word_1_170' title='bbox 1488 1841 1647 1882; x_wconf 84' lang='lat' dir='ltr'>positum</span> <span class='ocrx_word' id='word_1_171' title='bbox 1673 1844 1709 1872; x_wconf 91' lang='lat' dir='ltr'>et</span> <span class='ocrx_word' id='word_1_172' title='bbox 1733 1850 1796 1883; x_wconf 89' lang='lat' dir='ltr'>pro</span> 
     </span>
     <span class='ocr_line' id='line_1_25' title="bbox 271 1882 1796 1926; baseline 0.002 -12"><span class='ocrx_word' id='word_1_173' title='bbox 271 1883 387 1914; x_wconf 85' lang='lat' dir='ltr'>turbis</span> <span class='ocrx_word' id='word_1_174' title='bbox 413 1883 568 1915; x_wconf 85' lang='lat' dir='ltr'>turbam.</span> <span class='ocrx_word' id='word_1_175' title='bbox 615 1883 749 1915; x_wconf 87' lang='lat' dir='ltr'>Accius</span> <span class='ocrx_word' id='word_1_176' title='bbox 774 1882 1023 1915; x_wconf 85' lang='lat' dir='ltr'>Adamante</span> <span class='ocrx_word' id='word_1_177' title='bbox 1047 1908 1077 1915; x_wconf 90' lang='lat'>..</span> <span class='ocrx_word' id='word_1_178' title='bbox 1094 1886 1122 1916; x_wconf 86' lang='lat'>.&#39;</span> <span class='ocrx_word' id='word_1_179' title='bbox 1208 1884 1259 1917; x_wconf 88' lang='lat' dir='ltr'>IV</span> <span class='ocrx_word' id='word_1_180' title='bbox 1283 1884 1374 1916; x_wconf 89' lang='lat' dir='ltr'>Non.</span> <span class='ocrx_word' id='word_1_181' title='bbox 1401 1886 1485 1926; x_wconf 84' lang='grc'>324,</span> <span class='ocrx_word' id='word_1_182' title='bbox 1514 1886 1528 1917; x_wconf 93' lang='grc'>1</span> <span class='ocrx_word' id='word_1_183' title='bbox 1558 1885 1796 1917; x_wconf 77' lang='lat' dir='ltr'>‘inuadere</span> 
     </span>
     <span class='ocr_line' id='line_1_26' title="bbox 268 1927 1796 1970; baseline 0.002 -11"><span class='ocrx_word' id='word_1_184' title='bbox 268 1938 407 1960; x_wconf 86' lang='lat' dir='ltr'>rursum</span> <span class='ocrx_word' id='word_1_185' title='bbox 433 1927 539 1970; x_wconf 83' lang='lat' dir='ltr'>quasi</span> <span class='ocrx_word' id='word_1_186' title='bbox 562 1927 599 1959; x_wconf 82' lang='lat' dir='ltr'>ln</span> <span class='ocrx_word' id='word_1_187' title='bbox 624 1928 758 1960; x_wconf 83' lang='lat' dir='ltr'>uadum</span> <span class='ocrx_word' id='word_1_188' title='bbox 783 1939 899 1960; x_wconf 83' lang='lat' dir='ltr'>ruere.</span> <span class='ocrx_word' id='word_1_189' title='bbox 939 1928 1073 1960; x_wconf 82' lang='lat' dir='ltr'>Accius</span> <span class='ocrx_word' id='word_1_190' title='bbox 1099 1930 1224 1962; x_wconf 83' lang='lat' dir='ltr'>Atam</span> <span class='ocrx_word' id='word_1_191' title='bbox 1236 1933 1339 1961; x_wconf 79' lang='lat' dir='ltr'>ante</span> <span class='ocrx_word' id='word_1_192' title='bbox 1363 1955 1370 1962; x_wconf 91' lang='lat'>.</span> <span class='ocrx_word' id='word_1_193' title='bbox 1387 1954 1394 1961; x_wconf 94' lang='lat'><strong>.</strong></span> <span class='ocrx_word' id='word_1_194' title='bbox 1410 1932 1438 1962; x_wconf 91' lang='lat'>.’</span> <span class='ocrx_word' id='word_1_195' title='bbox 1546 1931 1575 1961; x_wconf 94' lang='lat' dir='ltr'><strong>V</strong></span> <span class='ocrx_word' id='word_1_196' title='bbox 1599 1930 1692 1962; x_wconf 87' lang='lat' dir='ltr'>Non.</span> <span class='ocrx_word' id='word_1_197' title='bbox 1719 1930 1796 1967; x_wconf 85' lang='lat'>489,</span> 
     </span>
     <span class='ocr_line' id='line_1_27' title="bbox 270 1972 1796 2015; baseline 0.003 -11"><span class='ocrx_word' id='word_1_198' title='bbox 270 1974 287 2004; x_wconf 86' lang='lat'>1</span> <span class='ocrx_word' id='word_1_199' title='bbox 315 1972 569 2005; x_wconf 85' lang='lat' dir='ltr'>‘indecoris</span> <span class='ocrx_word' id='word_1_200' title='bbox 592 1983 657 2015; x_wconf 87' lang='lat' dir='ltr'>pro</span> <span class='ocrx_word' id='word_1_201' title='bbox 682 1973 868 2008; x_wconf 80' lang='lat' dir='ltr'>indecora.</span> <span class='ocrx_word' id='word_1_202' title='bbox 903 1973 1037 2005; x_wconf 85' lang='lat' dir='ltr'>Accius</span> <span class='ocrx_word' id='word_1_203' title='bbox 1053 1973 1274 2006; x_wconf 78' lang='lat' dir='ltr'>Athamante</span> <span class='ocrx_word' id='word_1_204' title='bbox 1300 1999 1330 2008; x_wconf 84' lang='lat'>..</span> <span class='ocrx_word' id='word_1_205' title='bbox 1346 1976 1375 2006; x_wconf 87' lang='lat'>.’</span> <span class='ocrx_word' id='word_1_206' title='bbox 1470 1975 1518 2007; x_wconf 89' lang='lat' dir='ltr'>VI</span> <span class='ocrx_word' id='word_1_207' title='bbox 1543 1976 1632 2010; x_wconf 86' lang='lat' dir='ltr'>Non.</span> <span class='ocrx_word' id='word_1_208' title='bbox 1657 1977 1734 2013; x_wconf 87' lang='lat'>315,</span> <span class='ocrx_word' id='word_1_209' title='bbox 1755 1976 1796 2008; x_wconf 89' lang='grc'>18</span> 
     </span>
     <span class='ocr_line' id='line_1_28' title="bbox 269 2017 1389 2060; baseline 0.002 -11"><span class='ocrx_word' id='word_1_210' title='bbox 269 2021 451 2060; x_wconf 71' lang='lat' dir='ltr'>‘gx-aue,</span> <span class='ocrx_word' id='word_1_211' title='bbox 477 2017 630 2050; x_wconf 80' lang='lat' dir='ltr'>solidum</span> <span class='ocrx_word' id='word_1_212' title='bbox 659 2020 695 2050; x_wconf 89' lang='lat' dir='ltr'>et</span> <span class='ocrx_word' id='word_1_213' title='bbox 718 2017 866 2051; x_wconf 87' lang='lat' dir='ltr'>firmum.</span> <span class='ocrx_word' id='word_1_214' title='bbox 907 2019 1042 2051; x_wconf 85' lang='lat' dir='ltr'>Accius</span> <span class='ocrx_word' id='word_1_215' title='bbox 1067 2018 1290 2052; x_wconf 86' lang='lat' dir='ltr'>Athamante</span> <span class='ocrx_word' id='word_1_216' title='bbox 1315 2044 1322 2053; x_wconf 89' lang='lat'><strong>.</strong></span> <span class='ocrx_word' id='word_1_217' title='bbox 1338 2022 1389 2052; x_wconf 78' lang='lat'>..⁹</span> 
     </span>
    </p>
   </div>
   <div class='ocr_carea' id='block_1_7' title="bbox 269 2106 552 2110">
    <p class='ocr_par' dir='ltr' id='par_1_7' title="bbox 269 2106 552 2110">
     <span class='ocr_line' id='line_1_29' title="bbox 269 2106 552 2110; baseline 0 0"><span class='ocrx_word' id='word_1_218' title='bbox 269 2106 552 2110; x_wconf 95' lang='lat' dir='ltr'> </span> 
     </span>
    </p>
   </div>
   <div class='ocr_carea' id='block_1_8' title="bbox 267 2159 1799 2944">
    <p class='ocr_par' dir='ltr' id='par_1_8' title="bbox 268 2159 1799 2660">
     <span class='ocr_line' id='line_1_30' title="bbox 356 2159 1793 2209; baseline 0.001 -11"><span class='ocrx_word' id='word_1_219' title='bbox 356 2161 434 2198; x_wconf 88' lang='grc'>189</span> <span class='ocrx_word' id='word_1_220' title='bbox 457 2159 601 2197; x_wconf 80' lang='lat' dir='ltr'>infantis</span> <span class='ocrx_word' id='word_1_221' title='bbox 628 2160 731 2206; x_wconf 83' lang='lat' dir='ltr'>Wp.</span> <span class='ocrx_word' id='word_1_222' title='bbox 755 2159 808 2197; x_wconf 89' lang='lat'>56</span> <span class='ocrx_word' id='word_1_223' title='bbox 834 2160 979 2197; x_wconf 84' lang='lat' dir='ltr'>infertis</span> <span class='ocrx_word' id='word_1_224' title='bbox 1000 2161 1103 2198; x_wconf 87' lang='lat' dir='ltr'>Leid.</span> <span class='ocrx_word' id='word_1_225' title='bbox 1122 2162 1256 2198; x_wconf 81' lang='lat' dir='ltr'>ibidem</span> <span class='ocrx_word' id='word_1_226' title='bbox 1315 2162 1537 2198; x_wconf 84' lang='lat' dir='ltr'>nesciumtur</span> <span class='ocrx_word' id='word_1_227' title='bbox 1556 2162 1660 2200; x_wconf 77' lang='lat' dir='ltr'>Leid.</span> <span class='ocrx_word' id='word_1_228' title='bbox 1675 2173 1717 2209; x_wconf 83' lang='lat' dir='ltr'>p.</span> <span class='ocrx_word' id='word_1_229' title='bbox 1740 2162 1793 2200; x_wconf 87' lang='lat'>56</span> 
     </span>
     <span class='ocr_line' id='line_1_31' title="bbox 269 2217 1792 2267; baseline 0 -13"><span class='ocrx_word' id='word_1_230' title='bbox 269 2218 477 2254; x_wconf 85' lang='lat' dir='ltr'>uestiuntur</span> <span class='ocrx_word' id='word_1_231' title='bbox 508 2218 554 2254; x_wconf 90' lang='lat' dir='ltr'><em>W</em></span> <span class='ocrx_word' id='word_1_232' title='bbox 580 2218 714 2253; x_wconf 79' lang='lat' dir='ltr'>ibidem</span> <span class='ocrx_word' id='word_1_233' title='bbox 820 2217 901 2254; x_wconf 91' lang='lat'>190</span> <span class='ocrx_word' id='word_1_234' title='bbox 927 2217 1079 2254; x_wconf 83' lang='lat' dir='ltr'>arbitros</span> <span class='ocrx_word' id='word_1_235' title='bbox 1114 2218 1273 2255; x_wconf 77' lang='lat' dir='ltr'>Bothius</span> <span class='ocrx_word' id='word_1_236' title='bbox 1300 2217 1456 2254; x_wconf 75' lang='lat' dir='ltr'>arbitror</span> <span class='ocrx_word' id='word_1_237' title='bbox 1481 2219 1573 2256; x_wconf 82' lang='lat' dir='ltr'>libri</span> <span class='ocrx_word' id='word_1_238' title='bbox 1657 2219 1792 2267; x_wconf 88' lang='lat' dir='ltr'>possim</span> 
     </span>
     <span class='ocr_line' id='line_1_32' title="bbox 270 2273 1799 2322; baseline 0.001 -12"><span class='ocrx_word' id='word_1_239' title='bbox 270 2280 402 2310; x_wconf 80' lang='lat' dir='ltr'>memet</span> <span class='ocrx_word' id='word_1_240' title='bbox 423 2274 645 2311; x_wconf 83' lang='lat' dir='ltr'>Scriuerius</span> <span class='ocrx_word' id='word_1_241' title='bbox 666 2274 822 2310; x_wconf 82' lang='lat' dir='ltr'>senario</span> <span class='ocrx_word' id='word_1_242' title='bbox 901 2273 1069 2310; x_wconf 81' lang='lat' dir='ltr'>obliscier</span> <span class='ocrx_word' id='word_1_243' title='bbox 1089 2275 1192 2310; x_wconf 81' lang='lat' dir='ltr'>Leid.</span> <span class='ocrx_word' id='word_1_244' title='bbox 1227 2274 1430 2310; x_wconf 86' lang='lat' dir='ltr'>obliuiscier</span> <span class='ocrx_word' id='word_1_245' title='bbox 1451 2277 1572 2312; x_wconf 80' lang='lat' dir='ltr'>celeri</span> <span class='ocrx_word' id='word_1_246' title='bbox 1588 2275 1688 2322; x_wconf 85' lang='lat' dir='ltr'>libri,</span> <span class='ocrx_word' id='word_1_247' title='bbox 1720 2276 1799 2311; x_wconf 83' lang='lat' dir='ltr'>nisi</span> 
     </span>
     <span class='ocr_line' id='line_1_33' title="bbox 269 2329 1792 2379; baseline -0.001 -11"><span class='ocrx_word' id='word_1_248' title='bbox 269 2332 372 2379; x_wconf 81' lang='lat' dir='ltr'>quod</span> <span class='ocrx_word' id='word_1_249' title='bbox 400 2330 632 2367; x_wconf 85' lang='lat' dir='ltr'>obliscierent</span> <span class='ocrx_word' id='word_1_250' title='bbox 659 2341 732 2376; x_wconf 83' lang='lat' dir='ltr'>pro</span> <span class='ocrx_word' id='word_1_251' title='bbox 754 2329 922 2366; x_wconf 87' lang='lat' dir='ltr'>ohliseier</span> <span class='ocrx_word' id='word_1_252' title='bbox 951 2332 985 2366; x_wconf 87' lang='lat' dir='ltr'>in</span> <span class='ocrx_word' id='word_1_253' title='bbox 1019 2340 1051 2367; x_wconf 84' lang='lat' dir='ltr'>e.</span> <span class='ocrx_word' id='word_1_254' title='bbox 1074 2343 1109 2378; x_wconf 82' lang='lat' dir='ltr'>q.</span> <span class='ocrx_word' id='word_1_255' title='bbox 1132 2341 1160 2367; x_wconf 84' lang='lat' dir='ltr'>s.</span> <span class='ocrx_word' id='word_1_256' title='bbox 1185 2331 1319 2367; x_wconf 79' lang='lat' dir='ltr'>Bamb.</span> <span class='ocrx_word' id='word_1_257' title='bbox 1353 2331 1410 2378; x_wconf 85' lang='lat' dir='ltr'>Cf.</span> <span class='ocrx_word' id='word_1_258' title='bbox 1431 2331 1667 2369; x_wconf 78' lang='lat' dir='ltr'>Ritschezius</span> <span class='ocrx_word' id='word_1_259' title='bbox 1686 2332 1792 2368; x_wconf 89' lang='lat' dir='ltr'>Prol.</span> 
     </span>
     <span class='ocr_line' id='line_1_34' title="bbox 273 2385 1795 2434; baseline 0 -11"><span class='ocrx_word' id='word_1_260' title='bbox 273 2388 378 2423; x_wconf 85' lang='lat' dir='ltr'>Trin.</span> <span class='ocrx_word' id='word_1_261' title='bbox 403 2399 446 2434; x_wconf 86' lang='lat' dir='ltr'>p.</span> <span class='ocrx_word' id='word_1_262' title='bbox 472 2386 550 2423; x_wconf 87' lang='grc'>152</span> <span class='ocrx_word' id='word_1_263' title='bbox 583 2391 618 2423; x_wconf 81' lang='lat' dir='ltr'>el</span> <span class='ocrx_word' id='word_1_264' title='bbox 647 2389 685 2422; x_wconf 84' lang='lat' dir='ltr'>in</span> <span class='ocrx_word' id='word_1_265' title='bbox 717 2385 799 2423; x_wconf 88' lang='lat' dir='ltr'>Mil.</span> <span class='ocrx_word' id='word_1_266' title='bbox 823 2386 930 2423; x_wconf 88' lang='lat'>1359</span> <span class='ocrx_word' id='word_1_267' title='bbox 1035 2387 1111 2424; x_wconf 89' lang='lat'>191</span> <span class='ocrx_word' id='word_1_268' title='bbox 1145 2387 1188 2423; x_wconf 74' lang='lat' dir='ltr'>:ih</span> <span class='ocrx_word' id='word_1_269' title='bbox 1219 2386 1342 2423; x_wconf 87' lang='lat' dir='ltr'>dubito</span> <span class='ocrx_word' id='word_1_270' title='bbox 1374 2389 1431 2424; x_wconf 84' lang='lat' dir='ltr'>ed.</span> <span class='ocrx_word' id='word_1_271' title='bbox 1459 2387 1564 2425; x_wconf 83' lang='lat'>1526</span> <span class='ocrx_word' id='word_1_272' title='bbox 1595 2398 1638 2423; x_wconf 80' lang='lat' dir='ltr'>an</span> <span class='ocrx_word' id='word_1_273' title='bbox 1669 2386 1795 2423; x_wconf 88' lang='lat' dir='ltr'>dubito</span> 
     </span>
     <span class='ocr_line' id='line_1_35' title="bbox 269 2442 1794 2492; baseline 0 -13"><span class='ocrx_word' id='word_1_274' title='bbox 269 2444 311 2479; x_wconf 84' lang='lat' dir='ltr'>ha</span> <span class='ocrx_word' id='word_1_275' title='bbox 332 2444 423 2480; x_wconf 83' lang='lat' dir='ltr'>libri</span> <span class='ocrx_word' id='word_1_276' title='bbox 442 2444 528 2479; x_wconf 78' lang='lat' dir='ltr'>haut</span> <span class='ocrx_word' id='word_1_277' title='bbox 549 2442 672 2478; x_wconf 84' lang='lat' dir='ltr'>dubito</span> <span class='ocrx_word' id='word_1_278' title='bbox 697 2443 857 2479; x_wconf 79' lang='lat' dir='ltr'>Bothius</span> <span class='ocrx_word' id='word_1_279' title='bbox 880 2443 901 2479; x_wconf 90' lang='lat'>1</span> <span class='ocrx_word' id='word_1_280' title='bbox 924 2448 959 2479; x_wconf 78' lang='lat' dir='ltr'>at</span> <span class='ocrx_word' id='word_1_281' title='bbox 981 2442 1104 2479; x_wconf 82' lang='lat' dir='ltr'>dubito</span> <span class='ocrx_word' id='word_1_282' title='bbox 1129 2444 1288 2480; x_wconf 78' lang='lat' dir='ltr'>Botkius</span> <span class='ocrx_word' id='word_1_283' title='bbox 1304 2443 1327 2479; x_wconf 89' lang='grc'>2</span> <span class='ocrx_word' id='word_1_284' title='bbox 1349 2448 1386 2480; x_wconf 82' lang='lat' dir='ltr'>at</span> <span class='ocrx_word' id='word_1_285' title='bbox 1407 2443 1527 2480; x_wconf 83' lang='lat' dir='ltr'>dubita</span> <span class='ocrx_word' id='word_1_286' title='bbox 1549 2444 1707 2492; x_wconf 75' lang='lat' dir='ltr'>Machly</span> <span class='ocrx_word' id='word_1_287' title='bbox 1725 2445 1750 2480; x_wconf 88' lang='lat' dir='ltr'>l.</span> <span class='ocrx_word' id='word_1_288' title='bbox 1769 2445 1794 2480; x_wconf 90' lang='lat' dir='ltr'>l.</span> 
     </span>
     <span class='ocr_line' id='line_1_36' title="bbox 271 2499 1794 2548; baseline -0.001 -13"><span class='ocrx_word' id='word_1_289' title='bbox 271 2499 349 2536; x_wconf 84' lang='lat'>287</span> <span class='ocrx_word' id='word_1_290' title='bbox 383 2500 425 2536; x_wconf 84' lang='lat' dir='ltr'>ah</span> <span class='ocrx_word' id='word_1_291' title='bbox 448 2499 530 2535; x_wconf 85' lang='lat' dir='ltr'>uide</span> <span class='ocrx_word' id='word_1_292' title='bbox 552 2504 592 2535; x_wconf 85' lang='lat' dir='ltr'>tu</span> <span class='ocrx_word' id='word_1_293' title='bbox 610 2511 723 2546; x_wconf 79' lang='lat' dir='ltr'>prop.</span> <span class='ocrx_word' id='word_1_294' title='bbox 747 2500 938 2536; x_wconf 81' lang='lat' dir='ltr'>Vsenerus</span> <span class='ocrx_word' id='word_1_295' title='bbox 1015 2504 1050 2535; x_wconf 86' lang='lat' dir='ltr'>te</span> <span class='ocrx_word' id='word_1_296' title='bbox 1072 2511 1140 2536; x_wconf 87' lang='lat' dir='ltr'>om.</span> <span class='ocrx_word' id='word_1_297' title='bbox 1167 2500 1295 2536; x_wconf 84' lang='lat' dir='ltr'>Bamb.</span> <span class='ocrx_word' id='word_1_298' title='bbox 1390 2500 1549 2548; x_wconf 87' lang='lat' dir='ltr'>implices</span> <span class='ocrx_word' id='word_1_299' title='bbox 1572 2501 1652 2537; x_wconf 81' lang='lat' dir='ltr'>edd.</span> <span class='ocrx_word' id='word_1_300' title='bbox 1677 2499 1794 2547; x_wconf 87' lang='lat' dir='ltr'>impli-</span> 
     </span>
     <span class='ocr_line' id='line_1_37' title="bbox 269 2555 1795 2604; baseline -0.001 -13"><span class='ocrx_word' id='word_1_301' title='bbox 269 2557 319 2591; x_wconf 77' lang='lat' dir='ltr'>eis</span> <span class='ocrx_word' id='word_1_302' title='bbox 342 2555 477 2592; x_wconf 83' lang='lat' dir='ltr'>Bamb.</span> <span class='ocrx_word' id='word_1_303' title='bbox 507 2555 647 2603; x_wconf 88' lang='lat' dir='ltr'>inplicis</span> <span class='ocrx_word' id='word_1_304' title='bbox 672 2558 792 2592; x_wconf 80' lang='lat' dir='ltr'>ceteri</span> <span class='ocrx_word' id='word_1_305' title='bbox 817 2557 907 2593; x_wconf 85' lang='lat' dir='ltr'>libri</span> <span class='ocrx_word' id='word_1_306' title='bbox 1003 2555 1081 2592; x_wconf 84' lang='lat'>192</span> <span class='ocrx_word' id='word_1_307' title='bbox 1105 2556 1247 2592; x_wconf 86' lang='lat' dir='ltr'>hostem</span> <span class='ocrx_word' id='word_1_308' title='bbox 1271 2563 1308 2592; x_wconf 89' lang='lat' dir='ltr'>ut</span> <span class='ocrx_word' id='word_1_309' title='bbox 1328 2556 1542 2604; x_wconf 77' lang='lat' dir='ltr'>profugiens</span> <span class='ocrx_word' id='word_1_310' title='bbox 1564 2556 1726 2592; x_wconf 79' lang='lat' dir='ltr'>Bolhius</span> <span class='ocrx_word' id='word_1_311' title='bbox 1756 2560 1795 2591; x_wconf 83' lang='lat' dir='ltr'>ut</span> 
     </span>
     <span class='ocr_line' id='line_1_38' title="bbox 268 2612 1795 2660; baseline 0 -13"><span class='ocrx_word' id='word_1_312' title='bbox 268 2612 481 2660; x_wconf 75' lang='lat' dir='ltr'>profugiens</span> <span class='ocrx_word' id='word_1_313' title='bbox 503 2612 646 2648; x_wconf 88' lang='lat' dir='ltr'>hostem</span> <span class='ocrx_word' id='word_1_314' title='bbox 665 2614 765 2657; x_wconf 81' lang='lat' dir='ltr'>libri,</span> <span class='ocrx_word' id='word_1_315' title='bbox 788 2613 889 2660; x_wconf 82' lang='lat' dir='ltr'>quod</span> <span class='ocrx_word' id='word_1_316' title='bbox 903 2612 983 2659; x_wconf 78' lang='lat' dir='ltr'>fuit</span> <span class='ocrx_word' id='word_1_317' title='bbox 1003 2614 1070 2660; x_wconf 80' lang='lat' dir='ltr'>qui</span> <span class='ocrx_word' id='word_1_318' title='bbox 1088 2612 1326 2660; x_wconf 81' lang='lat' dir='ltr'>defenderet.</span> <span class='ocrx_word' id='word_1_319' title='bbox 1408 2612 1486 2650; x_wconf 86' lang='lat'>193</span> <span class='ocrx_word' id='word_1_320' title='bbox 1507 2612 1675 2649; x_wconf 84' lang='lat' dir='ltr'>indecora</span> <span class='ocrx_word' id='word_1_321' title='bbox 1690 2612 1795 2648; x_wconf 79' lang='lat' dir='ltr'>Leid.</span> 
     </span>
    </p>

    <p class='ocr_par' dir='ltr' id='par_1_9' title="bbox 267 2666 1798 2944">
     <span class='ocr_line' id='line_1_39' title="bbox 356 2666 1798 2717; baseline 0.001 -14"><span class='ocrx_word' id='word_1_322' title='bbox 356 2668 482 2716; x_wconf 86' lang='lat' dir='ltr'>sugere</span> <span class='ocrx_word' id='word_1_323' title='bbox 515 2674 656 2716; x_wconf 79' lang='lat' dir='ltr'>turpem</span> <span class='ocrx_word' id='word_1_324' title='bbox 688 2668 779 2704; x_wconf 82' lang='lat' dir='ltr'>haud</span> <span class='ocrx_word' id='word_1_325' title='bbox 802 2669 972 2704; x_wconf 87' lang='lat' dir='ltr'>conuenit</span> <span class='ocrx_word' id='word_1_326' title='bbox 991 2666 1130 2705; x_wconf 81' lang='lat' dir='ltr'>Iunius</span> <span class='ocrx_word' id='word_1_327' title='bbox 1150 2668 1278 2716; x_wconf 83' lang='lat' dir='ltr'>sugere</span> <span class='ocrx_word' id='word_1_328' title='bbox 1311 2674 1414 2717; x_wconf 87' lang='lat' dir='ltr'>turpe</span> <span class='ocrx_word' id='word_1_329' title='bbox 1436 2675 1497 2704; x_wconf 85' lang='lat' dir='ltr'>aut</span> <span class='ocrx_word' id='word_1_330' title='bbox 1517 2667 1688 2705; x_wconf 86' lang='lat' dir='ltr'>conuenit</span> <span class='ocrx_word' id='word_1_331' title='bbox 1707 2669 1798 2704; x_wconf 87' lang='lat' dir='ltr'>libri</span> 
     </span>
     <span class='ocr_line' id='line_1_40' title="bbox 267 2724 1792 2773; baseline 0 -13"><span class='ocrx_word' id='word_1_332' title='bbox 267 2727 442 2772; x_wconf 80' lang='lat' dir='ltr'>plerique</span> <span class='ocrx_word' id='word_1_333' title='bbox 471 2724 599 2773; x_wconf 81' lang='lat' dir='ltr'>sugere</span> <span class='ocrx_word' id='word_1_334' title='bbox 626 2725 713 2760; x_wconf 81' lang='lat' dir='ltr'>haut</span> <span class='ocrx_word' id='word_1_335' title='bbox 742 2725 912 2761; x_wconf 84' lang='lat' dir='ltr'>conuenit</span> <span class='ocrx_word' id='word_1_336' title='bbox 939 2736 1006 2761; x_wconf 84' lang='lat' dir='ltr'>ms.</span> <span class='ocrx_word' id='word_1_337' title='bbox 1033 2725 1307 2771; x_wconf 80' lang='lat' dir='ltr'>Complutensis</span> <span class='ocrx_word' id='word_1_338' title='bbox 1338 2730 1432 2762; x_wconf 83' lang='lat' dir='ltr'>teste</span> <span class='ocrx_word' id='word_1_339' title='bbox 1459 2726 1504 2761; x_wconf 90' lang='lat' dir='ltr'>A.</span> <span class='ocrx_word' id='word_1_340' title='bbox 1529 2725 1683 2761; x_wconf 76' lang='lat' dir='ltr'>Schotto</span> <span class='ocrx_word' id='word_1_341' title='bbox 1708 2724 1792 2761; x_wconf 83' lang='lat' dir='ltr'>Obs.</span> 
     </span>
     <span class='ocr_line' id='line_1_41' title="bbox 267 2780 1739 2829; baseline -0.001 -12"><span class='ocrx_word' id='word_1_342' title='bbox 267 2781 458 2818; x_wconf 68' lang='lat' dir='ltr'>hum.115</span> <span class='ocrx_word' id='word_1_343' title='bbox 539 2780 618 2817; x_wconf 77' lang='lat'>194</span> <span class='ocrx_word' id='word_1_344' title='bbox 640 2782 711 2817; x_wconf 81' lang='lat' dir='ltr'>tuis</span> <span class='ocrx_word' id='word_1_345' title='bbox 734 2793 802 2817; x_wconf 87' lang='lat' dir='ltr'>om.</span> <span class='ocrx_word' id='word_1_346' title='bbox 823 2782 914 2817; x_wconf 88' lang='lat' dir='ltr'>libri</span> <span class='ocrx_word' id='word_1_347' title='bbox 932 2782 1019 2817; x_wconf 88' lang='lat' dir='ltr'>meis</span> <span class='ocrx_word' id='word_1_348' title='bbox 1046 2781 1236 2829; x_wconf 73' lang='lat' dir='ltr'>Berykius</span> <span class='ocrx_word' id='word_1_349' title='bbox 1252 2782 1353 2818; x_wconf 84' lang='lat' dir='ltr'>Mus.</span> <span class='ocrx_word' id='word_1_350' title='bbox 1370 2782 1491 2818; x_wconf 73' lang='lat' dir='ltr'>Rhen.</span> <span class='ocrx_word' id='word_1_351' title='bbox 1513 2780 1620 2818; x_wconf 85' lang='lat'>1835</span> <span class='ocrx_word' id='word_1_352' title='bbox 1635 2792 1674 2827; x_wconf 84' lang='lat' dir='ltr'>p.</span> <span class='ocrx_word' id='word_1_353' title='bbox 1687 2780 1739 2818; x_wconf 83' lang='lat'>82</span> 
     </span>
     <span class='ocr_line' id='line_1_42' title="bbox 268 2834 1795 2875; baseline 0.001 -3"><span class='ocrx_word' id='word_1_354' title='bbox 268 2836 449 2873; x_wconf 76' lang='lat' dir='ltr'>beneficiis</span> <span class='ocrx_word' id='word_1_355' title='bbox 470 2838 597 2874; x_wconf 81' lang='lat' dir='ltr'><strong><em>Pazat.</em></strong></span> <span class='ocrx_word' id='word_1_356' title='bbox 631 2836 842 2874; x_wconf 81' lang='lat' dir='ltr'>ueneficium</span> <span class='ocrx_word' id='word_1_357' title='bbox 875 2838 1001 2874; x_wconf 86' lang='lat' dir='ltr'>Vrbin.</span> <span class='ocrx_word' id='word_1_358' title='bbox 1024 2837 1104 2875; x_wconf 88' lang='grc'>308</span> <span class='ocrx_word' id='word_1_359' title='bbox 1135 2834 1330 2874; x_wconf 81' lang='lat' dir='ltr'>ueneficius</span> <span class='ocrx_word' id='word_1_360' title='bbox 1352 2839 1472 2874; x_wconf 81' lang='lat' dir='ltr'>ceteri</span> <span class='ocrx_word' id='word_1_361' title='bbox 1498 2837 1587 2874; x_wconf 87' lang='lat' dir='ltr'>libri</span> <span class='ocrx_word' id='word_1_362' title='bbox 1677 2837 1795 2873; x_wconf 85' lang='lat' dir='ltr'>hosti-</span> 
     </span>
     <span class='ocr_line' id='line_1_43' title="bbox 269 2891 1794 2944; baseline 0 -16"><span class='ocrx_word' id='word_1_363' title='bbox 269 2899 427 2929; x_wconf 81' lang='lat' dir='ltr'>mentum</span> <span class='ocrx_word' id='word_1_364' title='bbox 459 2899 601 2942; x_wconf 80' lang='lat' dir='ltr'>gratum</span> <span class='ocrx_word' id='word_1_365' title='bbox 632 2894 804 2942; x_wconf 83' lang='lat' dir='ltr'>peperisti</span> <span class='ocrx_word' id='word_1_366' title='bbox 836 2899 872 2930; x_wconf 83' lang='lat' dir='ltr'>et</span> <span class='ocrx_word' id='word_1_367' title='bbox 902 2891 1031 2944; x_wconf 80' lang='lat' dir='ltr'>graue]</span> <span class='ocrx_word' id='word_1_368' title='bbox 1065 2905 1211 2940; x_wconf 82' lang='lat' dir='ltr'>grauem</span> <span class='ocrx_word' id='word_1_369' title='bbox 1235 2895 1390 2930; x_wconf 79' lang='lat' dir='ltr'>hostium</span> <span class='ocrx_word' id='word_1_370' title='bbox 1412 2894 1585 2941; x_wconf 71' lang='lat' dir='ltr'>peperisti</span> <span class='ocrx_word' id='word_1_371' title='bbox 1615 2898 1651 2930; x_wconf 84' lang='lat' dir='ltr'>et</span> <span class='ocrx_word' id='word_1_372' title='bbox 1681 2904 1794 2942; x_wconf 78' lang='lat' dir='ltr'>grane</span> 
     </span>
    </p>
   </div>
  </div>
 </body>
</html>
