1942 3204
278 201 362 243 208
915 202 967 237 L.‘
986 204 1162 239 Arrivs

943 308 1050 351 XIV
1082 307 1149 365 (3)
1635 331 1640 337 ·
1747 311 1768 330 ‘⁵
1827 321 1830 323 ’

280 384 366 427 555
866 385 979 440 quod
1010 387 1053 427 te
1087 386 1282 443 6bsecr0‚
1314 389 1627 443 aspernabilem

395 460 463 504 Ne
493 462 600 504 haec
630 462 863 504 taen-itudo
895 463 991 504 mea
1022 477 1090 504 me
1122 463 1286 506 inculta
1316 464 1447 507 fa'ixsi‘n
1478 499 1653 508 .....

947 557 1031 600 XV
1064 555 1131 615 (4)

397 633 652 689 Contempla
682 633 795 675 hanc
828 634 990 690 sedem,
1021 635 1067 676 in
1099 650 1184 691 qua
1215 637 1295 692 ego
1327 651 1485 679 nouem
1515 637 1678 680 hiemes
1705 639 1808 681 55Χο
1849 660 1856 668 -

1347 716 1506 756 sinatus
1538 716 1707 771 perssuli.

927 794 1034 838 XVI
1066 793 1163 852 (14)
1414 781 1422 787 ”

1191 873 1277 916 heu
1307 874 1536 924 Mulciber!

394 948 528 990 Arma
562 945 696 1010 [ergo]
730 948 891 1004 ignauo
925 948 1090 992 inuic’oa
1121 965 1166 992 65
1197 951 1434 994 fabricatas
1465 967 1608 995 manu.

914 1044 1043 1087 XVII
1075 1043 1171 1102 (19)

278 1120 365 1162 560
399 1119 557 1176 'Ipsam
589 1119 794 1176 Frygiam
828 1120 1045 1164 mitiorem
1077 1137 1168 1164 esse
1204 1120 1303 1180 [aiio]
1337 1124 1515 1166 immani
1547 1123 1735 1167 Graecia.

902 1216 1055 1259 XVIII
1088 1215 1184 1274 (22)

918 1293 1161 1337 Philocteta

397 1370 498 1412 Pari
530 1370 721 1425 dyspari,
760 1370 795 1411 si
832 1370 958 1426 inpzir
995 1387 1108 1414 esses
1146 1371 1244 1428 tibi,
1281 1374 1360 1428 ego
1399 1388 1514 1415 nunc
1549 1388 1639 1415 non
1670 1375 1816 1430 essem⁴

1343 1465 1483 1492 miser.

277 1578 428 1610 Verrius
453 1575 522 1620 aih:
546 1577 629 1610 loca
655 1577 808 1619 augurio
834 1576 1065 1621 desig[nata,
1093 1589 1162 1620 quo
1189 1579 1238 1611 sit
1262 1577 1438 1623 term]ino
1462 1580 1544 1613 finis
1561 1581 1600 1613 in
1623 1583 1718 1613 terra
1742 1591 1806 1614 au-

278 1623 371 1665 guri,
408 1622 567 1665 Op[ilius
592 1626 713 1655 autem
731 1620 918 1665 AureliJus
938 1623 1019 1656 loca
1037 1629 1255 1658 consecrata
1272 1625 1319 1657 ad
1339 1622 1608 1669 [augurandum
1625 1625 1804 1669 scripJSit.

277 1668 351 1700 Sed
377 1672 508 1700 sancta
532 1668 613 1700 loca
630 1668 788 1710 undique
809 1666 954 1711 [saepta
972 1666 1125 1712 doce]nt
1142 1669 1322 1712 pontificii
1343 1670 1445 1714 libri,
1471 1671 1510 1703 in
1528 1672 1659 1714 quibus
1678 1670 1805 1714 [scrip-

279 1717 355 1745 tum
382 1716 439 1756 est
463 1732 507 1736 —
531 1732 575 1736 —-
598 1731 641 1736 -—-
667 1712 795 1745 Cicero
821 1711 926 1755 n]ero
958 1725 1108 1757 aspera,
1140 1715 1308 1748 difficilia
1340 1716 1445 1749 aditu
1470 1735 1511 1740 —-
1544 1735 1586 1740 -—
1619 1715 1804 1759 [Accius

277 1759 322 1790 in
339 1757 655 1800 Philo]eteta:
682 1759 780 1800 quis
805 1761 851 1790 tu
877 1769 920 1791 es
938 1759 1165 1801 mortalis,
1194 1759 1291 1803 [qui
1309 1761 1353 1793 in
1371 1759 1576 1804 desert]a
1594 1765 1650 1794 et'
1670 1773 1702 1794 e.
1722 1773 1755 1804 q.
1773 1773 1802 1795 s.

277 1804 335 1836 Cf.
361 1804 508 1836 Horatii
539 1804 654 1846 Epist.
678 1804 696 1835 Ι
723 1805 782 1843 14,
810 1805 851 1836 19
966 1804 1052 1837 XIV
1075 1805 1168 1837 Non.
1197 1807 1278 1847 179,
1304 1807 1347 1839 32
1379 1807 1637 1840 ‘tetritudm
1674 1807 1803 1839 Accius

276 1850 500 1881 Fiioctita
531 1874 566 1882 ..
589 1852 616 1879 .’
710 1849 776 1881 XV
801 1849 893 1884 Non.
910 1850 995 1892 469,
1015 1852 1055 1882 31
1083 1852 1392 1893 ‘contempla.’
1485 1853 1571 1886 XVI
1595 1852 1803 1885 Macrobius

277 1894 356 1926 Sat.
377 1895 428 1927 VI
446 1896 478 1934 5,
502 1896 522 1927 2
549 1894 794 1926 ‘Mulciber
818 1897 875 1927 est
898 1895 1099 1937 Vulcanus,
1127 1896 1221 1938 quod
1246 1897 1343 1938 ignis
1369 1898 1416 1929 sii.
1441 1900 1477 1930 et
1501 1898 1621 1930 omnia
1645 1897 1804 1930 mulceat

276 1951 320 1972 ac
346 1940 491 1975 domet,’
591 1940 695 1973 XVII
718 1940 811 1972 Non.
839 1941 924 1980 323,
950 1941 992 1972 15
1016 1941 1224 1973 ‘immane
1250 1952 1390 1974 rursum
1415 1943 1560 1974 minime
1585 1943 1735 1984 bonum,
1767 1945 1803 1975 ei:

276 1996 413 2018 nocens
443 2010 451 2018 .
471 2010 480 2018 .
503 2010 511 2017 .
531 1988 560 2018 .’
677 1985 801 2018 XVIII
826 1985 1078 2025 Quintilianus
1102 1987 1135 2019 V
1161 1987 1216 2028 10,
1242 1987 1286 2019 84
1321 1990 1479 2020 ‘causas
1500 1994 1575 2027 non
1600 1989 1728 2030 utique
1754 1989 1800 2020 ab

276 2115 434 2152 appones
469 2104 594 2141 Varro
626 2104 792 2152 adportas
824 2105 931 2140 Festi
961 2105 1064 2150 cod„
1099 2105 1349 2142 Hermannus
1463 2106 1544 2143 555
1566 2117 1622 2154 sq.
1656 2107 1801 2155 adsper-

275 2160 426 2196 nabilem
457 2161 507 2196 Nc
538 2162 626 2197 haec
654 2161 906 2197 Hermannus
935 2172 980 2197 ne
1011 2161 1100 2197 haec
1130 2162 1388 2210 aspernabilem
1419 2164 1510 2199 libri
1612 2162 1692 2200 556
1725 2175 1801 2199 mea

276 2228 330 2252 me
360 2217 493 2253 inculta
526 2218 723 2266 Scaliyer,
754 2218 1007 2254 Hermannus
1043 2229 1119 2254 mea
1148 2218 1327 2255 inocculta
1357 2220 1448 2256 libr-i
1559 2219 1797 2257 faxsiizeid.

275 2273 362 2309 faxit
393 2275 515 2309 celeri
627 2274 707 2311 557
739 2285 890 2322 nouem,
921 2286 939 2310 a
969 2285 1189 2321 suprascr„
1221 2276 1325 2312 Leid.
1357 2287 1485 2312 nauem
1516 2277 1565 2312 W
1587 2277 1714 2313 Bamb.

275 2341 360 2366 saxo
393 2330 544 2377 Bamb.,
577 2332 657 2367 edd.
693 2336 773 2367 taxo
806 2333 928 2367 ceteri
953 2331 1045 2368 libri
1135 2332 1217 2369 558
1249 2331 1341 2368 cheu
1371 2333 1639 2379 Hermannus,
1675 2337 1798 2380 septe-

275 2389 428 2423 narium
461 2391 634 2423 statuens
747 2387 828 2424 559
861 2398 950 2436 ergo
982 2387 1233 2425 Hermannus
1262 2391 1301 2425 in
1331 2390 1500 2435 schedis,
1534 2402 1603 2426 om.
1635 2391 1725 2426 libri

275 2455 313 2478 cs
343 2444 476 2479 inuicta
507 2443 667 2480 Bolhius
801 2444 883 2482 560
920 2444 984 2481 Sic
1020 2456 1124 2481 nunc
1152 2447 1303 2492 scripsi.
1337 2444 1503 2494 Frygiam
1540 2447 1681 2482 mitiore
1718 2457 1798 2482 esse

275 2511 348 2536 sam
378 2500 483 2536 imani
511 2501 668 2536 Greciam
697 2501 806 2548 libri,
837 2501 914 2538 nisi
949 2503 1051 2549 quod
1085 2503 1162 2538 miti
1200 2512 1300 2538 more
1339 2513 1419 2538 esse
1451 2503 1594 2539 Genea.
1631 2503 1798 2550 mitymo-

275 2567 348 2592 rem
387 2568 430 2592 ex
466 2567 505 2592 se
543 2557 663 2593 Basil.
697 2557 861 2606 Frygiam
894 2559 1072 2594 mitiorem
1113 2569 1191 2594 esse
1228 2559 1371 2594 immani
1411 2558 1555 2594 Graecia
1595 2558 1798 2594 Mera-erus

275 2613 331 2649 Fr.
364 2624 443 2649 esse
474 2614 651 2650 mitiorem
672 2615 695 2649 i.
718 2613 758 2650 G.
782 2615 1032 2652 Hermannus
1061 2613 1118 2650 Fr.
1143 2615 1317 2650 minorem
1339 2625 1418 2650 esse
1449 2616 1504 2650 aio
1525 2616 1667 2650 immani
1687 2615 1795 2650 Grae-

274 2670 327 2705 cia
367 2670 540 2706 Naelcius
577 2681 707 2716 opusc
746 2671 771 2707 Ι
797 2671 863 2719 77,
901 2674 966 2708 cui
1001 2671 1175 2707 minorem
1213 2682 1292 2707 esse
1328 2671 1466 2708 Aldina
1507 2676 1795 2708 monstraueral

275 2725 331 2762 Fr.
367 2727 506 2762 mitiore
537 2737 636 2763 more
667 2738 745 2763 esse
777 2730 1097 2775 quam'immanem
1120 2727 1297 2764 Graeciam
1330 2728 1578 2774 Gerlaclcius,
1610 2733 1645 2764 et
1674 2729 1796 2764 imma-

274 2794 354 2818 nem
386 2783 564 2818 Graeciam
595 2784 734 2821 Aldina
764 2785 888 2821 habel.
923 2785 1007 2821 Non
1035 2786 1166 2831 placet
1197 2786 1362 2821 traditus
1391 2785 1597 2820 uerborum
1627 2786 1719 2821 ordo
1748 2813 1757 2822 .
1777 2813 1786 2822 .

275 2839 440 2887 Frygiam
471 2851 516 2875 m.
549 2851 580 2875 e.
613 2841 724 2888 ipsam
753 2841 777 2876 i.
810 2841 850 2878 G.
959 2840 1038 2878 561
1073 2840 1149 2876 Pari
1178 2840 1320 2889 dyspari
1361 2842 1390 2877 si
1419 2842 1521 2889 inpar
1551 2836 1665 2892 esses]
1699 2841 1795 2876 Pari-

277 2895 330 2931 dis
362 2897 462 2943 inpar
494 2906 591 2931 esses
622 2898 748 2933 Ambr.
781 2910 803 2934 α
836 2898 969 2935 Bamb.
1003 2910 1049 2934 m.
1073 2897 1095 2933 2
1128 2898 1235 2934 Flor.
1265 2898 1353 2934 Tur.
1385 2909 1469 2933 cum
1500 2899 1643 2945 aliquot
1671 2898 1793 2945 libris,
