1942 3204
259 192 343 235 234
591 194 913 228 INOERTORVM
941 193 1205 227 POETARVM
1229 192 1455 228 FABVLAE

811 297 1228 341 PENTHESILEA

995 374 1060 419 VI

378 447 689 490 F6rmidabant
721 448 921 490 obiurare

761 541 954 592 EQVVS
987 541 1284 585 TROIANVS

756 619 843 662 vn
875 617 988 676 (ΜΠ.
1018 619 1098 676 Eq.
1131 619 1201 663 Tr.
1232 617 1280 676 2)

604 711 697 739 sero
731 696 906 753 sapiunt
934 696 1139 753 Phryges.

944 816 947 820 .
973 774 1082 817 VIII

380 831 430 877 Si
459 833 597 877 sciens
628 834 733 877 fallo

686 927 916 973 CHORVS
947 928 1354 972 PROSERPINAE

380 1006 520 1049 inlicis
1216 1000 1219 1004 ’

257 1104 297 1133 ut
322 1102 359 1133 in
385 1101 545 1143 Odyssia
570 1104 717 1140 uetere,
745 1101 841 1144 quod
867 1105 923 1135 est
948 1101 1245 1145 antiquissimum
1271 1112 1437 1135 carmen:
1463 1111 1543 1134 mea
1567 1111 1675 1143 puer,
1701 1099 1788 1143 quid

259 1146 363 1179 uerbi
389 1157 433 1179 ex
459 1149 522 1179 tuo
546 1157 607 1180 ore
628 1147 761 1180 audio?
787 1147 886 1180 etin
909 1146 1040 1180 Nelei
1065 1148 1264 1180 carmine
1292 1156 1432 1189 eaque
1457 1147 1603 1189 prisco
1629 1146 1787 1179 saucia

256 1201 364 1234 puer
390 1191 497 1224 filia
523 1202 704 1233 sumam,
730 1192 794 1224 ubi
819 1195 943 1225 tamen
961 1193 1074 1225 Varro
1100 1193 1227 1226 cumA
1251 1202 1395 1235 puera
1420 1195 1526 1235 putat
1544 1191 1697 1232 dictum,
1723 1191 1789 1224 sed

257 1236 384 1269 Aelius
409 1236 520 1277 Stilo,
554 1237 733 1279 magister
764 1237 859 1278 eius,
894 1240 931 1269 et
954 1237 1102 1270 Asinius
1128 1240 1284 1271 contra.’
1321 1237 1468 1284 (nelgzi
1491 1237 1608 1279 Neap.
1633 1238 1789 1269 Mene-

256 1282 320 1314 lai
350 1281 517 1314 Merulae
550 1285 682 1317 ‘uetus
714 1283 809 1318 cod.’
843 1283 881 1315 in
912 1283 1005 1315 Enn.
1033 1293 1069 1325 p.
1095 1285 1139 1316 53
1233 1283 1428 1316 carmine
1459 1292 1602 1325 eaque
1635 1282 1787 1324 prisco

261 1326 343 1361 cod.
369 1327 567 1360 carmine
593 1338 729 1370 eoque
755 1328 905 1370 prisco
930 1327 1143 1370 Putschius‚
1171 1328 1342 1371 probauit
1366 1329 1597 1360 Hermannus
1614 1327 1729 1360 Elem.
1754 1327 1788 1360 d.

257 1383 302 1404 m.
331 1382 365 1414 p.
397 1373 474 1405 639.
523 1373 720 1405 carmine
747 1383 797 1406 eo
827 1383 1000 1415 quoque
1033 1374 1184 1416 prisco
1209 1383 1277 1415 ego
1303 1374 1544 1406 conieceram.
1577 1382 1607 1406 c.
1644 1383 1787 1415 aeque

257 1417 347 1460 pris
358 1428 405 1450 co
429 1418 476 1450 H.
496 1418 638 1450 Keilius
663 1421 785 1461 recte,
811 1422 851 1451 ut
875 1416 969 1461 uid.)

350 1463 623 1495 Paunmsnm
669 1464 803 1496 Festus
828 1474 861 1506 p.
891 1465 954 1496 189
979 1464 1026 1495 M.
1060 1464 1292 1499 ‘obiurare
1325 1462 1415 1507 [iure
1446 1462 1598 1496 iurando
1629 1463 1786 1496 obstrin-

261 1517 365 1548 gere,
405 1510 447 1540 ut
477 1511 533 1541 est
563 1506 616 1550 in]
650 1508 904 1541 Penthesilea:
939 1509 962 1541 f.
990 1511 1040 1542 o.’
1088 1509 1152 1551 (cf.
1185 1509 1366 1552 Bergkius
1396 1509 1547 1551 Ephem.
1581 1508 1667 1541 Hal.
1701 1509 1787 1541 1842

263 1564 298 1595 p.
328 1550 409 1594 219)
434 1552 488 1585 Ad
513 1553 668 1586 Ennium
695 1554 808 1587 refert
831 1553 925 1586 idem
950 1553 1031 1589 lnd.
1057 1553 1144 1589 lect.
1168 1554 1287 1587 Marb.
1314 1557 1407 1588 aest.
1435 1551 1521 1587 1844
1545 1565 1579 1596 p.
1603 1553 1688 1587 XVI

351 1599 481 1636 Evis
507 1598 716 1634 Tuomuvs.
762 1599 934 1631 Dubitari
959 1602 1082 1642 potest
1106 1609 1189 1631 num
1217 1599 1341 1632 eadem
1361 1599 1489 1632 fabula
1512 1598 1624 1632 fuerit
1641 1609 1685 1631 ac
1703 1599 1805 1631 Dei--

261 1642 413 1685 phobus
437 1643 542 1678 Attii.
582 1644 716 1676 Festus
740 1655 775 1687 p.
800 1645 867 1677 343
890 1644 939 1679 Μ.
971 1647 1090 1677 ‘sero
1121 1645 1305 1688 sapiunt
1333 1644 1532 1688 Phryges
1557 1644 1789 1687 prouerbium

259 1693 316 1720 est
339 1691 466 1726 natum
491 1699 513 1721 a
539 1689 729 1730 Troianis,
757 1689 818 1732 qui
843 1689 985 1722 decimo
1011 1689 1170 1732 denique
1197 1700 1294 1722 anno
1319 1689 1417 1723 uelle
1450 1693 1650 1733 coeperant
1673 1689 1788 1722 Hele-

257 1743 341 1765 nam
372 1743 539 1776 quaeque
571 1745 652 1767 cum
686 1745 729 1767 ea
760 1738 867 1767 erant
902 1738 1010 1778 rapta
1047 1730 1199 1768 reddere
1229 1735 1411 1770 Achiuis.’
1460 1735 1590 1769 cicero
1627 1734 1672 1767 ad
1697 1735 1787 1767 fam.

259 1778 328 1810 VlI
354 1780 395 1811 16
421 1779 480 1811 ‘in
505 1780 627 1821 Equo
652 1780 847 1813 Troiano
872 1780 943 1812 scis
968 1790 1048 1813 esse
1072 1780 1117 1813 iu
1143 1783 1360 1813 extremo:
1387 1790 1487 1813 sero
1512 1779 1729 1822 sapiunt.’

260 1823 348 1856 VIII
374 1823 503 1857 Cicero
527 1823 574 1856 ad
599 1825 684 1858 fam.
710 1825 779 1858 VlI
805 1826 844 1867 1,
869 1827 890 1858 2
916 1825 1101 1866 ‘omnium
1133 1826 1164 1857 si
1196 1825 1361 1868 quaeri&
1394 1825 1492 1858 ludi'
1519 1823 1567 1866 (a.
1593 1825 1674 1866 699)
1701 1824 1787 1857 ‘ad-

257 1868 502 1910 paratissimi,
528 1869 594 1902 sed
619 1881 692 1903 non
716 1870 772 1903 tui
796 1870 995 1911 stomachi3
1022 1871 1268 1904 coniecturam
1287 1871 1383 1903 enim
1401 1871 1500 1903 facio
1518 1870 1561 1903 de
1579 1880 1670 1903 meo.
1703 1880 1785 1902 nam

257 1914 409 1955 primurn
434 1913 584 1947 honoris
610 1926 722 1948 causa
746 1916 783 1948 in
809 1926 982 1948 scaenam
1007 1915 1195 1948 redierant
1221 1916 1274 1956 ci,
1301 1925 1389 1958 quos
1414 1926 1483 1958 ego
1499 1915 1649 1948 honoris
1674 1924 1787 1948 causa·

259 1959 303 1991 de
335 1969 476 1992 scaena
505 1959 657 1993 decesse
689 1961 911 1994 arbitrabar.
960 1960 1117 1994 deliciae
1149 1971 1237 1993 uero
1269 1964 1373 2001 tuae,
1405 1964 1532 1994 noster
1562 1959 1785 2003 Aesopus,

257 2004 435 2037 eiusmodi
459 2005 546 2046 fuit,
572 2009 613 2037 ut
638 2006 673 2038 ei
698 2006 867 2039 desinere
892 2016 957 2049 per
975 2006 1271 2040 omnis.homines
1287 2006 1429 2039 liceret.
1471 2007 1503 2038 is
1526 2005 1679 2038 iurare
1706 2015 1786 2038 cum

259 2050 457 2091 coepisset,
488 2059 559 2082 uox
590 2061 671 2083 eum
702 2051 844 2084 defecit
873 2052 911 2083 in
941 2050 1006 2084 illo
1037 2051 1134 2083 loco:
1174 2051 1209 2083 si
1240 2051 1392 2084 sciens
1425 2050 1549 2083 fallo.
1598 2049 1685 2092 quid
1716 2051 1787 2083 tibi

260 2104 328 2136 ego
354 2094 430 2127 alia
454 2098 623 2129 narrem?
646 2097 754 2129 'nosti
785 2097 882 2129 enim
911 2097 1074 2139 reliquos
1099 2095 1219 2137 ludos,
1257 2097 1316 2138 qui
1341 2106 1387 2128 ne
1416 2095 1455 2128 id
1480 2095 1626 2138 quidem
1650 2095 1786 2138 leporis

257 2139 482 2180 habuerunt,
510 2140 604 2182 quod
629 2141 750 2174 solent
774 2142 979 2175 mediocres
1003 2141 1096 2174 ludi:
1123 2141 1325 2184 adparatus
1351 2140 1446 2173 enim
1472 2139 1655 2183 spectatio
1680 2140 1786 2174 tolle-

257 2185 323 2217 bat
342 2191 488 2217 'omnem
512 2184 759 2228 hilaritatem,
793 2197 862 2230 quo
894 2187 1037 2228 quidem
1070 2186 1253 2229 adparatu
1282 2197 1354 2218 non
1386 2185 1512 2219 dubito
1544 2186 1631 2228 quin
1664 2185 1785 2218 animo

259 2230 483 2270 aequissimo
515 2232 687 2264 carueris.
738 2232 824 2274 quid
857 2233 952 2265 enim
985 2231 1244 2264 delectationis
1275 2231 1412 2264 habent
1441 2231 1643 2264 sescenti
1679 2231 1785 2263 muli

258 2275 298 2306 in
325 2273 708 2317 Clytaemestra?
735 2279 804 2319 (sic
823 2275 920 2319 cod.)
947 2279 1027 2309 ‘aut
1051 2277 1095 2309 in
1119 2277 1238 2317 Equo
1264 2276 1461 2309 Troiano
1487 2279 1784 2310 creterrarum

258 2320 347 2352 tria
372 2320 522 2353 milia?
548 2325 613 2354 aut
631 2325 818 2355 armatura
834 2323 940 2355 uaria
958 2321 1144 2365 peditatus
1162 2324 1199 2354 et
1217 2321 1403 2364 equitatus
1419 2321 1458 2353 in
1477 2321 1602 2363 aliqua
1620 2331 1744 2364 pugna
1753 2322 1785 2353 ‘P

349 2364 501 2410 Cflonvs
519 2366 783 2400 Pnosnnpmin
803 2367 919 2401 Varro
938 2367 982 2400 de
1001 2367 1025 2403 l.
1046 2367 1087 2402 L.
1105 2367 1156 2400 VI
1173 2368 1217 2400 94
1241 2369 1416 2405 ‘nonssest
1434 2366 1581 2400 dubium
1601 2367 1687 2409 quin
1712 2366 1782 2399 hoc

258 2486 389 2523 codice
420 2487 662 2523 antecedunt.
733 2498 825 2535 puer
846 2488 948 2530 cod.,
970 2486 1104 2523 Aelius
1125 2486 1219 2523 Stilo
1250 2490 1286 2522 et
1305 2485 1461 2522 Asinius
1491 2486 1546 2533 cf.
1569 2486 1782 2523 Lachman-

256 2553 331 2579 ηας
346 2544 385 2579 in
401 2542 517 2579 Luer.
531 2542 577 2579 ΙΙ
589 2543 669 2580 991
690 2554 810 2593 puerzr
825 2543 962 2590 Varro,
983 2543 1268 2580 Lindemannus
1334 2542 1516 2578 Summani
1533 2542 1797 2594 Hermamms-

255 2601 283 2635 l.
303 2600 329 2635 l.
351 2597 532 2635 Salmonei
556 2599 597 2635 0.
617 2599 831 2636 Muellerus
851 2602 890 2636 in
906 2601 1061 2637 Festum
1079 2611 1119 2647 p.
1136 2599 1216 2637 388
1293 2603 1414 2635 sancta
1435 2609 1526 2646 puer
1546 2598 1690 2637 Saturni
1712 2596 1782 2634 lilia
1808 2614 1813 2618 ⁴

257 2655 384 2703 regina
403 2655 506 2697 Liuii
522 2655 735 2692 Andronici
754 2656 978 2693 Saturnium
999 2666 1212 2704 aynoscere
1231 2656 1305 2692 sibi
1322 2657 1428 2692 uisus
1449 2660 1505 2691 est
1524 2655 1781 2700 Duentzerus,

257 2712 398 2759 dequo
420 2713 505 2749 dixi
532 2714 572 2748 in
602 2714 747 2749 annall.
764 2713 915 2759 plu'loll.
937 2712 1140 2749 LXXVII
1150 2724 1193 2759 p.
1217 2711 1311 2748 211.
1399 2710 1482 2747 Nec
1511 2721 1690 2747 numeros
1712 2721 1784 2747 nec

259 2769 380 2804 uerba
399 2773 557 2816 tanyere
574 2769 710 2814 audeo,
734 2771 803 2806 sed
821 2770 974 2806 uidetur
993 2774 1115 2804 saneta
1136 2780 1172 2816 p.
1196 2767 1222 2807 s.
1245 2767 1389 2804 Saturni
1406 2777 1543 2804 *uerum
1565 2777 1662 2812 esse,
1684 2767 1786 2814 quod

256 2825 390 2861 iambis
410 2826 466 2861 sic
482 2824 594 2872 fere.-
614 2830 734 2862 sancta
756 2825 848 2872 filia,
876 2821 882 2875 Ι
909 2823 1001 2861 Puer
1021 2824 1167 2861 Saturni
1188 2824 1490 2872 comprehendas
1575 2822 1600 2860 8
1624 2821 1706 2860 sero
1727 2834 1783 2859 sa-

257 2880 362 2928 piunt
385 2879 481 2917 minc
503 2880 663 2930 Phryges
690 2887 839 2929 poetam
863 2882 1012 2919 dedisse
1034 2885 1130 2929 puto
