<?xml version="1.0" encoding="UTF-8"?>
<!DOCTYPE html PUBLIC "-//W3C//DTD XHTML 1.0 Transitional//EN"
    "http://www.w3.org/TR/xhtml1/DTD/xhtml1-transitional.dtd">
<html xmlns="http://www.w3.org/1999/xhtml" xml:lang="en" lang="en">
 <head>
  <title>
</title>
<meta http-equiv="Content-Type" content="text/html;charset=utf-8" />
  <meta name='ocr-system' content='tesseract 3.04.00' />
  <meta name='ocr-capabilities' content='ocr_page ocr_carea ocr_par ocr_line ocrx_word'/>
</head>
<body>
  <div class='ocr_page' id='page_1' title='image "./romanorumpoes01ribbuoft_0077.png"; bbox 0 0 1942 3204; ppageno 0'>
   <div class='ocr_carea' id='block_1_1' title="bbox 743 217 1691 255">
    <p class='ocr_par' dir='ltr' id='par_1_1' title="bbox 743 217 1691 255">
     <span class='ocr_line' id='line_1_1' title="bbox 743 217 1691 255; baseline -0.001 0"><span class='ocrx_word' id='word_1_1' title='bbox 743 217 1094 255; x_wconf 79' lang='lat' dir='ltr'><strong>COROLLARIVM</strong></span> <span class='ocrx_word' id='word_1_2' title='bbox 1540 218 1691 254; x_wconf 72' lang='lat' dir='ltr'><strong>Lxxul</strong></span> 
     </span>
    </p>
   </div>
   <div class='ocr_carea' id='block_1_2' title="bbox 154 324 1691 739">
    <p class='ocr_par' dir='ltr' id='par_1_2' title="bbox 156 324 1691 453">
     <span class='ocr_line' id='line_1_2' title="bbox 156 324 1691 383; baseline -0.003 -10"><span class='ocrx_word' id='word_1_3' title='bbox 156 330 390 373; x_wconf 77' lang='lat' dir='ltr'><strong>creterra</strong></span> <span class='ocrx_word' id='word_1_4' title='bbox 428 324 562 382; x_wconf 79' lang='grc' dir='ltr'><em>ὑδρία</em></span> <span class='ocrx_word' id='word_1_5' title='bbox 608 327 646 370; x_wconf 92' lang='lat' dir='ltr'><em>L</em></span> <span class='ocrx_word' id='word_1_6' title='bbox 683 328 891 370; x_wconf 77' lang='lat' dir='ltr'><strong>creterrae</strong></span> <span class='ocrx_word' id='word_1_7' title='bbox 930 325 1097 381; x_wconf 58' lang='lat' dir='ltr'><strong>Paulus</strong></span> <span class='ocrx_word' id='word_1_8' title='bbox 1139 340 1181 383; x_wconf 72' lang='lat'><strong>1&gt;-</strong></span> <span class='ocrx_word' id='word_1_9' title='bbox 1222 326 1277 368; x_wconf 84' lang='lat'><strong>53</strong></span> <span class='ocrx_word' id='word_1_10' title='bbox 1317 326 1376 369; x_wconf 89' lang='lat' dir='ltr'><strong><em>M</em></strong></span> <span class='ocrx_word' id='word_1_11' title='bbox 1406 346 1462 364; x_wconf 87' lang='lat'>=</span> <span class='ocrx_word' id='word_1_12' title='bbox 1502 325 1691 370; x_wconf 74' lang='lat' dir='ltr'><strong>Naevius</strong></span> 
     </span>
     <span class='ocr_line' id='line_1_3' title="bbox 268 396 603 453; baseline -0.006 -13"><span class='ocrx_word' id='word_1_13' title='bbox 268 397 380 453; x_wconf 85' lang='lat' dir='ltr'><strong>apud</strong></span> <span class='ocrx_word' id='word_1_14' title='bbox 410 396 603 440; x_wconf 88' lang='lat' dir='ltr'>Nonium</span> 
     </span>
    </p>

    <p class='ocr_par' dir='ltr' id='par_1_3' title="bbox 155 462 1381 523">
     <span class='ocr_line' id='line_1_4' title="bbox 155 462 1381 523; baseline -0.001 -16"><span class='ocrx_word' id='word_1_15' title='bbox 155 466 348 523; x_wconf 83' lang='lat' dir='ltr'><strong>‹leiugo</strong></span> <span class='ocrx_word' id='word_1_16' title='bbox 379 463 613 520; x_wconf 80' lang='grc' dir='ltr'><em>ἅποζυγόω</em></span> <span class='ocrx_word' id='word_1_17' title='bbox 644 464 684 508; x_wconf 91' lang='lat' dir='ltr'><em>L</em></span> <span class='ocrx_word' id='word_1_18' title='bbox 713 485 769 501; x_wconf 89' lang='lat'><strong>-=</strong></span> <span class='ocrx_word' id='word_1_19' title='bbox 800 463 1016 508; x_wconf 79' lang='lat' dir='ltr'><strong>Pacuvius</strong></span> <span class='ocrx_word' id='word_1_20' title='bbox 1045 462 1158 519; x_wconf 86' lang='lat' dir='ltr'><strong>apud</strong></span> <span class='ocrx_word' id='word_1_21' title='bbox 1188 462 1381 506; x_wconf 85' lang='lat' dir='ltr'><strong>Nonium</strong></span> 
     </span>
    </p>

    <p class='ocr_par' dir='ltr' id='par_1_4' title="bbox 154 540 1691 670">
     <span class='ocr_line' id='line_1_5' title="bbox 154 540 1691 603; baseline -0.003 -12"><span class='ocrx_word' id='word_1_22' title='bbox 154 546 397 603; x_wconf 88' lang='lat' dir='ltr'><strong>domitone,</strong></span> <span class='ocrx_word' id='word_1_23' title='bbox 448 559 526 589; x_wconf 80' lang='lat' dir='ltr'><strong>scr.</strong></span> <span class='ocrx_word' id='word_1_24' title='bbox 572 544 958 589; x_wconf 76' lang='lat' dir='ltr'><strong>domuitionem</strong></span> <span class='ocrx_word' id='word_1_25' title='bbox 1010 540 1239 588; x_wconf 72' lang='grc' dir='ltr'><em>ἐπάνοδον</em></span> <span class='ocrx_word' id='word_1_26' title='bbox 1284 544 1323 587; x_wconf 91' lang='lat' dir='ltr'><em>L</em></span> <span class='ocrx_word' id='word_1_27' title='bbox 1364 543 1691 600; x_wconf 84' lang='lat' dir='ltr'><strong>domuitionem,</strong></span> 
     </span>
     <span class='ocr_line' id='line_1_6' title="bbox 268 613 1403 670; baseline -0.004 -11"><span class='ocrx_word' id='word_1_28' title='bbox 268 616 419 659; x_wconf 89' lang='lat' dir='ltr'><strong>domus</strong></span> <span class='ocrx_word' id='word_1_29' title='bbox 449 614 633 658; x_wconf 88' lang='lat' dir='ltr'><strong>reditum</strong></span> <span class='ocrx_word' id='word_1_30' title='bbox 665 613 708 657; x_wconf 93' lang='lat' dir='ltr'><em>P</em></span> <span class='ocrx_word' id='word_1_31' title='bbox 734 635 788 650; x_wconf 91' lang='lat'><em>=</em></span> <span class='ocrx_word' id='word_1_32' title='bbox 821 613 1036 657; x_wconf 79' lang='lat' dir='ltr'><strong>Pacuvius</strong></span> <span class='ocrx_word' id='word_1_33' title='bbox 1066 613 1180 670; x_wconf 89' lang='lat' dir='ltr'><strong>apud</strong></span> <span class='ocrx_word' id='word_1_34' title='bbox 1209 613 1403 656; x_wconf 89' lang='lat' dir='ltr'><strong>Nonium</strong></span> 
     </span>
    </p>

    <p class='ocr_par' dir='ltr' id='par_1_5' title="bbox 155 682 1314 739">
     <span class='ocr_line' id='line_1_7' title="bbox 155 682 1314 739; baseline -0.003 -11"><span class='ocrx_word' id='word_1_35' title='bbox 155 686 390 728; x_wconf 88' lang='lat' dir='ltr'><strong>dusmum</strong></span> <span class='ocrx_word' id='word_1_36' title='bbox 420 684 631 727; x_wconf 84' lang='lat' dir='ltr'><strong>incultum</strong></span> <span class='ocrx_word' id='word_1_37' title='bbox 661 683 785 727; x_wconf 90' lang='lat' dir='ltr'><strong>P·=</strong></span> <span class='ocrx_word' id='word_1_38' title='bbox 816 682 968 726; x_wconf 76' lang='lat' dir='ltr'><strong>Livius</strong></span> <span class='ocrx_word' id='word_1_39' title='bbox 997 683 1110 739; x_wconf 86' lang='lat' dir='ltr'><strong>apud</strong></span> <span class='ocrx_word' id='word_1_40' title='bbox 1140 682 1314 726; x_wconf 90' lang='lat' dir='ltr'><strong>Festum</strong></span> 
     </span>
    </p>
   </div>
   <div class='ocr_carea' id='block_1_3' title="bbox 155 762 1691 962">
    <p class='ocr_par' dir='ltr' id='par_1_6' title="bbox 155 762 1691 962">
     <span class='ocr_line' id='line_1_8' title="bbox 155 762 1691 820; baseline -0.004 -11"><span class='ocrx_word' id='word_1_41' title='bbox 155 765 303 809; x_wconf 86' lang='lat' dir='ltr'><strong>facul</strong></span> <span class='ocrx_word' id='word_1_42' title='bbox 334 764 460 808; x_wconf 86' lang='lat' dir='ltr'><strong>facile</strong></span> <span class='ocrx_word' id='word_1_43' title='bbox 492 764 551 818; x_wconf 89' lang='lat' dir='ltr'><strong>P,</strong></span> <span class='ocrx_word' id='word_1_44' title='bbox 593 764 759 809; x_wconf 74' lang='lat' dir='ltr'><strong>Paubus</strong></span> <span class='ocrx_word' id='word_1_45' title='bbox 780 779 827 820; x_wconf 78' lang='lat' dir='ltr'><strong>p.</strong></span> <span class='ocrx_word' id='word_1_46' title='bbox 861 764 914 807; x_wconf 81' lang='lat'><strong>87</strong></span> <span class='ocrx_word' id='word_1_47' title='bbox 946 763 1012 807; x_wconf 84' lang='lat' dir='ltr'><strong>M.</strong></span> <span class='ocrx_word' id='word_1_48' title='bbox 1045 786 1099 800; x_wconf 91' lang='lat'>=</span> <span class='ocrx_word' id='word_1_49' title='bbox 1132 763 1365 819; x_wconf 79' lang='lat' dir='ltr'><strong>Pacuvius,</strong></span> <span class='ocrx_word' id='word_1_50' title='bbox 1400 764 1550 807; x_wconf 80' lang='lat' dir='ltr'><strong>Accius</strong></span> <span class='ocrx_word' id='word_1_51' title='bbox 1580 762 1691 817; x_wconf 81' lang='lat' dir='ltr'><strong>apud</strong></span> 
     </span>
     <span class='ocr_line' id='line_1_9' title="bbox 269 833 746 878; baseline -0.004 0"><span class='ocrx_word' id='word_1_52' title='bbox 269 834 463 878; x_wconf 90' lang='lat' dir='ltr'><strong>Nonium</strong></span> <span class='ocrx_word' id='word_1_53' title='bbox 486 850 495 876; x_wconf 92' lang='lat'>:</span> <span class='ocrx_word' id='word_1_54' title='bbox 518 834 571 877; x_wconf 85' lang='lat' dir='ltr'><strong>ef.</strong></span> <span class='ocrx_word' id='word_1_55' title='bbox 594 833 746 877; x_wconf 90' lang='lat' dir='ltr'><strong>Festus</strong></span> 
     </span>
     <span class='ocr_line' id='line_1_10' title="bbox 155 900 1411 962; baseline -0.002 -15"><span class='ocrx_word' id='word_1_56' title='bbox 155 904 398 962; x_wconf 88' lang='lat' dir='ltr'><strong>fulgurio</strong></span> <span class='ocrx_word' id='word_1_57' title='bbox 430 900 667 958; x_wconf 77' lang='grc' dir='ltr'><strong><em>ἀστράπτω</em></strong></span> <span class='ocrx_word' id='word_1_58' title='bbox 699 903 738 946; x_wconf 93' lang='lat' dir='ltr'><em>L</em></span> <span class='ocrx_word' id='word_1_59' title='bbox 770 924 824 938; x_wconf 90' lang='lat'>=</span> <span class='ocrx_word' id='word_1_60' title='bbox 855 901 1046 946; x_wconf 78' lang='lat' dir='ltr'><strong>Naevius</strong></span> <span class='ocrx_word' id='word_1_61' title='bbox 1075 902 1188 959; x_wconf 86' lang='lat' dir='ltr'><strong>apud</strong></span> <span class='ocrx_word' id='word_1_62' title='bbox 1218 901 1411 945; x_wconf 91' lang='lat' dir='ltr'><strong>Nonium</strong></span> 
     </span>
    </p>
   </div>
   <div class='ocr_carea' id='block_1_4' title="bbox 155 978 1691 1316">
    <p class='ocr_par' dir='ltr' id='par_1_7' title="bbox 157 978 1690 1166">
     <span class='ocr_line' id='line_1_11' title="bbox 157 978 1690 1040; baseline -0.003 -12"><span class='ocrx_word' id='word_1_63' title='bbox 157 984 522 1028; x_wconf 85' lang='lat' dir='ltr'><strong>inenodabilis</strong></span> <span class='ocrx_word' id='word_1_64' title='bbox 553 984 772 1040; x_wconf 82' lang='grc' dir='ltr'><em>δυσχερής</em></span> <span class='ocrx_word' id='word_1_65' title='bbox 811 978 973 1034; x_wconf 65' lang='lat' dir='ltr'><strong>{il-vtes</strong></span> <span class='ocrx_word' id='word_1_66' title='bbox 1012 985 1197 1034; x_wconf 79' lang='grc' dir='ltr'><strong><em>πλακείς</em></strong></span> <span class='ocrx_word' id='word_1_67' title='bbox 1235 981 1399 1039; x_wconf 83' lang='grc' dir='ltr'><em>ἄδηλος</em></span> <span class='ocrx_word' id='word_1_68' title='bbox 1430 983 1468 1026; x_wconf 93' lang='lat' dir='ltr'><em>L</em></span> <span class='ocrx_word' id='word_1_69' title='bbox 1508 983 1690 1025; x_wconf 89' lang='lat' dir='ltr'><strong>ineno-</strong></span> 
     </span>
     <span class='ocr_line' id='line_1_12' title="bbox 270 1050 1689 1110; baseline -0.002 -14"><span class='ocrx_word' id='word_1_70' title='bbox 270 1053 447 1096; x_wconf 87' lang='lat' dir='ltr'><strong>dabile</strong></span> <span class='ocrx_word' id='word_1_71' title='bbox 486 1054 600 1110; x_wconf 91' lang='lat' dir='ltr'><strong>quod</strong></span> <span class='ocrx_word' id='word_1_72' title='bbox 630 1053 740 1096; x_wconf 91' lang='lat' dir='ltr'><strong>solui</strong></span> <span class='ocrx_word' id='word_1_73' title='bbox 778 1067 869 1096; x_wconf 91' lang='lat' dir='ltr'><strong>non</strong></span> <span class='ocrx_word' id='word_1_74' title='bbox 899 1054 1042 1109; x_wconf 89' lang='lat' dir='ltr'><strong>potest</strong></span> <span class='ocrx_word' id='word_1_75' title='bbox 1070 1053 1125 1095; x_wconf 90' lang='lat' dir='ltr'><em>H</em></span> <span class='ocrx_word' id='word_1_76' title='bbox 1149 1053 1199 1107; x_wconf 84' lang='lat' dir='ltr'><strong>cf.</strong></span> <span class='ocrx_word' id='word_1_77' title='bbox 1241 1052 1283 1096; x_wconf 89' lang='lat' dir='ltr'><strong><em>V</em></strong></span> <span class='ocrx_word' id='word_1_78' title='bbox 1307 1074 1361 1088; x_wconf 92' lang='lat'>=</span> <span class='ocrx_word' id='word_1_79' title='bbox 1392 1051 1547 1096; x_wconf 78' lang='lat' dir='ltr'><strong>Accius</strong></span> <span class='ocrx_word' id='word_1_80' title='bbox 1577 1050 1689 1107; x_wconf 85' lang='lat' dir='ltr'><strong>apud</strong></span> 
     </span>
     <span class='ocr_line' id='line_1_13' title="bbox 269 1122 462 1166; baseline -0.005 0"><span class='ocrx_word' id='word_1_81' title='bbox 269 1122 462 1166; x_wconf 78' lang='lat' dir='ltr'><strong>Nonium</strong></span> 
     </span>
    </p>

    <p class='ocr_par' dir='ltr' id='par_1_8' title="bbox 155 1189 1691 1316">
     <span class='ocr_line' id='line_1_14' title="bbox 155 1189 1691 1249; baseline -0.003 -14"><span class='ocrx_word' id='word_1_82' title='bbox 155 1192 312 1249; x_wconf 84' lang='lat' dir='ltr'><strong>lapit,</strong></span> <span class='ocrx_word' id='word_1_83' title='bbox 343 1191 504 1234; x_wconf 83' lang='lat' dir='ltr'><strong>cruciat</strong></span> <span class='ocrx_word' id='word_1_84' title='bbox 532 1191 736 1234; x_wconf 85' lang='lat' dir='ltr'><strong>sollicitat</strong></span> <span class='ocrx_word' id='word_1_85' title='bbox 766 1191 921 1234; x_wconf 89' lang='lat' dir='ltr'><strong>doliter</strong></span> <span class='ocrx_word' id='word_1_86' title='bbox 951 1190 1046 1248; x_wconf 84' lang='lat' dir='ltr'><strong>(scr.</strong></span> <span class='ocrx_word' id='word_1_87' title='bbox 1079 1191 1292 1248; x_wconf 86' lang='lat' dir='ltr'><strong>dolenter)</strong></span> <span class='ocrx_word' id='word_1_88' title='bbox 1325 1190 1359 1233; x_wconf 84' lang='lat' dir='ltr'><strong><em>S</em></strong></span> <span class='ocrx_word' id='word_1_89' title='bbox 1386 1190 1512 1246; x_wconf 86' lang='lat' dir='ltr'><strong>lapit,</strong></span> <span class='ocrx_word' id='word_1_90' title='bbox 1545 1189 1691 1232; x_wconf 89' lang='lat' dir='ltr'><strong>dolore</strong></span> 
     </span>
     <span class='ocr_line' id='line_1_15' title="bbox 271 1258 1488 1316; baseline -0.002 -13"><span class='ocrx_word' id='word_1_91' title='bbox 271 1259 406 1303; x_wconf 84' lang='lat' dir='ltr'><strong>afficit</strong></span> <span class='ocrx_word' id='word_1_92' title='bbox 438 1260 604 1304; x_wconf 81' lang='lat' dir='ltr'><strong>Paulus</strong></span> <span class='ocrx_word' id='word_1_93' title='bbox 632 1276 674 1316; x_wconf 90' lang='lat' dir='ltr'><strong>p.</strong></span> <span class='ocrx_word' id='word_1_94' title='bbox 710 1260 789 1303; x_wconf 91' lang='grc'><strong>118</strong></span> <span class='ocrx_word' id='word_1_95' title='bbox 819 1282 875 1296; x_wconf 93' lang='lat'>=</span> <span class='ocrx_word' id='word_1_96' title='bbox 908 1260 1124 1304; x_wconf 78' lang='lat' dir='ltr'><strong>Pacuvius</strong></span> <span class='ocrx_word' id='word_1_97' title='bbox 1153 1259 1266 1316; x_wconf 86' lang='lat' dir='ltr'><strong>apud</strong></span> <span class='ocrx_word' id='word_1_98' title='bbox 1296 1258 1488 1302; x_wconf 89' lang='lat' dir='ltr'><strong>Nonium</strong></span> 
     </span>
    </p>
   </div>
   <div class='ocr_carea' id='block_1_5' title="bbox 155 1338 1687 1466">
    <p class='ocr_par' dir='ltr' id='par_1_9' title="bbox 155 1338 1687 1466">
     <span class='ocr_line' id='line_1_16' title="bbox 155 1338 1687 1396; baseline -0.003 -11"><span class='ocrx_word' id='word_1_99' title='bbox 155 1342 487 1385; x_wconf 87' lang='lat' dir='ltr'><strong>manticulor</strong></span> <span class='ocrx_word' id='word_1_100' title='bbox 517 1340 778 1396; x_wconf 77' lang='grc' dir='ltr'><em>τεχνάζομαι</em></span> <span class='ocrx_word' id='word_1_101' title='bbox 810 1342 848 1384; x_wconf 94' lang='lat' dir='ltr'><em>L</em></span> <span class='ocrx_word' id='word_1_102' title='bbox 879 1342 942 1385; x_wconf 88' lang='lat' dir='ltr'><strong>ad</strong></span> <span class='ocrx_word' id='word_1_103' title='bbox 972 1341 1431 1385; x_wconf 84' lang='lat' dir='ltr'><strong>manticulandum</strong></span> <span class='ocrx_word' id='word_1_104' title='bbox 1463 1340 1577 1382; x_wconf 83' lang='lat' dir='ltr'><strong>P=</strong></span> <span class='ocrx_word' id='word_1_105' title='bbox 1601 1338 1687 1381; x_wconf 75' lang='lat' dir='ltr'><strong>Pa-</strong></span> 
     </span>
     <span class='ocr_line' id='line_1_17' title="bbox 269 1409 763 1466; baseline -0.002 -12"><span class='ocrx_word' id='word_1_106' title='bbox 269 1412 413 1454; x_wconf 77' lang='lat' dir='ltr'><strong>cuvius</strong></span> <span class='ocrx_word' id='word_1_107' title='bbox 443 1411 557 1466; x_wconf 88' lang='lat' dir='ltr'><strong>apud</strong></span> <span class='ocrx_word' id='word_1_108' title='bbox 586 1409 763 1454; x_wconf 87' lang='lat' dir='ltr'><strong>Festum</strong></span> 
     </span>
    </p>
   </div>
   <div class='ocr_carea' id='block_1_6' title="bbox 155 1490 1691 1683">
    <p class='ocr_par' dir='ltr' id='par_1_10' title="bbox 155 1490 1691 1683">
     <span class='ocr_line' id='line_1_18' title="bbox 155 1490 1510 1548; baseline -0.001 -14"><span class='ocrx_word' id='word_1_109' title='bbox 155 1494 474 1535; x_wconf 85' lang='lat' dir='ltr'><strong>matrescere</strong></span> <span class='ocrx_word' id='word_1_110' title='bbox 504 1490 741 1548; x_wconf 77' lang='grc' dir='ltr'><em>μητράζειν</em></span> <span class='ocrx_word' id='word_1_111' title='bbox 772 1492 810 1534; x_wconf 92' lang='lat' dir='ltr'><em>L</em></span> <span class='ocrx_word' id='word_1_112' title='bbox 841 1514 896 1528; x_wconf 90' lang='lat'>=</span> <span class='ocrx_word' id='word_1_113' title='bbox 929 1492 1144 1536; x_wconf 76' lang='lat' dir='ltr'><strong>Pacuvius</strong></span> <span class='ocrx_word' id='word_1_114' title='bbox 1173 1492 1287 1548; x_wconf 87' lang='lat' dir='ltr'><strong>apud</strong></span> <span class='ocrx_word' id='word_1_115' title='bbox 1316 1490 1510 1534; x_wconf 89' lang='lat' dir='ltr'><strong>Nonium</strong></span> 
     </span>
     <span class='ocr_line' id='line_1_19' title="bbox 155 1569 1691 1628; baseline -0.003 -13"><span class='ocrx_word' id='word_1_116' title='bbox 155 1586 299 1623; x_wconf 77' lang='lat' dir='ltr'><strong>moro</strong></span> <span class='ocrx_word' id='word_1_117' title='bbox 340 1570 480 1627; x_wconf 76' lang='grc' dir='ltr'><em>διάγω</em></span> <span class='ocrx_word' id='word_1_118' title='bbox 519 1573 734 1627; x_wconf 77' lang='grc' dir='ltr'><em>διατρίβω</em></span> <span class='ocrx_word' id='word_1_119' title='bbox 774 1575 981 1628; x_wconf 80' lang='grc' dir='ltr'><strong><em>παρέλκω</em></strong></span> <span class='ocrx_word' id='word_1_120' title='bbox 1021 1574 1061 1617; x_wconf 93' lang='lat' dir='ltr'><em>L</em></span> <span class='ocrx_word' id='word_1_121' title='bbox 1100 1595 1154 1609; x_wconf 88' lang='lat'><strong>-—-</strong></span> <span class='ocrx_word' id='word_1_122' title='bbox 1194 1573 1410 1617; x_wconf 75' lang='lat' dir='ltr'><strong>Pacuvius</strong></span> <span class='ocrx_word' id='word_1_123' title='bbox 1447 1570 1559 1627; x_wconf 87' lang='lat' dir='ltr'><strong>apud</strong></span> <span class='ocrx_word' id='word_1_124' title='bbox 1591 1569 1691 1612; x_wconf 91' lang='lat' dir='ltr'><strong>Dio-</strong></span> 
     </span>
     <span class='ocr_line' id='line_1_20' title="bbox 272 1640 438 1683; baseline 0.006 -1"><span class='ocrx_word' id='word_1_125' title='bbox 272 1640 438 1683; x_wconf 88' lang='lat' dir='ltr'><strong>medem</strong></span> 
     </span>
    </p>
   </div>
   <div class='ocr_carea' id='block_1_7' title="bbox 156 1708 1690 1903">
    <p class='ocr_par' dir='ltr' id='par_1_11' title="bbox 156 1708 1690 1903">
     <span class='ocr_line' id='line_1_21' title="bbox 157 1708 1690 1765; baseline -0.002 -13"><span class='ocrx_word' id='word_1_126' title='bbox 157 1709 448 1765; x_wconf 87' lang='lat' dir='ltr'><strong>nefredem,</strong></span> <span class='ocrx_word' id='word_1_127' title='bbox 478 1710 689 1753; x_wconf 84' lang='lat' dir='ltr'><strong>infantem</strong></span> <span class='ocrx_word' id='word_1_128' title='bbox 719 1711 911 1754; x_wconf 88' lang='lat' dir='ltr'><strong>nondum</strong></span> <span class='ocrx_word' id='word_1_129' title='bbox 950 1711 1172 1754; x_wconf 85' lang='lat' dir='ltr'><strong>dentatum</strong></span> <span class='ocrx_word' id='word_1_130' title='bbox 1204 1710 1247 1753; x_wconf 92' lang='lat' dir='ltr'><strong><em>P</em></strong></span> <span class='ocrx_word' id='word_1_131' title='bbox 1274 1709 1499 1753; x_wconf 86' lang='lat' dir='ltr'><strong>nefrendes</strong></span> <span class='ocrx_word' id='word_1_132' title='bbox 1538 1708 1690 1763; x_wconf 77' lang='grc' dir='ltr'><em>νέβροι</em></span> 
     </span>
     <span class='ocr_line' id='line_1_22' title="bbox 271 1778 925 1835; baseline 0.005 -15"><span class='ocrx_word' id='word_1_133' title='bbox 271 1778 310 1820; x_wconf 93' lang='lat' dir='ltr'><em>L</em></span> <span class='ocrx_word' id='word_1_134' title='bbox 341 1799 395 1814; x_wconf 91' lang='lat'>=</span> <span class='ocrx_word' id='word_1_135' title='bbox 415 1778 578 1835; x_wconf 62' lang='lat' dir='ltr'><strong>&gt;Livius</strong></span> <span class='ocrx_word' id='word_1_136' title='bbox 608 1779 721 1835; x_wconf 85' lang='lat' dir='ltr'><strong>apud</strong></span> <span class='ocrx_word' id='word_1_137' title='bbox 751 1779 925 1823; x_wconf 89' lang='lat' dir='ltr'><strong>Festum</strong></span> 
     </span>
     <span class='ocr_line' id='line_1_23' title="bbox 156 1846 1505 1903; baseline -0.001 -13"><span class='ocrx_word' id='word_1_138' title='bbox 156 1847 331 1890; x_wconf 89' lang='lat' dir='ltr'><strong>nitido</strong></span> <span class='ocrx_word' id='word_1_139' title='bbox 363 1846 576 1890; x_wconf 79' lang='grc' dir='ltr'><em>καλλύνω</em></span> <span class='ocrx_word' id='word_1_140' title='bbox 607 1848 646 1891; x_wconf 95' lang='lat' dir='ltr'><em>L</em></span> <span class='ocrx_word' id='word_1_141' title='bbox 677 1848 954 1902; x_wconf 0' lang='lat' dir='ltr'><strong>= Ennius,</strong></span> <span class='ocrx_word' id='word_1_142' title='bbox 986 1848 1140 1892; x_wconf 72' lang='lat' dir='ltr'><strong>Accius</strong></span> <span class='ocrx_word' id='word_1_143' title='bbox 1170 1847 1282 1903; x_wconf 85' lang='lat' dir='ltr'><strong>apud</strong></span> <span class='ocrx_word' id='word_1_144' title='bbox 1312 1846 1505 1890; x_wconf 89' lang='lat' dir='ltr'><strong>Nonium</strong></span> 
     </span>
    </p>
   </div>
   <div class='ocr_carea' id='block_1_8' title="bbox 157 1928 1691 2147">
    <p class='ocr_par' dir='ltr' id='par_1_12' title="bbox 157 1928 1691 2147">
     <span class='ocr_line' id='line_1_24' title="bbox 157 1928 1602 1984; baseline -0.001 -13"><span class='ocrx_word' id='word_1_145' title='bbox 157 1928 279 1972; x_wconf 89' lang='lat' dir='ltr'><strong>niuet</strong></span> <span class='ocrx_word' id='word_1_146' title='bbox 307 1930 488 1983; x_wconf 80' lang='grc' dir='ltr'><em>χιονίζει</em></span> <span class='ocrx_word' id='word_1_147' title='bbox 518 1929 577 1982; x_wconf 90' lang='lat' dir='ltr'><strong>L,</strong></span> <span class='ocrx_word' id='word_1_148' title='bbox 609 1931 735 1973; x_wconf 83' lang='lat' dir='ltr'><strong>immo</strong></span> <span class='ocrx_word' id='word_1_149' title='bbox 764 1930 907 1973; x_wconf 89' lang='lat' dir='ltr'><strong>niuit</strong></span> <span class='ocrx_word' id='word_1_150' title='bbox 936 1951 991 1966; x_wconf 88' lang='lat'>=</span> <span class='ocrx_word' id='word_1_151' title='bbox 1024 1930 1239 1973; x_wconf 77' lang='lat' dir='ltr'><strong>Pacuvius</strong></span> <span class='ocrx_word' id='word_1_152' title='bbox 1268 1928 1381 1984; x_wconf 86' lang='lat' dir='ltr'><strong>apud</strong></span> <span class='ocrx_word' id='word_1_153' title='bbox 1411 1928 1602 1971; x_wconf 89' lang='lat' dir='ltr'><strong>Nonium</strong></span> 
     </span>
     <span class='ocr_line' id='line_1_25' title="bbox 159 2009 1540 2066; baseline -0.001 -14"><span class='ocrx_word' id='word_1_154' title='bbox 159 2012 452 2066; x_wconf 85' lang='lat' dir='ltr'><strong>perpetem,</strong></span> <span class='ocrx_word' id='word_1_155' title='bbox 483 2013 738 2066; x_wconf 87' lang='lat' dir='ltr'><strong>perpetuum</strong></span> <span class='ocrx_word' id='word_1_156' title='bbox 767 2011 860 2053; x_wconf 84' lang='lat' dir='ltr'><strong>B²c</strong></span> <span class='ocrx_word' id='word_1_157' title='bbox 891 2031 946 2046; x_wconf 92' lang='lat'><strong><em>=</em></strong></span> <span class='ocrx_word' id='word_1_158' title='bbox 979 2010 1193 2054; x_wconf 80' lang='lat' dir='ltr'><strong>Pacuvius</strong></span> <span class='ocrx_word' id='word_1_159' title='bbox 1223 2010 1335 2066; x_wconf 86' lang='lat' dir='ltr'><strong>apud</strong></span> <span class='ocrx_word' id='word_1_160' title='bbox 1366 2009 1540 2052; x_wconf 87' lang='lat' dir='ltr'><strong>Festum</strong></span> 
     </span>
     <span class='ocr_line' id='line_1_26' title="bbox 157 2089 1691 2147; baseline -0.002 -14"><span class='ocrx_word' id='word_1_161' title='bbox 157 2090 451 2147; x_wconf 89' lang='lat' dir='ltr'><strong>poenitudo</strong></span> <span class='ocrx_word' id='word_1_162' title='bbox 482 2092 696 2146; x_wconf 78' lang='grc' dir='ltr'><em>μετάνοια</em></span> <span class='ocrx_word' id='word_1_163' title='bbox 718 2092 757 2134; x_wconf 90' lang='lat' dir='ltr'><em>L</em></span> <span class='ocrx_word' id='word_1_164' title='bbox 786 2090 1012 2147; x_wconf 88' lang='lat' dir='ltr'><strong>penitudo,</strong></span> <span class='ocrx_word' id='word_1_165' title='bbox 1043 2091 1312 2147; x_wconf 87' lang='lat' dir='ltr'><strong>poenitentia</strong></span> <span class='ocrx_word' id='word_1_166' title='bbox 1341 2091 1434 2133; x_wconf 72' lang='lat'><strong>13²0</strong></span> <span class='ocrx_word' id='word_1_167' title='bbox 1466 2112 1520 2125; x_wconf 83' lang='grc'><strong>--</strong></span> <span class='ocrx_word' id='word_1_168' title='bbox 1554 2089 1691 2132; x_wconf 75' lang='lat' dir='ltr'><strong>Pacu—</strong></span> 
     </span>
    </p>
   </div>
   <div class='ocr_carea' id='block_1_9' title="bbox 144 2158 1696 2956">
    <p class='ocr_par' dir='ltr' id='par_1_13' title="bbox 270 2158 729 2215">
     <span class='ocr_line' id='line_1_27' title="bbox 270 2158 729 2215; baseline 0 -13"><span class='ocrx_word' id='word_1_169' title='bbox 270 2161 364 2202; x_wconf 78' lang='lat' dir='ltr'><strong>vius</strong></span> <span class='ocrx_word' id='word_1_170' title='bbox 394 2158 507 2215; x_wconf 86' lang='lat' dir='ltr'><strong>apud</strong></span> <span class='ocrx_word' id='word_1_171' title='bbox 536 2159 729 2203; x_wconf 90' lang='lat' dir='ltr'><strong>Nonium</strong></span> 
     </span>
    </p>

    <p class='ocr_par' dir='ltr' id='par_1_14' title="bbox 157 2225 1696 2286">
     <span class='ocr_line' id='line_1_28' title="bbox 157 2225 1696 2286; baseline -0.001 -16"><span class='ocrx_word' id='word_1_172' title='bbox 157 2227 352 2283; x_wconf 89' lang='lat' dir='ltr'><strong>repedo</strong></span> <span class='ocrx_word' id='word_1_173' title='bbox 391 2225 641 2280; x_wconf 78' lang='grc' dir='ltr'><em>ἀναποδίζω</em></span> <span class='ocrx_word' id='word_1_174' title='bbox 683 2229 722 2270; x_wconf 94' lang='lat' dir='ltr'><em>L</em></span> <span class='ocrx_word' id='word_1_175' title='bbox 762 2229 930 2285; x_wconf 85' lang='lat' dir='ltr'><strong>respida</strong></span> <span class='ocrx_word' id='word_1_176' title='bbox 970 2229 1067 2286; x_wconf 83' lang='lat' dir='ltr'><strong>(scr.</strong></span> <span class='ocrx_word' id='word_1_177' title='bbox 1098 2228 1333 2285; x_wconf 82' lang='lat' dir='ltr'><strong>repeda),</strong></span> <span class='ocrx_word' id='word_1_178' title='bbox 1365 2227 1453 2270; x_wconf 88' lang='lat' dir='ltr'><strong>redi</strong></span> <span class='ocrx_word' id='word_1_179' title='bbox 1485 2227 1537 2270; x_wconf 86' lang='lat' dir='ltr'><strong>ad</strong></span> <span class='ocrx_word' id='word_1_180' title='bbox 1575 2230 1616 2269; x_wconf 83' lang='lat' dir='ltr'><strong>te</strong></span> <span class='ocrx_word' id='word_1_181' title='bbox 1658 2227 1696 2268; x_wconf 88' lang='lat' dir='ltr'><em>V</em></span> 
     </span>
    </p>

    <p class='ocr_par' dir='ltr' id='par_1_15' title="bbox 144 2295 1374 2354">
     <span class='ocr_line' id='line_1_29' title="bbox 144 2295 1374 2354; baseline 0.002 -17"><span class='ocrx_word' id='word_1_182' title='bbox 144 2346 146 2349; x_wconf 12' lang='lat' dir='ltr'>y</span> <span class='ocrx_word' id='word_1_183' title='bbox 272 2295 466 2352; x_wconf 84' lang='lat' dir='ltr'><strong>(repedat</strong></span> <span class='ocrx_word' id='word_1_184' title='bbox 493 2296 547 2338; x_wconf 91' lang='lat' dir='ltr'><em>H</em></span> <span class='ocrx_word' id='word_1_185' title='bbox 550 2297 628 2339; x_wconf 75' lang='lat' dir='ltr'><strong>B²c</strong></span> <span class='ocrx_word' id='word_1_186' title='bbox 638 2296 692 2354; x_wconf 83' lang='lat' dir='ltr'><strong>S)</strong></span> <span class='ocrx_word' id='word_1_187' title='bbox 724 2318 779 2333; x_wconf 93' lang='lat'><strong><em>=</em></strong></span> <span class='ocrx_word' id='word_1_188' title='bbox 811 2297 1027 2341; x_wconf 69' lang='lat' dir='ltr'><strong>Pacuvius</strong></span> <span class='ocrx_word' id='word_1_189' title='bbox 1057 2298 1169 2354; x_wconf 86' lang='lat' dir='ltr'><strong>apud</strong></span> <span class='ocrx_word' id='word_1_190' title='bbox 1200 2297 1374 2340; x_wconf 86' lang='lat' dir='ltr'><strong>Festum</strong></span> 
     </span>
    </p>

    <p class='ocr_par' dir='ltr' id='par_1_16' title="bbox 159 2363 1320 2423">
     <span class='ocr_line' id='line_1_30' title="bbox 159 2363 1320 2423; baseline 0.001 -16"><span class='ocrx_word' id='word_1_191' title='bbox 159 2365 291 2407; x_wconf 88' lang='lat' dir='ltr'><strong>rimo</strong></span> <span class='ocrx_word' id='word_1_192' title='bbox 321 2363 554 2419; x_wconf 78' lang='grc' dir='ltr'><em>ἀνερευνῶ</em></span> <span class='ocrx_word' id='word_1_193' title='bbox 584 2365 623 2407; x_wconf 97' lang='lat' dir='ltr'><em>L</em></span> <span class='ocrx_word' id='word_1_194' title='bbox 652 2387 708 2401; x_wconf 94' lang='lat'>=</span> <span class='ocrx_word' id='word_1_195' title='bbox 740 2365 956 2410; x_wconf 66' lang='lat' dir='ltr'><strong>Pacuvius</strong></span> <span class='ocrx_word' id='word_1_196' title='bbox 985 2366 1098 2423; x_wconf 90' lang='lat' dir='ltr'><strong>apud</strong></span> <span class='ocrx_word' id='word_1_197' title='bbox 1128 2366 1320 2409; x_wconf 88' lang='lat' dir='ltr'><strong>Nonium</strong></span> 
     </span>
    </p>

    <p class='ocr_par' dir='ltr' id='par_1_17' title="bbox 158 2432 1182 2491">
     <span class='ocr_line' id='line_1_31' title="bbox 158 2432 1182 2491; baseline 0.003 -16"><span class='ocrx_word' id='word_1_198' title='bbox 158 2432 318 2476; x_wconf 89' lang='lat' dir='ltr'><strong>rudus</strong></span> <span class='ocrx_word' id='word_1_199' title='bbox 348 2434 494 2487; x_wconf 74' lang='grc' dir='ltr'><em>βῶλος</em></span> <span class='ocrx_word' id='word_1_200' title='bbox 524 2433 564 2475; x_wconf 95' lang='lat' dir='ltr'><em>L</em></span> <span class='ocrx_word' id='word_1_201' title='bbox 594 2454 649 2469; x_wconf 91' lang='lat'>=</span> <span class='ocrx_word' id='word_1_202' title='bbox 678 2433 833 2478; x_wconf 78' lang='lat' dir='ltr'><strong>Accius</strong></span> <span class='ocrx_word' id='word_1_203' title='bbox 863 2436 976 2491; x_wconf 88' lang='lat' dir='ltr'><strong>apud</strong></span> <span class='ocrx_word' id='word_1_204' title='bbox 1007 2435 1182 2478; x_wconf 87' lang='lat' dir='ltr'><strong>Festum</strong></span> 
     </span>
    </p>

    <p class='ocr_par' dir='ltr' id='par_1_18' title="bbox 161 2499 1690 2612">
     <span class='ocr_line' id='line_1_32' title="bbox 161 2499 1690 2560; baseline -0.001 -16"><span class='ocrx_word' id='word_1_205' title='bbox 161 2500 374 2544; x_wconf 85' lang='lat' dir='ltr'><strong>Salacia</strong></span> <span class='ocrx_word' id='word_1_206' title='bbox 403 2499 644 2557; x_wconf 79' lang='grc' dir='ltr'><em>ἀμφιτρίτη</em></span> <span class='ocrx_word' id='word_1_207' title='bbox 677 2510 828 2559; x_wconf 78' lang='grc' dir='ltr'><em>νηρεῑς</em></span> <span class='ocrx_word' id='word_1_208' title='bbox 858 2505 954 2559; x_wconf 82' lang='lat' dir='ltr'><strong>(scr.</strong></span> <span class='ocrx_word' id='word_1_209' title='bbox 987 2504 1164 2560; x_wconf 79' lang='grc' dir='ltr'><em>νηρηίς)</em></span> <span class='ocrx_word' id='word_1_210' title='bbox 1197 2504 1235 2546; x_wconf 93' lang='lat' dir='ltr'><em>L</em></span> <span class='ocrx_word' id='word_1_211' title='bbox 1257 2525 1311 2539; x_wconf 96' lang='lat'><strong><em>=</em></strong></span> <span class='ocrx_word' id='word_1_212' title='bbox 1334 2502 1549 2546; x_wconf 72' lang='lat' dir='ltr'><strong>Pacuvius</strong></span> <span class='ocrx_word' id='word_1_213' title='bbox 1580 2500 1690 2555; x_wconf 82' lang='lat' dir='ltr'><strong>apud</strong></span> 
     </span>
     <span class='ocr_line' id='line_1_33' title="bbox 275 2569 449 2612; baseline 0 0"><span class='ocrx_word' id='word_1_214' title='bbox 275 2569 449 2612; x_wconf 80' lang='lat' dir='ltr'><strong>Festum</strong></span> 
     </span>
    </p>

    <p class='ocr_par' dir='ltr' id='par_1_19' title="bbox 160 2635 1626 2697">
     <span class='ocr_line' id='line_1_34' title="bbox 160 2635 1626 2697; baseline -0.003 -16"><span class='ocrx_word' id='word_1_215' title='bbox 160 2639 486 2682; x_wconf 85' lang='lat' dir='ltr'><strong>salmacidus</strong></span> <span class='ocrx_word' id='word_1_216' title='bbox 517 2635 719 2694; x_wconf 77' lang='grc' dir='ltr'><strong><em>ἁλμυράς</em></strong></span> <span class='ocrx_word' id='word_1_217' title='bbox 749 2637 922 2697; x_wconf 75' lang='grc' dir='ltr'><em>ἁλώδης</em></span> <span class='ocrx_word' id='word_1_218' title='bbox 953 2641 993 2683; x_wconf 96' lang='lat' dir='ltr'><em>L</em></span> <span class='ocrx_word' id='word_1_219' title='bbox 1023 2663 1078 2677; x_wconf 94' lang='lat'><strong><em>=</em></strong></span> <span class='ocrx_word' id='word_1_220' title='bbox 1108 2641 1282 2684; x_wconf 75' lang='lat' dir='ltr'><strong>Ennius</strong></span> <span class='ocrx_word' id='word_1_221' title='bbox 1311 2639 1423 2695; x_wconf 86' lang='lat' dir='ltr'><strong>apud</strong></span> <span class='ocrx_word' id='word_1_222' title='bbox 1456 2638 1626 2679; x_wconf 82' lang='lat' dir='ltr'><strong>Festum</strong></span> 
     </span>
    </p>

    <p class='ocr_par' dir='ltr' id='par_1_20' title="bbox 160 2707 1529 2764">
     <span class='ocr_line' id='line_1_35' title="bbox 160 2707 1529 2764; baseline -0.003 -14"><span class='ocrx_word' id='word_1_223' title='bbox 160 2707 504 2750; x_wconf 84' lang='lat' dir='ltr'><strong>tabifieabile</strong></span> <span class='ocrx_word' id='word_1_224' title='bbox 534 2707 828 2763; x_wconf 84' lang='grc' dir='ltr'><em>τηκεδονικόν</em></span> <span class='ocrx_word' id='word_1_225' title='bbox 859 2709 898 2752; x_wconf 94' lang='lat' dir='ltr'><em>L</em></span> <span class='ocrx_word' id='word_1_226' title='bbox 928 2730 983 2745; x_wconf 90' lang='lat'>=</span> <span class='ocrx_word' id='word_1_227' title='bbox 1013 2710 1168 2754; x_wconf 71' lang='lat' dir='ltr'><strong>Accius</strong></span> <span class='ocrx_word' id='word_1_228' title='bbox 1197 2708 1310 2764; x_wconf 82' lang='lat' dir='ltr'><strong>apud</strong></span> <span class='ocrx_word' id='word_1_229' title='bbox 1339 2707 1529 2750; x_wconf 86' lang='lat' dir='ltr'><strong>Nonium</strong></span> 
     </span>
    </p>

    <p class='ocr_par' dir='ltr' id='par_1_21' title="bbox 162 2773 1693 2956">
     <span class='ocr_line' id='line_1_36' title="bbox 162 2773 1688 2833; baseline -0.002 -15"><span class='ocrx_word' id='word_1_230' title='bbox 162 2778 348 2832; x_wconf 89' lang='lat' dir='ltr'><strong>tesqua</strong></span> <span class='ocrx_word' id='word_1_231' title='bbox 377 2777 468 2819; x_wconf 88' lang='lat' dir='ltr'><strong>siue</strong></span> <span class='ocrx_word' id='word_1_232' title='bbox 498 2778 644 2820; x_wconf 86' lang='lat' dir='ltr'><strong>tescua</strong></span> <span class='ocrx_word' id='word_1_233' title='bbox 673 2777 979 2833; x_wconf 77' lang='grc' dir='ltr'><em>κατάκρημνοι</em></span> <span class='ocrx_word' id='word_1_234' title='bbox 1002 2779 1076 2820; x_wconf 80' lang='grc' dir='ltr'><strong>καὶ</strong></span> <span class='ocrx_word' id='word_1_235' title='bbox 1107 2777 1256 2833; x_wconf 82' lang='grc' dir='ltr'><strong><em>ράχεις</em></strong></span> <span class='ocrx_word' id='word_1_236' title='bbox 1277 2776 1349 2818; x_wconf 84' lang='grc' dir='ltr'><strong>καὶ</strong></span> <span class='ocrx_word' id='word_1_237' title='bbox 1380 2774 1539 2829; x_wconf 78' lang='grc' dir='ltr'><em>’ἑρυμοι</em></span> <span class='ocrx_word' id='word_1_238' title='bbox 1562 2773 1688 2816; x_wconf 83' lang='grc' dir='ltr'><em>τόποι</em></span> 
     </span>
     <span class='ocr_line' id='line_1_37' title="bbox 275 2843 1693 2901; baseline -0.002 -14"><span class='ocrx_word' id='word_1_239' title='bbox 275 2845 314 2887; x_wconf 93' lang='lat' dir='ltr'><em>L</em></span> <span class='ocrx_word' id='word_1_240' title='bbox 344 2847 494 2901; x_wconf 83' lang='lat' dir='ltr'><strong>tesqua</strong></span> <span class='ocrx_word' id='word_1_241' title='bbox 523 2845 690 2889; x_wconf 83' lang='lat' dir='ltr'><strong>deserta</strong></span> <span class='ocrx_word' id='word_1_242' title='bbox 719 2861 868 2901; x_wconf 85' lang='lat' dir='ltr'><strong>aspera</strong></span> <span class='ocrx_word' id='word_1_243' title='bbox 897 2846 932 2890; x_wconf 84' lang='lat' dir='ltr'><strong><em>S</em></strong></span> <span class='ocrx_word' id='word_1_244' title='bbox 959 2868 1014 2883; x_wconf 92' lang='lat'><strong><em>=</em></strong></span> <span class='ocrx_word' id='word_1_245' title='bbox 1045 2847 1199 2890; x_wconf 69' lang='lat' dir='ltr'><strong>Accius</strong></span> <span class='ocrx_word' id='word_1_246' title='bbox 1228 2844 1342 2899; x_wconf 77' lang='lat' dir='ltr'><strong>apud</strong></span> <span class='ocrx_word' id='word_1_247' title='bbox 1372 2843 1611 2886; x_wconf 81' lang='lat' dir='ltr'><strong>Varronem</strong></span> <span class='ocrx_word' id='word_1_248' title='bbox 1650 2846 1693 2884; x_wconf 87' lang='lat' dir='ltr'><strong>et</strong></span> 
     </span>
     <span class='ocr_line' id='line_1_38' title="bbox 275 2913 448 2956; baseline 0.006 -1"><span class='ocrx_word' id='word_1_249' title='bbox 275 2913 448 2956; x_wconf 85' lang='lat' dir='ltr'><strong>Festum</strong></span> 
     </span>
    </p>
   </div>
  </div>
 </body>
</html>
