1942 3204
771 214 815 258 Q.
844 213 1021 250 mvnvs
1619 210 1671 253 15

693 346 753 416 Q.
820 343 1115 402 ENNIVS

762 470 1053 516 AGHILLES

843 562 865 604 Ι
897 559 965 619 (1)

256 643 390 687 serua
422 642 556 698 ciues,
587 640 768 684 defende
799 639 966 695 hostes,
997 641 1094 681 eum
1126 639 1249 694 potes
1281 635 1522 678 defendere.

832 728 877 771 Π
910 726 978 786 (4)

261 845 435 854 .....
468 825 544 866 per
575 822 656 866 ego
689 807 816 850 deum
848 806 1054 848 sublimas
1087 805 1254 847 subices

256 872 469 943 'Vmidaffi
501 886 614 929 unde
647 885 784 928 oritur
814 884 952 927 imber
983 884 1128 926 s6nitu
1161 897 1290 925 saeuo
1323 883 1366 923 et
1398 879 1565 937 spiritu.

823 974 890 1017 III
943 975 970 1016 2

258 1054 351 1105 Quo
383 1057 499 1096 mine
531 1054 696 1096 incerta
726 1067 771 1095 re
804 972 941 1108 aitque(
964 972 1134 1094 i)norat{i
1167 1049 1347 1107 gradum

199 1132 227 1175 ὗ
258 1131 500 1189 Regredere
532 1131 719 1174 conare?

146 1274 224 1307 eos,
251 1263 314 1306 qui
337 1267 378 1297 ut
402 1273 548 1296 uersum
576 1262 743 1296 facerent
761 1272 875 1305 saepe
893 1260 1059 1298 hiabant,
1085 1263 1127 1293 ut
1145 1259 1327 1293 Naeuius:
1354 1269 1419 1292 uos
1437 1258 1520 1302 qui’
1547 1268 1578 1291 e.
1598 1268 1632 1301 q.
1651 1267 1679 1290 s.

143 1312 206 1343 ‘et
230 1309 385 1342 ibidem:
412 1319 519 1351 quam
544 1311 761 1350 numquam'
792 1317 824 1340 e.
850 1317 885 1350 q.
911 1316 941 1341 s,

230 1355 328 1387 Eum
355 1356 548 1388 Acamans
573 1354 680 1386 immo
706 1354 870 1387 Acmmzs
901 1353 920 1386 I
951 1352 1043 1385 Non.
1068 1352 1146 1391 277,
1173 1352 1214 1383 21
1249 1349 1535 1391 ‘defendere,
1569 1348 1678 1389 tueri,

139 1400 334 1444 depellere.
383 1400 524 1432 Ennius
557 1398 700 1432 Achille
725 1424 734 1433 .
753 1424 762 1432 .
785 1401 814 1431 .’
840 1397 1108 1440 (defendere
1140 1396 1372 1430 debellare
1406 1393 1576 1439 [t]ueri
1608 1419 1615 1426 .
1637 1419 1645 1427 .
1666 1418 1673 1426 .

139 1446 184 1479 in
207 1445 391 1480 Achille
416 1445 527 1478 Bern.
543 1445 585 1487 b)
655 1445 692 1478 11
717 1445 855 1478 Festus
878 1454 913 1487 p.
930 1445 996 1477 305
1014 1444 1061 1476 M.
1090 1442 1298 1475 ‘subices
1323 1442 1464 1473 Ennius
1482 1441 1519 1472 in
1537 1439 1680 1472 Achille

165 1501 204 1524 ro
229 1491 408 1525 subiectis
434 1490 576 1534 posuit,
604 1500 686 1524 cum
710 1490 806 1523 dixit
830 1490 967 1523 nubes:
995 1499 1062 1532 per
1088 1490 1178 1531 ego’
1205 1499 1236 1521 e.
1263 1497 1297 1530 q.
1325 1497 1353 1521 s.
1402 1485 1546 1519 Gellius
1570 1486 1620 1519 1v
1639 1486 1679 1519 17

157 1537 298 1580 positu,
330 1547 403 1570 non
427 1540 562 1569 natura
586 1536 884 1580 praepositiones
909 1536 960 1568 ob
987 1535 1064 1568 sub
1091 1544 1169 1566 con
1194 1543 1274 1566 cum
1296 1532 1410 1565 uerbo
1434 1531 1559 1564 iacio
1585 1541 1680 1563 com-

141 1583 284 1625 positas
314 1582 448 1624 longas
481 1580 572 1624 fieri)
606 1584 838 1624 ‘congruens
868 1580 984 1623 igitur
1016 1582 1090 1620 est,
1125 1582 1164 1611 ut
1196 1578 1380 1611 subices
1412 1578 1544 1620 etiam,
1583 1576 1679 1618 quod

143 1627 294 1670 perinde
319 1630 360 1660 ut
384 1627 510 1660 obices
535 1627 779 1670 compositum
805 1628 879 1667 est,
894 1636 935 1658 ·u
959 1625 1069 1658 litera
1093 1624 1197 1658 breui
1222 1623 1297 1656 diei
1322 1625 1499 1666 oporteat.
1538 1622 1682 1654 Ennius

139 1674 177 1706 in
201 1672 408 1716 tragoedia.
435 1682 529 1715 quae
555 1671 716 1705 Achilles
740 1671 969 1711 inscribitur,
997 1670 1143 1703 subices
1170 1680 1236 1712 pro
1260 1679 1345 1702 aere
1369 1668 1445 1701 alto
1470 1668 1592 1711 ponit,
1620 1668 1681 1709 qui

144 1717 250 1751 caelo
274 1718 466 1750 subiectus
493 1720 548 1750 est
587 1717 625 1749 in
650 1717 708 1749 his
732 1717 901 1750 uersibus
918 1715 965 1758 [2.
984 1714 1039 1758 3]:
1066 1715 1258 1758 plerosque
1285 1715 1402 1747 omnis
1419 1717 1544 1746 tamen
1562 1713 1683 1754 legere

139 1763 273 1797 audias
296 1774 321 1796 u
346 1764 456 1796 litera
482 1763 687 1806 producta!
735 1762 826 1796 Non.
853 1763 936 1804 169,
964 1763 982 1793 1
1015 1761 1214 1794 ‘subicis
1244 1770 1337 1792 noue
1370 1760 1529 1802 positum
1562 1769 1633 1791 non
1659 1768 1681 1789 a

139 1808 370 1848 subiciendo,
397 1808 463 1842 sed
489 1808 701 1842 altitudine.
752 1807 892 1841 Ennius
915 1806 1081 1840 Achille:
1107 1817 1172 1849 per
1192 1830 1199 1838 .
1214 1831 1221 1839 .
1238 1831 1245 1838 .
1268 1805 1411 1838 imber)
1504 1804 1560 1838 111
1586 1803 1679 1838 Non.

141 1855 224 1897 1⁶6,
249 1855 293 1888 22
318 1853 604 1898 ‘regi-edere,
631 1864 818 1888 reuocare.

138 2023 240 2061 libri.
298 2023 557 2061 Dubitauerat
594 2023 641 2060 de
677 2023 807 2068 hiatu,
844 2031 955 2070 quem
994 2025 1031 2058 el
1063 2020 1106 2058 G.
1139 2019 1393 2056 Her-mannus
1430 2020 1519 2066 epil.
1561 2019 1598 2055 d.
1631 2029 1678 2053 m.

95 2083 103 2087 ’
141 2079 194 2118 35
226 2083 263 2118 el
292 2079 568 2118 zac-mannus
595 2082 635 2117 in
656 2078 839 2116 Luculli
861 2077 943 2116 374
972 2089 1010 2126 p.
1035 2077 1114 2115 162
1147 2077 1431 2123 tolerauissene‚
1464 2077 1563 2113 idem
1594 2075 1677 2112 Rit-

142 2136 311 2174 schelius
345 2139 422 2174 iam
451 2139 490 2174 in
518 2138 693 2185 proleyy.
729 2135 836 2173 Trin.
867 2148 907 2183 p.
941 2135 1020 2173 199
1051 2145 1154 2183 sqq.‚
1185 2134 1250 2171 ubi
1279 2132 1372 2169 Graii
1402 2132 1507 2170 uobis
1537 2143 1679 2179 propo-

140 2196 227 2231 suit.
295 2193 500 2231 Saturnios
536 2194 675 2231 haberi
709 2203 828 2242 posse
864 2195 947 2240 ipse
983 2194 1023 2229 in
1059 2192 1268 2240 proecdosi
1301 2193 1439 2227 monui.
1509 2188 1682 2226 Miratur

140 2251 286 2288 hiatum
317 2251 513 2298 Berylcius
542 2251 660 2299 symb.
692 2252 745 2287 ad
770 2262 928 2299 yramm.
959 2249 1046 2286 Lat.
1078 2248 1091 2284 1
1122 2248 1202 2286 110
1295 2246 1445 2283 fluuium
1477 2245 1680 2294 adalgidum

142 2307 430 2345 Klussmannus
461 2305 592 2357 (Jahn.
623 2311 659 2344 et
690 2308 819 2344 Klotz.
850 2307 991 2343 Annal.
1027 2304 1134 2343 1846
1168 2304 1303 2352 Suppl.
1333 2316 1373 2351 p.
1408 2299 1501 2350 135)

258 2365 277 2401 1
311 2376 333 2401 o
365 2364 485 2413 quite
505 2375 609 2400 serua
646 2363 765 2401 Bern.
788 2364 825 2411 b,
854 2365 893 2400 in
923 2363 1060 2412 quibus
1090 2363 1175 2399 olim
1197 2362 1383 2398 adnoeaui
1411 2362 1526 2397 naria
1556 2361 1681 2396 latere

137 2431 254 2468 posse
276 2423 403 2459 uelut:
433 2421 585 2470 opime,
614 2421 759 2467 acriter,
779 2421 957 2469 aequiter.
1002 2419 1195 2456 Vahlenus
1216 2419 1331 2455 ociter
1350 2419 1520 2464 scripsit.
1554 2416 1680 2453 Possit

141 2480 332 2526 quispiam
363 2480 475 2515 etiam
505 2478 552 2515 de
585 2477 750 2526 fabulae
787 2479 936 2513 nomine
961 2478 1140 2524 pleniore
1179 2477 1369 2523 coquere,
1409 2485 1441 2510 e.
1475 2485 1510 2511 c.
1542 2472 1680 2510 Achille

143 2535 276 2582 priore,
310 2547 398 2572 nam
429 2535 566 2584 equite,
596 2536 700 2583 quod
726 2537 853 2571 statim
874 2536 912 2571 in
934 2538 1093 2571 mentem
1127 2534 1242 2578 uenit,
1275 2532 1387 2568 nihili
1413 2535 1491 2571 esl;
1522 2529 1679 2577 hospite,

143 2593 210 2638 qui
236 2593 386 2640 leyaaeos
415 2593 600 2638 excipiat,
634 2594 744 2628 nimis
774 2596 901 2629 artum
928 2590 1092 2638 fabulae
1123 2591 1250 2627 orbem
1273 2588 1594 2625 circumscribere
1626 2587 1678 2620 ιιι·-

142 2649 266 2685 detur.
328 2644 500 2698 defende]
533 2647 715 2685 defendite
746 2648 863 2685 Bern.
889 2648 910 2684 b
998 2647 1022 2683 2
1053 2647 1223 2684 sublimas
1257 2645 1422 2690 Nonius,
1459 2643 1559 2679 Bou.
1597 2642 1677 2678 l'at.

144 2704 255 2742 Gellii
281 2704 454 2741 sublimes
494 2706 627 2753 uulgo,
666 2717 735 2742 um.
768 2705 909 2742 Festus
1009 2704 1143 2740 subicis
1184 2703 1352 2747 Νυηῐιιε,
1393 2701 1495 2748 quod
1531 2700 1680 2735 notauit

146 2761 424 2799 Lachmannus
454 2762 507 2798 ad
534 2761 652 2798 Luer.
682 2761 709 2798 I
736 2760 818 2799 744
934 2761 958 2798 3
991 2760 1153 2797 humidas
1182 2760 1272 2796 libri
1356 2756 1439 2793 inde
1469 2757 1610 2792 Festus

143 2829 253 2855 saeuo
285 2822 320 2855 et
350 2818 480 2867 spiritu
501 2818 634 2856 Delrio
663 2828 775 2855 saeuo
805 2818 936 2867 spiritu
957 2818 1098 2854 Festus
1129 2827 1217 2852 seuo
1250 2814 1404 2861 strepitu
1436 2813 1540 2849 Rau.
1570 2811 1682 2848 Gellii

144 2885 252 2911 saeuo
282 2875 436 2924 strepitu
470 2875 552 2912 Vel.
585 2886 695 2911 saeuo
725 2878 763 2912 et
792 2875 940 2923 spiritus
971 2875 1094 2910 celeri
1191 2872 1331 2907 Versus
1361 2874 1466 2906 recle
1495 2870 1680 2916 disposuit

144 2931 417 2969 Lachmannus
447 2933 500 2969 ad
528 2932 644 2969 Luer.
675 2932 744 2969 ΙΙΙ
773 2930 853 2968 227
941 2922 995 2966 ‘4
1029 2925 1184 2978 inorata]
1219 2932 1351 2963 morata
1393 2926 1441 2962 W
