1942 3204
261 159 411 196 vani
850 155 1199 204 eoRoLLAmVM

262 269 441 311 busdam
482 269 762 324 scholasticis,
801 271 872 325 qui
911 270 963 322 ad
1002 271 1232 312 acuendam
1270 284 1497 324 puerorum
1535 272 1784 315 memoriam

261 340 478 382 versiculis
511 342 807 396 comprehensi
838 342 1028 397 fuerunt,
1067 342 1360 397 compilavisse
1399 343 1574 385 videtur.
1635 335 1803 399 Itaque*

261 412 389 453 etiam
421 412 742 454 Archilochium
773 413 892 454 illum
924 413 1166 454 trimetrum
1199 414 1278 455 1110.
1311 414 1390 456 1110.
1416 414 1499 456 fab.
1532 415 1606 470 38,
1637 430 1783 470 quam-

259 484 340 538 vis,
373 484 408 525 si
439 484 485 524 in
514 484 597 525 alio
630 484 738 525 libro
771 484 1031 538 laudaretur,
1064 488 1209 539 posset
1234 499 1322 526 non
1347 485 1489 540 inepte
1516 486 1568 527 ad
1589 500 1784 528 scaenam

259 554 424 610 referri,
455 555 540 596 iam
569 570 617 596 ex
644 554 893 610 Vergiliano
929 555 1215 610 ‘Martemque
1241 555 1446 611 fatigant'
1482 558 1524 598 et
1547 555 1785 600 Horatiano

260 626 533 681 ‘animaeque
566 639 747 681 magnae
785 624 1017 681 Prodigum
1055 625 1275 668 Paullum’
1317 627 1655 670 contaminatum
1693 643 1784 670 esse
1817 675 1824 683 ⁸

258 697 522 752 largibimur,
567 696 656 739 Nec
682 698 884 752 alterum,
910 712 1034 752 quem
1061 698 1173 739 inter
1190 698 1436 753 tragoediae
1461 699 1660 753 reliquias
1685 699 1786 741 olim

258 768 397 822 recepi
422 768 501 809 1110.
522 769 601 809 1110.
628 768 712 810 fab.
741 768 844 824 242,
877 769 980 810 certi
1007 769 1172 811 artificii
1200 783 1327 810 causa
1359 769 1663 824 compositum,
1693 785 1786 825 per—

262 838 447 880 tinacius
481 839 717 881 defendam.
1686 833 1699 842 f

376 909 514 951 Mixta
541 925 643 952 sane
670 926 765 952 cum
791 912 901 953 veris
927 912 1026 953 ficta
1057 912 1257 967 leguntur
1287 911 1399 966 apud
1420 910 1638 953 'Marium
1671 911 1787 955 Vic-

260 981 503 1036 torinum,
549 982 659 1022 unde
703 984 790 1023 tres
829 982 1004 1023 omnino
1048 982 1199 1023 incerti
1240 982 1443 1037 auctoris,
1487 983 1560 1024 sed
1598 983 1788 1025 noviciae

258 1052 360 1101 artis
392 1052 621 1093 versiculos
661 1047 759 1094 240.
792 1053 888 1094 241.
921 1053 1007 1094 243
1041 1052 1221 1107 sumpsi,
1260 1053 1343 1094 alia
1384 1053 1589 1108 quaedam
1634 1055 1788 1109 lyricae

258 1124 400 1177 poesis
434 1124 611 1164 messori
643 1124 785 1165 futuro
819 1124 979 1178 reliqui.
1029 1122 1151 1172 Quod
1178 1123 1230 1164 ad
1262 1137 1396 1179 genus
1429 1124 1559 1166 etiam
1591 1125 1664 1166 illa
1694 1140 1787 1180 per-

256 1194 417 1248 tinent,
450 1209 557 1248 quae
589 1195 638 1236 in
671 1194 926 1249 excerptis
952 1193 1442 1236 Vindobonensibus
1472 1195 1718 1238 Endlicheri
1745 1197 1788 1238 II

261 1266 346 1307 516
382 1280 470 1320 sqq.
505 1268 668 1320 extant,
693 1268 810 1307 nota
846 1266 1004 1320 partim
1042 1265 1176 1307 Atilio
1214 1265 1523 1308 Fortunatiano
1569 1270 1612 1308 et
1648 1266 1786 1309 Mario

260 1336 486 1378 Victorino
512 1337 768 1392 haustaque,
800 1338 847 1377 ut
873 1336 1054 1390 videtur,
1087 1351 1136 1377 ex
1164 1335 1302 1378 Caesii
1327 1336 1452 1378 Bassi
1483 1338 1603 1392 libro.
1642 1337 1786 1380 Unum

256 1423 305 1448 ex
338 1408 423 1448 illis
466 1408 753 1462 septenarium
784 1407 1047 1449 trochaicum
1079 1406 1175 1461 (inc.
1202 1408 1282 1449 inc.
1308 1408 1392 1450 fab.
1419 1408 1511 1464 91),
1543 1409 1614 1463 qui
1645 1424 1786 1463 recen-

258 1479 382 1519 tioris
403 1479 648 1534 tragoediae
670 1479 794 1520 alicui
814 1480 965 1533 poetae
985 1478 1116 1519 tribui
1135 1480 1295 1533 potest,
1316 1479 1537 1533 decerpere
1559 1482 1625 1520 sat
1643 1479 1784 1522 habui.
1833 1489 1836 1491 ’

377 1550 438 1591 At
470 1564 569 1591 vero
602 1565 754 1605 pauca,
798 1546 950 1605 quibus
988 1551 1137 1590 nostra
1175 1551 1313 1590 aetate
1352 1549 1495 1604 copias
1527 1550 1786 1605 tragicorum

256 1621 504 1674 locupletari
548 1621 764 1662 iusserunt
806 1621 1001 1662 homines
1047 1620 1176 1675 docti,
1221 1620 1545 1675 repudiavimus.
1620 1621 1682 1663 Ac
1734 1622 1784 1663 de

257 1692 441 1749 senario,
474 1692 509 1733 si
543 1691 607 1733 dis
639 1693 796 1747 placet,
828 1691 1115 1746 antiquissimi
1146 1693 1296 1746 poetae
1330 1694 1504 1733 ‘natura
1542 1692 1673 1733 vincit
1711 1707 1784 1734 na-

256 1766 396 1803 turam
429 1766 471 1804 et
504 1763 570 1804 dei
602 1763 724 1804 deos'
760 1762 980 1817 respondit
1011 1761 1202 1816 Hauptio
1235 1761 1438 1817 (Hermae
1471 1762 1510 1804 V
1548 1762 1648 1818 189)
1680 1762 1783 1804 Use—

257 1848 382 1874 nerus
422 1849 527 1875 mus.
567 1833 702 1875 Rhen.
741 1832 886 1875 XXVI
928 1833 1010 1874 155
1043 1847 1131 1887 sqq.
1203 1832 1324 1874 Alius
1362 1834 1479 1874 locus
1517 1835 1634 1874 extat
1671 1825 1784 1888 apud

256 1904 467 1945 Rutilium
493 1904 661 1959 Lupum
689 1904 731 1946 II
764 1905 789 1945 6
821 1904 888 1945 his
921 1904 1060 1945 verbis
1094 1903 1327 1944 secundum
1359 1902 1607 1944 Ruhnkenii
1640 1919 1779 1946 emen-

255 1975 493 2016 dationem:
534 1974 909 2028 ‘azpoffmrronou'm
963 1975 1043 2016 hoc
1081 1974 1145 2028 fit,
1184 1988 1279 2015 cum
1322 1962 1526 2028 personas
1564 1975 1610 2015 in
1652 1976 1778 2016 rebus

254 2046 573 2101 constituimus,
607 2061 713 2102 quae
753 2046 843 2087 sine
875 2045 1069 2099 personis
1103 2047 1219 2099 sunt,
1258 2047 1332 2086 aut
1363 2059 1510 2087 eorum
1547 2045 1781 2101 hominum,

256 2117 326 2171 qui
359 2117 547 2172 fuerunt,
580 2119 800 2172 tamquam
832 2116 1025 2176 vivorum
1057 2118 1099 2157 et
1129 2115 1422 2170 praesentium
1455 2116 1665 2158 actionem
1697 2131 1780 2159 ser-

256 2201 477 2229 monemve
523 2188 820 2229 deformamus.
877 2187 919 2228 id
960 2190 1024 2229 est
1072 2187 1316 2228 huiusmodi
1349 2203 1357 2228 :
1389 2200 1488 2228 nam
1531 2188 1781 2230 crudelitatis

253 2261 383 2299 mater
407 2262 465 2300 est
490 2260 669 2301 avaritia
702 2262 739 2300 et
761 2261 883 2312 pater
911 2259 1032 2311 furor
1059 2273 1072 2299 .·
1097 2258 1193 2300 haec
1221 2258 1401 2310 facinori
1426 2259 1640 2300 coniuncta
1661 2260 1783 2312 parit

254 2330 409 2380 odium,
452 2331 546 2372 inde
589 2333 725 2372 autem
768 2330 953 2372 nascitur
996 2330 1176 2371 (mitium.
1250 2329 1330 2370 hoc
1374 2343 1528 2384 genere
1571 2330 1636 2371 usi
1680 2332 1780 2371 sunt

251 2403 422 2455 poetae,
463 2402 532 2455 qui
571 2401 738 2442 fabulas
777 2401 1054 2455 scripserunt,
1098 2401 1143 2441 in
1181 2400 1381 2455 prologis.
1449 2415 1549 2442 nam
1592 2401 1779 2442 humana

253 2471 391 2526 figura
421 2472 712 2526 produxerunt
742 2486 965 2527 personas,
1004 2486 1110 2526 quae
1148 2472 1333 2513 inventa’
1368 2470 1446 2526 (sic
1485 2471 1774 2519 Froehlichius

255 2556 351 2583 ann.
390 2542 550 2596 philoll.
595 2544 706 2585 1864
743 2558 782 2597 p.
815 2544 900 2585 206
930 2559 937 2583 :
964 2544 1008 2584 in
1047 2544 1218 2584 ‘ueritate
1249 2541 1365 2597 libri)
1399 2542 1524 2583 ‘artis
1555 2544 1598 2583 et
1627 2542 1772 2583 volun-

254 2613 357 2654 tatis
391 2616 507 2668 sunt,
539 2629 627 2655 non
658 2616 898 2668 personae.'
951 2612 1012 2655 Cf.
1047 2613 1333 2662 Quintilianus
1365 2611 1427 2653 IX
1459 2613 1504 2667 3,
1537 2613 1591 2654 89
1625 2613 1774 2654 ‘etiam

255 2685 301 2724 in
332 2699 540 2738 personae
572 2685 960 2734 fictione-accidere
993 2685 1163 2739 quidam
1196 2684 1307 2725 idem
1338 2685 1610 2738 putaverunt,
1649 2687 1695 2725 ut
1732 2685 1777 2725 in

255 2755 394 2796 >verbis
433 2757 545 2796 esset
586 2755 691 2797 haec
735 2756 871 2811 figura
897 2772 906 2796 z
934 2756 1182 2797 crudelitatis
1225 2759 1357 2797 mater
1398 2757 1455 2796 est
1495 2755 1689 2806 avaritia,
1733 2757 1777 2795 et

257 2826 367 2879 apud
395 2827 642 2868 Sallustium
678 2862 684 2869 .
719 2862 725 2868 .
760 2862 766 2868 .
801 2827 922 2881 quale
951 2828 1014 2868 est
1050 2826 1161 2880 apud
1186 2826 1499 2874 Menandrum.’
1553 2824 1776 2867 simillima
