1942 3204
783 226 834 261 M.
856 223 1098 261 PAOVVIVS
1657 220 1709 265 77

854 331 922 375 ΠΙ
954 329 1023 390 (8)

172 410 226 455 1b
292 410 409 455 Loca
439 410 616 454 horrida
645 411 791 455 initas.

674 500 739 544 IV
771 498 847 559 <11
881 502 926 544 et
955 499 1048 544 Liu.
1080 496 1205 558 Ant.)

843 578 1036 636 Amphio

289 655 542 714 Quadrupes
572 656 824 715 tardigrada
855 656 1039 714 agrestis
1069 655 1245 699 humilis
1276 655 1447 712 aspera,

290 734 423 778 Breui
454 735 613 793 capite,
644 735 810 779 ceruice
841 735 1054 793 anguina,
1084 736 1262 791 aspectu
1293 734 1425 790 truci,

291 811 548 858 Euiscerata
576 814 772 858 inanima
802 828 901 858 cum
931 811 1115 857 animali
1143 827 1263 857 sono.

872 903 1013 948 Astici

231 981 260 1025 5
290 981 363 1025 Ita·
391 982 623 1039 saeptuosa
653 981 844 1027 dictione
875 983 953 1026 abs
983 983 1028 1026 te
1060 982 1206 1038 datur,

291 1060 415 1111 Quod
447 1061 695 1105 coniectura
725 1061 898 1118 sapiens
930 1075 1058 1118 aegre
1089 1060 1276 1103 contuit:

289 1137 393 1182 Non
423 1138 735 1198 intellegimus,
765 1138 853 1183 nisi
884 1140 920 1183 si
952 1141 1100 1196 aperte
1132 1137 1302 1181 dixeris.

845 1229 1037 1287 Amphio

290 1306 496 1356 Testudo.

868 1379 911 1424 V
943 1378 1012 1438 (9)

293 1491 301 1500 .
335 1492 343 1500 .
376 1491 385 1501 .
417 1457 588 1514 perdita
618 1456 783 1501 inluuie
816 1460 945 1514 atque
976 1458 1195 1501 ins6mm'a

170 1588 373 1623 Pacuuium
402 1613 411 1631 ‚
444 1590 508 1632 qui
531 1590 746 1634 uituperata
769 1590 912 1624 musica
937 1589 1160 1634 sapientiam
1184 1589 1342 1623 laudat?
1391 1589 1449 1624 cf.
1474 1590 1563 1624 Hor.
1589 1590 1712 1634 Epist.

170 1634 190 1668 1
215 1635 275 1676 18,
298 1636 343 1668 39
383 1637 438 1679 17,
462 1636 505 1669 72
526 1635 584 1677 R.)
603 1645 683 1679 sqq.
778 1636 836 1670 111
852 1636 1051 1670 Diomedes
1067 1636 1084 1669 1
1102 1646 1138 1679 p.
1155 1637 1222 1670 336
1239 1636 1280 1671 Ρ.
1299 1636 1406 1669 ‘ineo
1423 1636 1506 1678 inis,
1533 1638 1570 1668 et
1594 1635 1712 1669 inito

170 1679 344 1723 dicimus,
366 1684 409 1714 ut
425 1681 613 1714 Pacuuius
634 1681 674 1714 in
690 1681 871 1725 Antiopaz
894 1681 919 1718 1,
938 1681 973 1718 h.
990 1682 1032 1714 i.'
1132 1681 1184 1714 IV
1202 1680 1332 1715 Cicero
1355 1681 1401 1714 de
1425 1682 1500 1714 diu.
1517 1682 1555 1715 11
1571 1682 1627 1715 64.
1647 1682 1712 1715 133

172 1729 273 1758 ‘nam
288 1725 515 1760 Pacuianus’
534 1726 603 1768 (sic
619 1726 724 1762 Leid.
737 1727 768 1760 A
784 1730 821 1760 et
837 1727 879 1760 B.
897 1727 1128 1761 Pacuinus
1144 1727 1254 1763 Vind.
1271 1727 1564 1761 Pacuuianus
1581 1726 1711 1770 uulgo)

170 1771 342 1815 ‘Amphio
363 1770 481 1816 [2-4]
499 1782 580 1805 cum
597 1771 753 1806 dixisset
769 1773 974 1814 obscurius,
993 1776 1070 1806 tum
1088 1772 1232 1806 astici
1250 1773 1488 1816 respondent:
1508 1770 1563 1817 [7]
1582 1773 1630 1805 At
1647 1772 1712 1804 ille

170 1826 245 1850 uno
261 1817 392 1851 uerbo:
417 1817 630 1852 Testudo.
662 1819 743 1852 Non
766 1820 916 1862 poteras
932 1818 1003 1853 hoc
1028 1819 1143 1862 igitur
1167 1829 1190 1851 a
1207 1819 1410 1862 principio,
1439 1818 1712 1859 citharista,

173 1862 344 1896 dicere?'
371 1862 531 1906 (antici
556 1863 721 1898 Orellius
753 1865 893 1898 artici
916 1864 991 1898 Erl.
1018 1864 1165 1898 acciti
1189 1865 1280 1907 ch.
1307 1864 1399 1897 Gud.
1424 1864 1542 1897 Rehd.
1568 1864 1714 1897 attici

170 1907 376 1942 Leidenses
399 1909 518 1949 ΑΒΗ,
544 1909 722 1952 Vindob.,
753 1910 926 1944 Baiterus
949 1910 1135 1953 glossema
1166 1919 1247 1943 esse
1278 1910 1500 1953 suspicatur.
1550 1909 1715 1942 rustici

171 1954 292 1987 suasit
313 1954 498 1999 Bergkius
523 1955 740 1989 Bacchici
765 1955 985 1990 Welckerus
1010 1956 1055 1989 de
1080 1959 1174 1999 trag.
1191 1954 1254 1990 Gr.
1273 1966 1306 1998 p.
1326 1957 1405 1989 815.
1445 1954 1544 1989 Illud
1569 1953 1712 1988 scholio

172 1999 212 2032 in
233 1999 321 2033 Eur.
340 2000 452 2044 Hipp.
476 2001 520 2034 67
546 1994 597 2040 ὥς
620 1998 688 2035 καὶ
713 1995 755 2035 ἐν
780 2000 825 2046 τῇ
848 1995 1022 2047 Ἀντιόπῃ
1047 1996 1119 2035 δύο
1143 1995 1281 2045 χοροὺς
1310 1996 1456 2045 εἰσάγει
1481 1994 1549 2034 τόν
1573 2010 1614 2034 τε
1638 1997 1714 2044 Θη-

179 2043 301 2089 βαίων
325 2040 518 2090 γερόντων
543 2041 677 2081 διόλου
701 2045 767 2081 καὶ
792 2044 860 2081 τὸν
884 2042 982 2091 μετὰ
1000 2041 1132 2091 Θήβης
1155 2039 1182 2090 ἢ
1205 2045 1279 2089 (his
1303 2046 1445 2081 duobus
1461 2046 1654 2080 uocabulis
1677 2047 1716 2078 in

177 2091 320 2125 Veneto
344 2091 439 2126 libro
464 2092 625 2135 omissis)
650 2092 796 2137 Δίρκης
818 2111 863 2117 -
888 2093 1097 2127 confirmari
1120 2093 1262 2126 monuit
1286 2092 1588 2126 Schneidewinus
1603 2091 1717 2125 Nunt.

177 2134 275 2170 liter.
301 2135 467 2181 Gotting.
494 2139 582 2172 1847
607 2149 641 2182 p.
667 2136 747 2182 145)
772 2138 1029 2173 Tertullianus
1054 2139 1098 2172 de
1124 2137 1240 2182 pallio
1265 2149 1298 2172 c.
1323 2141 1344 2172 3
1368 2149 1402 2182 p.
1429 2140 1475 2172 44
1500 2138 1614 2172 Salm.
1641 2140 1718 2170 ‘ost

173 2184 211 2215 et
236 2179 292 2227 [2]
325 2183 547 2217 testudinem
578 2184 834 2218 Pacuuianum
863 2187 998 2228 putas?
1029 2195 1105 2219 non
1137 2186 1213 2218 est:
1245 2185 1348 2229 capit
1379 2187 1416 2217 et
1449 2183 1525 2217 alia
1553 2182 1715 2216 bestiola

171 2227 422 2264 uersiculum?
468 2229 563 2263 Non.
591 2231 675 2272 170,
702 2231 743 2264 17
776 2233 1038 2275 memnone,
1072 2230 1236 2264 obscure.
1284 2230 1448 2263 Liuius
1478 2230 1640 2272 Antiopa
1665 2230 1712 2268 [ὅ.

172 2270 234 2351 63:
275 2271 531 2318 (Pacuuius
556 2274 732 2309 Scriuerii
756 2285 853 2317 mss..
880 2277 1066 2320 Bergkius
1093 2276 1137 2309 de
1162 2275 1228 2309 rel.
1246 2286 1337 2310 com.
1355 2276 1431 2309 Att.
1458 2286 1494 2319 p.
1515 2276 1591 2315 123,
1618 2274 1714 2307 Wel-

173 2328 194 2352 c
224 2328 308 2353 erus
331 2319 357 2353 l.
381 2319 407 2356 1.
435 2331 469 2364 p.
493 2320 575 2363 812)
741 2322 775 2356 V
799 2321 990 2356 Charisius
1015 2323 1034 2355 Ι
1063 2333 1099 2366 p.
1123 2322 1167 2356 78
1190 2322 1234 2357 Ρ.
1266 2322 1513 2356 ‘insomnia
1541 2346 1550 2355 .
1573 2345 1610 2355 ..
1642 2322 1714 2353 sin-

290 2441 312 2477 1
345 2440 477 2478 iuhitas
507 2440 637 2479 Paris.
669 2442 703 2479 Α
819 2441 843 2480 2
876 2439 1098 2495 tardigrada]
1132 2442 1189 2491 cf.
1219 2442 1324 2480 Mar.
1367 2443 1509 2481 Victor.
1537 2453 1578 2490 p.
1603 2439 1712 2479 2468

173 2495 218 2534 Ρ.
314 2498 340 2535 3
371 2498 488 2547 capite
517 2496 621 2536 breui
649 2499 741 2537 libri
769 2510 802 2538 c.
827 2499 941 2537 breui·
971 2500 1137 2538 Bothius
1223 2500 1330 2537 truci.
1356 2500 1489 2548 (erasa
1520 2510 1599 2536 una
1626 2495 1711 2548 litt.)

175 2553 372 2592 Ciceronis
400 2555 503 2593 Leid.
534 2555 573 2593 B
658 2555 684 2592 4
715 2556 868 2594 inanima
898 2568 980 2595 cum
1009 2557 1151 2595 animali
1172 2556 1408 2607 Hartunyus
1436 2557 1602 2603 inanima,
1633 2566 1713 2591 cum

174 2610 315 2648 animali
346 2613 462 2661 uulqo
549 2612 575 2650 5
606 2618 781 2662 septuose
811 2614 921 2652 dictio
952 2613 1014 2651 abs
1047 2619 1082 2652 te
1111 2615 1203 2652 libri
1230 2625 1261 2652 s,
1294 2613 1330 2651 d.
1362 2614 1424 2651 abs
1456 2618 1530 2650 tete
1559 2613 1715 2659 Lipsius

174 2678 204 2705 s.
235 2667 271 2705 d.
304 2666 347 2704 ab
377 2668 447 2706 deo
477 2670 541 2707 uel
570 2681 601 2708 s.
632 2669 666 2706 d.
698 2670 786 2708 haec
815 2670 878 2709 abs
909 2676 945 2709 te
986 2671 1143 2710 Vossius
1258 2671 1282 2709 6
1314 2672 1521 2708 coniectura
1550 2669 1715 2706 Rotkius

174 2730 416 2763 consecutura
445 2737 532 2764 mss.
562 2726 757 2771 Mer-ceri,
797 2729 850 2766 W
882 2734 1097 2766 consectum
1136 2731 1259 2766 ceteri
1293 2729 1385 2765 libri
1468 2726 1609 2763 contuit
1650 2725 1712 2762 uel

174 2781 335 2818 consulit
376 2782 531 2821 Vossius
559 2784 718 2822 contulit
746 2785 836 2823 libri
981 2786 1103 2824 Versu
1135 2785 1157 2822 7
1197 2786 1410 2832 adsumptis
1447 2783 1472 2819 5
1504 2786 1541 2819 et
1572 2782 1597 2820 6
1637 2793 1712 2819 non

174 2849 272 2885 opus
307 2840 463 2878 uidetur
491 2850 576 2879 esse
634 2841 841 2880 Welclcero
877 2844 926 2880 de
963 2847 1064 2893 tray.
1097 2843 1164 2880 Gr.
1190 2853 1232 2889 p.
1265 2841 1347 2878 815
1444 2839 1513 2876 nisi
1542 2839 1574 2875 si
1603 2838 1711 2875 Leid.

174 2893 232 2987 1¹3¹,
263 2895 448 2934 Dauisius
484 2897 552 2934 uisi
591 2901 714 2936 ceteri
828 2899 852 2937 9
883 2899 1021 2937 inluuie
1051 2901 1339 2937 Lindemannus
1374 2898 1409 2933 in
1441 2895 1554 2933 illiuie
1587 2895 1712 2943 Neap.

175 2951 186 2988 i
218 2951 300 2988 uuie
331 2954 389 2990 ed.
415 2965 483 3002 pr.
