1942 3204
774 255 817 290 n.
842 255 1019 291 mvnvs
1597 253 1679 298 281

830 360 895 405 IV
948 361 976 405 2

207 436 236 482 5
267 437 362 489 Qua
392 436 465 482 uix
497 439 730 497 caprigeno
763 439 912 498 generi
928 358 1121 497 (giadffis
1153 439 1317 496 gressio
1350 442 1425 483 est.

713 585 775 640 L.
834 582 1116 642 ATTIVS

565 697 896 743 AENEADAE
929 699 1020 743 siue
1050 697 1265 743 Dnolvs

835 801 857 844 I
915 801 970 845 10

266 875 340 920 Nil
372 877 511 934 neque
541 879 689 934 pericli
720 880 859 936 neque
890 799 1066 923 iuniulti
1097 881 1180 936 est,
1211 879 1325 935 qu6d
1358 879 1502 922 sciam.

845 973 891 1017 Π
923 972 991 1032 (4)

267 1054 464 1100 Clamdre
496 1059 540 1100 et
571 1058 734 1114 gemitu
765 1058 975 1115 templum
1004 1058 1170 1102 resonit
1201 1058 1413 1103 caelitum.

830 1153 898 1197 ῙΠ
930 1151 997 1212 (3)

268 1235 369 1279 Vim
401 1235 610 1280 Gallicam
642 1238 781 1281 obduc
813 1238 966 1280 contra
995 1237 1042 1280 in
1074 1237 1164 1281 acie
1196 1238 1445 1281 exercitum:

267 1311 357 1365 Iane
387 1314 577 1370 patrium
607 1314 756 1358 hostili
785 1315 932 1381 fiisum
963 1329 1160 1373 sanguen
1191 1316 1416 1373 sanguine.

147 1444 322 1487 ningnit.'
393 1445 443 1478 IV
467 1445 680 1480 Priscianus
703 1447 757 1480 VI
774 1457 807 1490 p.
824 1447 891 1480 677
908 1448 948 1481 Ρ.
977 1447 1063 1481 ‘sed
1087 1447 1337 1491 antiquissimi
1366 1447 1425 1479 hic
1450 1446 1685 1489 alienigenus

150 1493 188 1523 et
211 1489 304 1533 haec
327 1489 536 1534 alienigena
566 1494 605 1524 et
635 1491 704 1524 hoc
735 1491 986 1536 alienigenum
1011 1493 1188 1526 dicebant
1287 1503 1357 1525 nec
1383 1502 1455 1525 non
1489 1494 1615 1524 cetera
1639 1491 1686 1524 si-

150 1534 287 1568 militer
311 1545 334 1567 a
359 1545 495 1578 genere
521 1537 724 1580 composita
748 1537 1003 1580 proferebant,
1029 1538 1327 1581 caprigenae,
1354 1538 1576 1580 terrigenas,
1602 1539 1686 1569 tau-

149 1580 318 1623 riganus,
346 1580 456 1623 idque
482 1591 572 1615 usus
596 1581 817 1617 confirmat)
849 1583 1059 1617 Macrobius
1083 1583 1135 1616 VI
1157 1584 1193 1622 ὅ,
1222 1585 1262 1616 14
1288 1583 1685 1626 ‘caprigenumque

149 1635 264 1669 pecus
287 1625 388 1659 nullo
412 1626 566 1669 custode
591 1637 657 1670 per
680 1627 826 1664 herbas.
874 1629 1059 1662 Pacuuius
1085 1630 1123 1662 in
1146 1628 1284 1662 Paulo:
1317 1629 1505 1672 quamuis’
1532 1638 1566 1661 e.
1592 1638 1625 1670 q.
1653 1637 1683 1660 s.

150 1694 201 1737 (P
215 1677 405 1729 aculi'ius
430 1695 513 1731 Vat.
538 1695 767 1729 Pacubins
791 1696 918 1731 Bamb.
954 1697 1098 1731 Amien.
1126 1697 1239 1741 Sang.
1265 1697 1373 1730 Bern.
1398 1697 1503 1731 Grut.
1528 1694 1683 1729 Carolir.

149 1762 534 1804 PaccubiusHalb.
559 1763 744 1797 Prisciani
770 1747 1000 1807 pa⁴hubius
1020 1765 1202 1813 Macrobii
1223 1766 1308 1798 Par.
1379 1762 1545 1807 Paulo]
1572 1774 1685 1807 paco

150 1809 282 1842 ultima
305 1808 433 1842 littera
458 1808 557 1842 inter
580 1820 602 1842 ο
627 1812 665 1843 et
688 1820 711 1843 v
736 1809 940 1844 fluctuante
965 1811 1010 1846 fr.
1036 1811 1176 1844 Amien.
1202 1809 1402 1853 Prisciani)

241 1866 336 1898 Arri
362 1865 570 1898 Antemnae
597 1876 626 1899 s.
651 1867 797 1901 Dnmvs
860 1867 876 1900 1
902 1867 995 1901 Non.
1021 1868 1106 1908 484,
1132 1869 1153 1900 4
1179 1867 1387 1900 ‘tumulti
1416 1878 1481 1910 pro
1507 1866 1686 1900 tumultus

241 1910 376 1944 Accius
398 1911 585 1944 Aeneadis
608 1912 669 1945 uel
695 1912 812 1946 Decio
836 1938 866 1947 ..
882 1915 911 1945 .’
1006 1913 1042 1946 11
1065 1913 1159 1946 Non.
1187 1915 1271 1956 504,
1298 1913 1516 1955 291‘s0nit
1541 1922 1606 1956 pro
1630 1922 1688 1945 so-

151 1959 227 1992 nat.
268 1956 404 1990 Accius
427 1955 613 1990 Aeneadis
638 1961 703 1990 aut
731 1959 849 1991 Decio
878 1984 886 1991 .
907 1984 914 1992 .
937 1961 966 1992 .’
1082 1959 1139 1992 111
1163 1958 1256 1992 Non.
1283 1960 1368 2001 224,
1396 1959 1438 1991 10
1468 1957 1686 2001 ‘sangnis

156 2027 165 2036 .
186 2027 194 2035 .
214 2027 223 2036 .
253 2005 384 2035 neutro
415 2026 424 2035 .
445 2027 453 2035 .
474 2027 482 2035 .
512 2002 647 2036 Accius
672 2002 916 2045 Amfltryone=
948 2013 1030 2036 cum
1061 2008 1166 2046 patre
1193 2014 1327 2047 paruos
1359 2006 1535 2047 patrum
1569 2003 1684 2036 hosti-

150 2047 238 2082 fice'
265 2058 296 2081 e.
320 2057 355 2090 q.
382 2058 410 2080 s.
459 2047 578 2081 ‘idem
608 2049 646 2082 in
671 2049 858 2082 Aeneadis
890 2052 955 2082 aut
978 2050 1096 2083 Decio
1120 2075 1128 2084 .
1149 2074 1156 2082 .
1179 2053 1208 2083 .’

151 2210 188 2242 et
218 2204 312 2240 saxis
351 2199 541 2253 grandinat
576 2204 667 2241 niuit
703 2205 812 2252 libri,
853 2208 1091 2254 transposuit
1123 2206 1404 2244 Buecheler-us.
1444 2218 1475 2243 S.
1508 2204 1686 2254 plumbeis

153 2260 363 2309 grandinat,
395 2261 488 2297 saxis
518 2272 553 2297 n.
579 2261 798 2309 Gepperlus
816 2264 843 2300 l.
864 2265 889 2301 l.
916 2263 965 2300 15
996 2275 1025 2299 S.
1050 2262 1197 2311 piumbo
1230 2262 1439 2311 grandinat,
1471 2263 1564 2298 saxis
1596 2263 1687 2298 ninii.

152 2318 358 2365 repudiaui
443 2317 536 2353 ninit
563 2329 633 2354 om.
658 2318 794 2355 Bamb.
882 2320 907 2357 5
939 2330 1008 2368 qua
1040 2320 1096 2355 uix
1120 2320 1372 2356 Hermannus
1402 2330 1470 2367 qua
1504 2319 1558 2355 uia
1580 2319 1685 2354 Pris-

153 2375 259 2411 ciani
286 2373 452 2410 Carolir.
483 2373 602 2422 Sany.
634 2375 717 2423 quia
749 2375 804 2412 uia
835 2376 919 2424 Req
967 2376 1100 2413 Bamb.
1130 2377 1252 2413 Bern.
1286 2370 1367 2413 Vatl
1401 2375 1516 2412 Ilalb.
1548 2387 1594 2411 m.
1622 2387 1686 2421 pr.

154 2432 270 2480 Sauy.
293 2430 464 2467 Darmst.
489 2441 532 2478 c,
562 2431 630 2489 ubi
658 2434 746 2469 uoci
766 2432 822 2468 uia
841 2404 964 2469 linc*
968 2433 1158 2470 subducta
1181 2437 1237 2469 est
1268 2444 1336 2481 qua
1360 2438 1419 2490 tua
1440 2432 1558 2469 Halb.
1581 2442 1685 2468 corr.

154 2510 318 2559 quamuis
339 2508 565 2547 Macrobius
651 2511 776 2558 generi
798 2511 1039 2558 Priscianus,
1074 2514 1149 2549 nisi
1170 2513 1274 2561 quod
1292 2492 1427 2561 generi:¹
1447 2512 1594 2548 Amiere.
1626 2522 1685 2559 pe-

152 2567 228 2604 cori
258 2566 481 2603 Macrobius
586 2566 734 2617 gradilia
757 2568 1009 2606 Hermannus
1039 2567 1224 2618 gradibilis
1244 2569 1445 2606 Prisciani
1462 2569 1554 2605 libri
1580 2578 1687 2616 gran·

153 2623 233 2660 dior
263 2622 455 2660 Macrobii
483 2623 726 2672 exemplaria
814 2626 937 2674 gresio
968 2626 1065 2674 Rey.
1099 2625 1207 2663 Grul.
1297 2636 1365 2673 qua
1397 2626 1453 2661 uia
1486 2625 1544 2660 uix
1573 2623 1686 2671 capri-

153 2690 250 2729 geno
278 2678 463 2728 gradibilis
485 2682 611 2729 generi
639 2681 781 2729 gressio
803 2687 859 2718 est
882 2682 1184 2730 Fleckeiscnus‚
1212 2685 1400 2719 incer-lum
1424 2686 1548 2718 ulrum
1572 2691 1685 2716 unum

155 2738 320 2786 uoluerit
360 2746 444 2774 esse
484 2738 722 2775 trochaicum
759 2741 1022 2784 septenarium
1059 2751 1109 2775 an
1147 2741 1342 2776 senarium
1370 2740 1577 2786 iueeyrum‚
1624 2739 1690 2773 cui

155 2803 224 2841 qua
255 2794 313 2829 uia
341 2795 522 2831 clausula
548 2795 775 2842 praecedat.
864 2832 871 2841 ,

241 2849 399 2886 ATTlvs
461 2851 480 2886 1
515 2850 564 2888 ui!
597 2851 748 2889 Vossius
778 2850 865 2888 nihil
895 2852 985 2889 libri
1070 2852 1093 2888 2
1126 2844 1263 2900 gemin]
1290 2851 1424 2887 Bamb.
1520 2850 1544 2886 3
1575 2850 1686 2887 aciem

156 2906 290 2943 Dclrio
402 2905 428 2942 4
459 2906 518 2943 lue
548 2907 702 2956 patrium
736 2907 1000 2945 Buecheler-us
1031 2919 1075 2945 ue
1106 2913 1247 2956 patrum
1279 2908 1326 2943 W
1355 2917 1421 2943 uae
1452 2911 1592 2955 patruni
1625 2917 1686 2942 ce-

158 2964 231 2999 teri
258 2962 367 3010 libri,
396 2964 465 3000 sed
487 2975 506 3000 a
529 2966 635 3002 uocis
665 2974 730 3000 uae
752 2969 980 3012 compuncta
1003 2967 1039 3002 in
1063 2964 1167 3002 Leid.
1200 2968 1405 3013 reparatum
1430 2963 1687 3005 Nculcirchius
