1942 3204
289 207 367 248 158
920 209 962 243 L.
981 207 1163 241 ,ATT1vs

959 312 1000 355 V
1033 310 1129 370 (13)

1051 392 1143 431 tum
1176 389 1325 433 Galeas
1358 391 1527 446 quidem

407 465 528 524 [Iam]
563 465 730 523 pridem
761 467 1014 523 religionem
1045 467 1210 509 iactans
1243 468 1420 510 desisset
1451 468 1681 510 exercitum

402 544 582 601 Morari,
613 559 692 586 nec
723 559 790 586 me
823 544 876 585 ab
910 544 1084 586 domum
1114 545 1247 587 itione
1269 546 1433 587 arceret
1452 545 1636 595 obsceno
1658 546 1822 588 omine.v

947 621 1011 664 VI
1044 620 1140 679 (12)

401 698 558 742 Fertim
590 699 722 741 feroci
754 699 1105 741 contundendum
1136 700 1375 756 imperiost,
1407 715 1582 742 saeuum
1615 701 1809 743 saeuiter.

953 776 1039 819 VII
1073 775 1139 834 (4)

290 853 372 895 175
405 853 464 895 Te
497 855 674 909 propter
705 855 771 895 tot
801 854 1029 909 tantasque
1060 854 1268 896 habemus
1300 856 1516 897 uastitatis
1547 856 1759 898 funerum.

942 930 1052 973 VIII
1085 929 1152 988 (7)

403 1002 593 1052 Quorum
613 1002 927 1046 ,crudelitatem
963 1018 1198 1058 numquam
1235 1004 1323 1045 ulla
1361 1005 1502 1059 explet
1538 1006 1669 1047 satias
1708 1006 1802 1047 sain-

1347 1081 1502 1138 guinis.

283 1174 423 1208 Gellius
449 1175 533 1208 XIV
562 1178 597 1218 1,
623 1176 666 1208 31
700 1176 836 1208 ‘multa
869 1176 979 1208 etiam
1010 1176 1159 1208 memini
1184 1179 1373 1219 poetarum
1399 1181 1564 1209 ueteium
1590 1178 1809 1218 testimonia,

285 1232 306 1252 a
332 1221 466 1262 quibus
498 1221 748 1253 huiuscemodi
778 1221 955 1264 ambages
987 1221 1203 1254 fallaciosae
1237 1221 1494 1263 confutantum
1528 1233 1572 1254 ex
1597 1223 1727 1264 quibus
1754 1226 1810 1255 est

283 1266 535 1298 Pacuuianum
560 1266 727 1300 illud..
750 1267 834 1298 item
859 1266 1060 1299 Accianum
1084 1266 1194 1298 illud.
1219 1267 1330 1308 nihil,
1356 1267 1493 1309 inquit,
1520 1267 1649 1300 credo’
1677 1278 1708 1300 e.
1728 1279 1760 1311 q
1781 1277 1809 1300 s.

375 1312 405 1343 V
429 1311 522 1343 Non.
548 1313 625 1348 357,
650 1313 669 1343 6
697 1311 822 1345 ‘obse
835 1322 975 1354 enum,
1003 1311 1159 1344 uitabile
1261 1312 1395 1344 Accius
1419 1314 1665 1355 Astyanacte:
1691 1313 1808 1345 hunc’

284 1367 315 1391 e.
342 1367 375 1399 q.
402 1367 429 1389 S.
507 1356 557 1388 VI
580 1356 672 1389 Non.
699 1358 783 1398 511,
809 1359 829 1389 3
855 1357 1082 1389 ‘saeuiter
1105 1367 1170 1399 pro
1196 1367 1303 1390 saeue
1406 1358 1538 1390 Accius
1562 1358 1808 1400 Astyanacte:

286 1402 422 1434 ferum’
451 1412 481 1437 e.
509 1412 540 1445 q.
567 1412 594 1434 s.
698 1402 769 1434 VII
794 1403 886 1435 Non.
912 1403 992 1443 417,
1019 1403 1060 1434 12
1094 1403 1313 1434 ‘uastitas
1339 1403 1521 1444 significat
1545 1405 1808 1436 uastationem.

283 1448 418 1481 Accius
442 1448 684 1488 Astyanacte:
712 1449 881 1489 propter’
909 1458 940 1482 e.
967 1457 1000 1489 q.
1026 1457 1054 1480 s.
1163 1448 1250 1480 VIII
1276 1447 1368 1480 Non.
1398 1450 1478 1490 172,
1505 1450 1525 1481 5
1552 1449 1720 1482 ‘satias
1744 1460 1808 1492 pro

283 1493 448 1528 satietas.
475 1492 610 1524 Accius
636 1493 882 1534 Astyanacte:
910 1495 1080 1535 quorum'
1107 1503 1136 1526 e.
1157 1503 1188 1536 q.
1207 1503 1234 1525 s.

398 1601 476 1637 171
500 1611 557 1648 sq.
589 1605 629 1637 ut
654 1605 831 1647 poteram
862 1603 1064 1637 restituere
1094 1606 1258 1638 conatus
1288 1612 1382 1638 sum.
1461 1601 1557 1637 hunc
1585 1602 1808 1650 aicaispinem

282 1659 470 1705 regionum
503 1657 556 1693 sac
587 1668 628 1693 ac
657 1656 810 1693 desisset
840 1657 1035 1693 exercitum
1066 1658 1175 1705 libri,
1206 1660 1281 1694 nisi
1309 1658 1411 1705 quod
1438 1659 1649 1706 aciaspinem
1682 1659 1805 1696 Basil.

283 1715 377 1750 hunc
407 1714 603 1762 altispicem
634 1713 835 1762 Regionum
867 1713 921 1749 sac
951 1714 1100 1750 desistat
1130 1715 1326 1750 exercitum
1349 1713 1554 1751 Mereerus
1577 1715 1598 1751 1
1629 1726 1701 1751 non
1733 1714 1808 1751 Cal-

281 1772 365 1806 chas
387 1771 625 1818 phrygiorum
658 1770 724 1806 sata
757 1770 924 1806 edixisset
946 1771 1140 1806 exercitum
1163 1771 1368 1808 Mereerus
1390 1770 1412 1807 2
1445 1782 1540 1807 nunc
1560 1772 1806 1819 Astyanactem

281 1828 542 1875 reginominem
574 1827 628 1863 sac
667 1832 706 1862 ut
735 1827 936 1863 Exercitum
974 1828 1103 1863 morari
1143 1827 1283 1864 desinat
1321 1832 1515 1874 assumpto
1554 1839 1605 1865 ex
1635 1830 1809 1876 sequenti

282 1895 400 1920 uersu
431 1884 560 1920 morari
584 1884 737 1930 Grotius
766 1895 862 1920 nunc
883 1883 1034 1920 Calchan
1065 1884 1175 1932 spinis
1207 1880 1423 1931 religionum
1455 1884 1510 1920 sac
1540 1884 1675 1920 desisse
1707 1896 1807 1921 exer·
1840 1932 1842 1934 Ι

282 1941 390 1976 citum
422 1941 602 1986 Bomius,
641 1942 777 1988 quibus
806 1943 950 1987 parlim
978 1941 1154 1987 probatis
1188 1951 1283 1976 nunc
1317 1940 1478 1977 Calcham
1507 1941 1625 1989 specie
1659 1941 1807 1990 religio-

281 2008 366 2032 num
405 1996 460 2033 sac
496 1996 632 2033 desisse
670 2008 701 2033 e.
734 1998 1001 2034 Bueclzelerus
1040 1997 1134 2033 hunc
1172 1998 1363 2044 auispicem
1402 1997 1457 2033 sac
1494 1997 1669 2045 religione
1707 2009 1806 2034 exer-

281 2054 390 2088 citum
415 2054 575 2090 Bothius
606 2055 690 2090 olim
721 2065 816 2089 nunc
846 2054 900 2089 aio
923 2054 1102 2100 auspicem
1132 2053 1286 2089 reditum
1308 2053 1425 2089 facere
1446 2053 1582 2089 desisse
1611 2055 1804 2090 exercitum

283 2110 530 2146 Duentzerus
561 2110 721 2156 Eplzem.
753 2109 922 2146 Darmst.
948 2109 1055 2146 1838
1081 2121 1120 2156 p.
1146 2108 1198 2146 54
1219 2121 1300 2157 sqq.
1333 2109 1429 2145 hunc
1458 2109 1656 2158 altispicem
1686 2112 1806 2159 regio·

280 2177 359 2201 rum
406 2166 460 2202 fac
499 2171 538 2202 ut
577 2166 725 2202 desistat
763 2167 961 2202 exercitum
1001 2166 1228 2203 Gerlaehius
1273 2177 1368 2202 nuuc
1406 2165 1567 2202 Calcham
1606 2167 1804 2215 aruspicem

280 2222 465 2270 legionum
498 2222 551 2258 sac
581 2222 717 2259 desisse
749 2224 945 2259 exercitum
976 2223 1173 2270 Hauptius
1209 2224 1342 2260 Herm.
1383 2223 1413 2259 V
1439 2223 1517 2260 178
1550 2223 1728 2260 Bothium
1765 2226 1804 2260 in

276 2280 477 2327 plerisque
517 2284 552 2316 et
589 2280 802 2316 Adrianum
833 2280 1046 2327 Herinqam
1084 2283 1259 2327 secutus,
1300 2282 1376 2327 qui⁴
1404 2279 1488 2316 ObS.
1530 2282 1615 2316 crit.
1650 2292 1692 2327 p.
1723 2279 1804 2317 294

279 2335 463 2383 legionum
495 2338 669 2373 coniecit.
713 2336 803 2383 Ipse
834 2337 930 2372 haec
962 2338 1047 2373 olim
1081 2332 1178 2386 [nam
1210 2337 1240 2372 si
1278 2347 1365 2372 auro
1397 2334 1676 2387 locupletasses]
1708 2337 1805 2373 hunc

279 2392 500 2440 aruspicem,
533 2392 604 2428 Iam
625 2392 841 2441 religionum
873 2392 954 2428 satis
986 2392 1119 2428 dudum
1149 2392 1303 2429 desisset
1334 2403 1365 2428 e.
1388 2394 1569 2439 luseram,
1602 2396 1737 2430 saltem
1763 2397 1805 2430 ut

277 2451 504 2485 sentenciam
533 2450 754 2486 indicarem.
864 2449 942 2485 173
974 2449 1198 2485 domuitione
1227 2450 1319 2486 libri
1346 2447 1543 2485 domitione
1573 2449 1615 2485 L.
1641 2450 1804 2486 Mueller

278 2506 324 2541 (le
345 2515 388 2541 re
417 2518 465 2541 m.
487 2504 572 2543 420
657 2510 794 2542 arceret
814 2506 1020 2542 Mereerus
1049 2510 1247 2542 marceretu
1277 2506 1367 2542 libri
1394 2511 1576 2541 arceretur
1597 2507 1735 2543 Iunius
1764 2508 1802 2542 in

279 2571 349 2610 mq.
384 2573 504 2598 arcere
537 2567 606 2598 tam
628 2563 789 2599 Bollu'us
810 2562 854 2609 2,
886 2563 1098 2609 Hauptius.
1147 2563 1206 2598 An
1236 2564 1330 2599 latet
1360 2567 1498 2598 arceret
1527 2573 1594 2598 suo
1625 2564 1688 2599 uel
1717 2562 1803 2598 tuo?

364 2619 480 2654 omine
511 2619 717 2655 Mereerus
746 2619 889 2655 homine
917 2619 1008 2655 libri
1127 2618 1206 2656 174
1237 2613 1371 2668 serum]
1402 2618 1584 2666 ingenium
1615 2620 1801 2666 intelleqo.

280 2686 397 2711 serum
430 2676 564 2711 Bamb.
658 2675 788 2711 serroci
819 2676 956 2712 Bamb.
1051 2676 1237 2723 imperiost
1279 2676 1431 2712 Vossius
1459 2675 1634 2722 imperisit
1664 2675 1800 2712 Bamb.

277 2732 442 2780 inperisit
472 2733 591 2768 ceteri
607 2732 698 2768 libri
724 2732 874 2780 imperio
897 2732 1102 2768 Mereerus
1129 2732 1279 2780 imperio
1301 2738 1337 2767 et
1358 2731 1617 2767 Neulcirehius
1645 2733 1691 2767 de
1716 2730 1799 2778 fab.

280 2794 352 2835 loq.
384 2800 423 2835 p.
447 2788 549 2834 251,
581 2789 743 2825 Bothius
774 2788 797 2831 2
907 2788 984 2824 175
1018 2794 1052 2824 te
1081 2793 1232 2836 propter
1262 2788 1426 2824 Bothius
1455 2791 1618 2835 propter,
1649 2800 1719 2825 om.
1753 2793 1800 2834 te,

275 2846 366 2880 libri
394 2850 544 2893 propter
575 2850 609 2881 te
629 2845 779 2891 Delrio,
812 2846 1063 2881 Hermannus
1091 2845 1212 2881 Elem.
1246 2845 1280 2880 d.
1311 2857 1358 2880 m.
1377 2856 1418 2890 p.
1445 2843 1521 2880 159
1620 2844 1698 2882 176
1731 2844 1800 2880 ulla

280 2912 433 2948 unquam
477 2902 603 2938 Vrbin.
628 2901 708 2938 308
797 2903 903 2937 satias
934 2902 1016 2937 edd.
1048 2901 1192 2937 satietas
1222 2902 1313 2937 libri
