1942 3204
287 188 366 232 148
925 192 968 225 L.
994 192 1169 227 ATTIVS

962 296 1003 338 X
1036 294 1133 353 (11)

410 371 454 415 Si
485 373 596 415 forte
628 375 757 429 paulo
791 375 919 429 quzim
950 375 998 415 tu
1029 373 1202 415 ueniam
1234 373 1367 415 sfirius

969 450 1032 492 XI
1065 448 1132 507 (7)

408 527 585 570 Miser&
615 527 888 570 lacrimarum
919 528 1113 570 luctuum
1145 527 1412 569 orbitudinis.

946 604 1032 646 XII
1065 597 1161 661 (12)

319 681 375 723 95
406 680 509 723 Non
540 683 764 737 pziruolam
795 697 886 724 rem
918 680 1106 724 ordibor.
1138 706 1193 711 —
1225 680 1292 723 Ne
1323 681 1471 737 retice,
1503 682 1696 725 obsecro!

944 758 1054 801 XIII
1088 757 1154 815 (2)

405 835 633 892 Hocinesb7
665 851 749 892 quo
780 837 871 878 tam
904 836 1121 878 temeriter
1151 838 1199 878 ui
1231 851 1370 878 meam
1400 836 1738 878 beniuolentiam

403 912 622 955 'Interisse
655 928 698 955 es
730 913 879 956 ratus?

903 989 1196 1032 PERSIDAE
1240 983 1242 985 ¹

406 1065 529 1108 Satin
560 1039 620 1109 fit.
641 1082 767 1123 quem
800 1068 951 1122 cuique
982 1066 1138 1109 tribuit
1168 1068 1344 1111 fortuna
1376 1067 1588 1121 ordinem,

401 1134 1024 1199 Numcluaffiuiiiilitas
1056 1143 1279 1200 ingenium
1310 1145 1500 1186 infirmat
1530 1145 1722 1187 bonum?

861 1220 1238 1264 ANDROMEDA

973 1298 994 1340 I
1050 1299 1099 1340 11

287 1375 371 1417 100
403 1374 517 1425 Quot
548 1375 672 1418 Luna
704 1376 854 1418 circlos
887 1297 1459 1418 innuo(in)oursu⁸1‘ns’uitit

373 1464 406 1495 X
431 1464 565 1498 Festus
591 1475 626 1506 p.
645 1466 711 1498 343
727 1464 777 1496 M.
805 1465 993 1498 ‘setius’
1021 1464 1191 1506 (serius
1209 1464 1414 1506 Vrsinus)‘
1425 1475 1447 1497 a
1472 1475 1553 1497 sero
1570 1464 1715 1497 uidetur
1740 1465 1813 1498 dic—

281 1511 369 1544 tum.
420 1510 557 1542 Accius
587 1510 625 1542 in
656 1509 937 1553 Amphitryone.
969 1511 1019 1543 si
1048 1521 1078 1545 e.
1104 1520 1136 1552 q.
1164 1520 1193 1545 s.
1241 1509 1378 1542 Paulus
1410 1520 1444 1552 p.
1472 1511 1537 1544 342
1562 1510 1609 1542 M.
1644 1511 1813 1543 ‘serius

279 1554 415 1587 Accius
442 1565 463 1587 a
488 1565 570 1588 sero
595 1556 846 1598 comparauit,
875 1556 930 1588 ait
948 1556 1061 1587 enim.
1087 1566 1157 1596 ne,
1183 1555 1222 1587 si
1247 1555 1389 1587 forte’
1418 1565 1448 1587 e.
1474 1566 1507 1597 q.
1534 1566 1562 1587 s.
1594 1554 1736 1596 (Potest
1759 1567 1812 1589 ne

279 1609 323 1631 ex
355 1597 725 1644 [Amphitryo]ne
752 1601 860 1633 titulo
886 1601 1064 1643 reliquum
1091 1597 1198 1643 esse.)
1297 1600 1349 1632 XI
1373 1600 1574 1642 Νοῐι.146,
1601 1602 1642 1633 15
1669 1601 1813 1633 orbi-

278 1644 444 1677 tudinis
476 1656 540 1688 pro
579 1646 754 1678 orbitate.
802 1645 935 1679 Accius
961 1646 1267 1688 Amfitryone:
1299 1645 1467 1678 miseret’
1493 1656 1525 1678 e.
1552 1655 1586 1687 q
1613 1656 1640 1682 s
1741 1646 1812 1678 XII

278 1690 371 1723 Non.
398 1692 459 1728 39,
486 1692 526 1723 21
554 1691 726 1724 ‘ordire
751 1694 809 1724 est
834 1702 987 1734 ponere,
1014 1691 1189 1734 incipere,
1230 1691 1364 1723 Accius
1390 1691 1695 1732 Amfitryone:
1726 1693 1812 1723 non'

278 1745 310 1769 e.
337 1746 369 1777 q.
395 1735 615 1777 s.⁴(ordiri
638 1735 784 1777 Bamb.)
877 1736 968 1769 XIII
992 1737 1084 1769 Non.
1106 1737 1182 1778 516,
1209 1738 1229 1769 3
1255 1737 1522 1771 ‘temeriten
1559 1736 1692 1769 Accius
1717 1736 1812 1768 Am-

279 1779 504 1822 fitryo'ne:
530 1781 623 1814 hoc'
651 1792 682 1815 e.
709 1791 742 1823 q.
768 1792 796 1814 s,
821 1781 1112 1824 (Amfitrione
1137 1781 1280 1819 Bamb.)

368 1827 562 1858 PnnsmAu
588 1827 801 1859 Priscianus
827 1827 870 1859 de
897 1827 1024 1859 metris
1050 1837 1141 1862 com,
1167 1837 1202 1868 p.
1229 1827 1316 1859 1325
1341 1827 1381 1860 P.
1417 1829 1507 1858 ‘nec
1539 1826 1653 1858 solum
1681 1827 1812 1858 comici

277 1869 530 1904 huiuscemodi
555 1875 639 1904 sunt
663 1873 719 1904 usi
744 1873 893 1913 iambis,
926 1872 989 1905 sed
1016 1873 1127 1904 etiam
1153 1872 1290 1914 tragici
1314 1872 1575 1912 uetustissimi,
1609 1874 1648 1903 ut
1673 1871 1811 1904 Ennius

276 1915 314 1947 in
341 1917 474 1949 Medea
499 1942 506 1949 .
522 1941 552 1950 ..
576 1917 712 1949 Accius
738 1918 775 1949 in
802 1918 1025 1960 Argonautis
1050 1942 1057 1949 .
1073 1942 1080 1950 .
1097 1942 1104 1950 .
1129 1916 1221 1948 idem
1247 1918 1283 1947 in
1310 1916 1471 1948 Persidis
1496 1919 1570 1949 ...'

367 1962 606 1994 ANDROMEDA
631 1963 650 1994 I
672 1963 764 1997 Non.
790 1964 851 2004 20,
878 1964 921 1995 25
954 1963 1128 1995 ‘circus
1159 1961 1291 1993 dieitur
1315 1962 1431 1993 omnis
1455 1962 1615 1993 ambitus
1639 1961 1700 1994 uel
1726 1971 1811 2005 goe-

277 2008 360 2038 rus’
394 2006 603 2049 (goeirus
628 2008 675 2040 W
699 2009 842 2050 girus,
877 2007 944 2039 sed
967 2008 980 2039 i
1004 2007 1042 2039 in
1067 2006 1217 2039 duarum
1243 2006 1317 2039 litt.
1345 2017 1475 2038 rasura
1499 2007 1639 2049 posita,
1667 2006 1810 2049 Bamb.)

278 2051 409 2083 ‘cuius
436 2052 694 2085 diminutiuum
720 2055 776 2085 est
801 2052 985 2086 circulus.’

277 2157 322 2183 ne
352 2158 391 2183 se
412 2148 465 2183 II.
488 2148 639 2185 Keilius
726 2147 862 2184 obbitet
893 2150 1052 2194 scripsi,
1085 2158 1140 2194 se.
1170 2146 1331 2194 facinus
1361 2148 1463 2195 quod
1488 2148 1657 2196 flayitas.
1690 2147 1809 2184 obbiet

286 2203 332 2239 W
361 2202 461 2240 obtet
481 2204 585 2241 Leid.
619 2203 741 2241 obhiet
762 2215 827 2241 ms.
850 2204 955 2241 Iunii
984 2203 1080 2240 ohiet
1102 2206 1222 2240 ceteri
1245 2204 1334 2240 libri
1353 2203 1468 2240 Nonii
1495 2203 1649 2240 obiectet
1669 2205 1810 2241 Festus

281 2258 438 2296 oblectet
458 2261 503 2297 A.
527 2261 781 2310 Auyusstnus,
813 2261 971 2297 Vossius
1000 2265 1154 2308 temptet
1184 2261 1385 2297 Mereerus
1486 2259 1537 2297 93
1570 2272 1614 2297 ne
1642 2262 1672 2296 si
1696 2261 1812 2298 Pauli

275 2316 436 2353 Festus.-
464 2329 501 2354 u.
524 2328 646 2365 supra
725 2318 839 2354 serius
861 2317 1023 2364 Paulus,
1045 2311 1148 2365 quod
1163 2318 1304 2364 probat
1331 2321 1492 2363 praeter
1517 2316 1558 2354 Ο.
1580 2317 1809 2354 Muellerum

276 2373 556 2410 Fleckeisenus
585 2375 686 2411 Mus.
720 2374 847 2411 Rhen.
887 2374 986 2411 VIII
1002 2385 1047 2420 p.
1080 2373 1160 2411 223
1191 2374 1304 2409 setius
1335 2373 1495 2419 Festus,
1516 2370 1664 2410 'tuetur
1696 2374 1808 2421 Way-

278 2438 399 2465 nerus
433 2429 609 2478 Ortkoyr.
644 2431 752 2479 Very.
778 2443 820 2478 p.
842 2429 923 2467 472
955 2431 1072 2466 secius
1111 2431 1174 2467 uel
1203 2430 1350 2478 sequius
1383 2429 1571 2477 Scaliyer.
1623 2429 1682 2477 Cf.
1713 2429 1808 2466 Cha-

277 2487 395 2522 risius
421 2498 462 2534 p.
487 2486 566 2523 194
589 2488 632 2523 Ρ.
662 2499 699 2523 u.
733 2488 846 2523 setius
879 2491 915 2523 et
945 2498 1049 2523 secus
1165 2486 1216 2523 95
1248 2486 1443 2522 Personas
1473 2487 1647 2522 distinxit
1675 2485 1808 2522 Delrio

360 2542 544 2590 paruolam
578 2544 743 2580 Bothius
765 2543 787 2579 2
819 2554 963 2592 paruam
983 2544 1074 2580 libri
1144 2543 1207 2579 An
1240 2541 1391 2578 ordibo?
1488 2541 1539 2578 96
1573 2542 1722 2578 hoccine
1753 2547 1808 2578 est

274 2598 406 2635 Delrio
438 2600 507 2635 hoc
535 2601 571 2635 in
602 2605 638 2636 te
670 2605 726 2637 est
746 2611 813 2636 ms.
836 2600 1000 2636 Doruill.
1034 2599 1103 2636 hoc
1133 2599 1168 2635 in
1200 2609 1238 2634 re
1270 2604 1324 2635 est
1346 2600 1467 2639 ceteri
1484 2599 1575 2634 libri
1594 2598 1699 2634 hocin
1731 2604 1807 2634 rest

274 2654 318 2691 L.
341 2655 509 2692 Mueller
539 2657 585 2692 (le
616 2667 659 2692 re
689 2669 736 2695 m.
760 2655 838 2692 421
939 2667 1011 2704 quo
1044 2655 1112 2703 (sic
1133 2655 1240 2692 Leid.
1268 2665 1355 2691 mss.
1379 2655 1474 2691 Par.
1499 2653 1606 2691 7657
1639 2658 1675 2690 el
1697 2654 1805 2691 7666

273 2711 400 2750 Putat.
424 2713 527 2748 Voss.
555 2713 632 2750 116
656 2713 749 2761 quod
781 2709 911 2760 ceteri)
944 2717 984 2748 tu
1016 2717 1086 2748 tam
1116 2710 1163 2761 (ta
1185 2710 1337 2758 Bamb.)
1364 2711 1549 2747 temeriter
1575 2711 1684 2757 libri,
1707 2721 1806 2758 quae

276 2771 511 2814 transposui.
606 2768 895 2805 beneuolentiam
927 2769 1061 2805 Bamb.
1181 2767 1231 2804 97
1264 2768 1444 2803 interiisse
1475 2772 1576 2803 ratus
1607 2778 1644 2802 es
1675 2767 1804 2804 Pulal.

275 2822 440 2861 Doruill.
557 2825 608 2862 98
640 2826 741 2861 satim
773 2826 877 2862 Leid.
911 2825 942 2861 V
968 2826 1043 2861 scin
1075 2826 1160 2862 olim
1191 2826 1339 2860 conieci
1445 2833 1694 2871 quemcunque
1726 2823 1803 2860 Bo-

274 2880 375 2918 tlzius
519 2881 601 2919 100
632 2887 720 2929 quot
750 2882 905 2928 Lipsius
934 2881 1023 2918 Ant.
1055 2882 1159 2918 Lect.
1193 2881 1223 2918 V
1248 2879 1300 2916 22
1333 2879 1429 2927 quod
1459 2880 1552 2916 libri
1673 2879 1802 2917 circlos
