1942 3204
719 188 1072 226 stoROLLARIVM
1603 187 1667 222 XV

131 312 227 349 rum
260 303 373 346 vices
404 302 486 344 hae
517 286 985 342 distribuendaesunt:
1018 302 1126 341 estne
1150 298 1283 351 e'mpm
1317 296 1421 339 mihi
1454 297 1543 339 istis
1574 295 1669 349 lesai-

127 374 238 419 bus?
269 373 292 421 ss'
321 371 470 416 habeds
502 371 608 426 lieet,
640 386 729 413 non
761 385 876 414 curo.

251 444 304 487 V.
336 445 405 487 61.
437 442 643 486 Adverbii
675 442 789 498 quod
823 445 889 484 est
919 455 1088 485 numero
1120 456 1246 485 usum
1278 444 1321 483 et
1351 438 1670 484 vicissitudines

134 517 200 560 vel
231 518 331 572 post
361 514 626 558 Fleckeisem'
659 528 793 556 exerc.
825 513 963 556 Plaut.
989 529 1029 570 p.
1059 514 1111 557 17
1145 516 1190 556 et
1220 511 1422 555 Ladevici
1453 510 1499 552 in
1531 509 1670 552 diurn.

134 587 266 642 antiq.
303 586 415 630 1844
448 601 487 642 p.
519 585 605 628 623
637 585 952 641 disputationes
982 599 1073 627 non
1111 585 1263 628 inutile
1295 583 1405 626 duco
1438 582 1568 638 paulo
1601 596 1666 623 ac-

133 659 323 702 curatius
344 672 556 701 enarrare.
582 655 714 699 Cuius
735 657 947 713 originem
961 656 1138 699 Rostius
1153 670 1297 712 opusc.
1311 654 1451 697 Plaut.
1476 653 1556 696 187
1579 668 1670 708 sqq.

134 745 161 774 a
204 744 250 773 re
288 729 452 772 musica
495 743 594 772 cum
637 731 751 771 recte
796 728 992 771 videatur
1034 727 1304 783 repetivisse,
1346 728 1493 768 tamen
1538 724 1670 780 signi-

132 802 381 845 ficationem
419 800 667 856 primariam
704 815 794 843 non
837 800 883 842 in
927 799 1230 843 convenientia
1273 798 1339 840 vel
1385 796 1671 853 congruentia

134 874 195 916 rei
227 887 324 916 cum
361 873 456 914 loco
496 872 563 914 vel
601 874 794 927 tempore
833 885 994 928 ponere
1032 870 1232 913 debebat:
1276 884 1380 912 narn
1417 869 1463 910 in
1496 882 1671 924 prorsus

133 944 373 987 contrarias
398 943 599 987 notiones
625 958 728 986 usus
755 943 873 986 abiit.
911 943 1049 986 Immo
1078 942 1266 985 dubitari
1286 954 1375 983 non
1396 941 1541 995 potest
1566 939 1671 994 quin

133 1016 338 1072 primaria
363 1014 623 1072 significatio
649 1014 782 1057 fuerit
806 1016 894 1058 cito.
933 1014 1073 1058 Varro
1100 1013 1245 1070 logist.
1269 1012 1321 1055 fr.
1348 1011 1412 1054 VI
1440 1027 1480 1066 p.
1506 1011 1593 1054 248
1620 1010 1671 1052 R.

132 1088 227 1142 ‘qui
265 1089 417 1130 contra
453 1086 630 1129 celeriter
674 1088 799 1129 erant
842 1086 935 1129 nati
978 1086 1068 1129 fere
1106 1085 1331 1128 Numerios
1368 1082 1669 1138 praenomina-

135 1159 260 1214 bant,
291 1157 406 1213 quod
438 1157 511 1213 qui
536 1158 614 1200 cito
639 1157 857 1209 facturum
884 1158 985 1214 quid
1012 1172 1056 1200 se
1084 1156 1310 1200 ostendere
1336 1154 1530 1209 volebat,
1563 1153 1671 1195 diee-

132 1230 210 1272 bat
239 1242 409 1272 numero
445 1228 489 1271 id
527 1228 650 1271 fore.'
712 1228 831 1286 Ergo
871 1229 962 1284 ipse
994 1228 1136 1271 Varro
1174 1228 1220 1269 in
1253 1226 1386 1269 satira
1423 1241 1463 1281 p.
1500 1224 1582 1267 195
1620 1224 1673 1266 fr.
1741 1276 1751 1285 ·

133 1300 174 1343 V
205 1300 256 1343 R.
289 1300 528 1343 ‘discedens
560 1314 730 1343 numero
760 1302 896 1344 venire
933 1300 995 1343 ait
1033 1300 1387 1352 adulescentem’3
1424 1298 1529 1339 item
1568 1294 1670 1338 Cae-

133 1372 256 1415 cilius
288 1387 326 1415 V.
358 1373 385 1414 2
418 1372 536 1427 ‘quid
567 1373 629 1415 ita
659 1386 828 1415 numero
858 1372 1023 1415 venit?'
1075 1371 1294 1426 Turpilius
1327 1385 1365 1412 v.
1400 1368 1482 1411 151
1517 1369 1672 1424 ‘neque

134 1446 201 1486 sat
223 1456 393 1486 numero
420 1443 526 1486 mihi
551 1444 728 1487 videbar
753 1447 930 1487 eurrere’
943 1478 952 1496 ,
984 1444 1041 1486 34
1073 1445 1328 1498 ‘numquam
1351 1441 1480 1483 m'mis
1504 1453 1673 1483 numero

134 1529 393 1571 quemquam
424 1515 511 1557 vidi
541 1516 691 1568 faeere,
725 1531 855 1571 quom
892 1515 1054 1558 factost
1074 1516 1230 1570 ’opus’‚
1268 1511 1477 1555 Afranius
1515 1527 1554 1554 v.
1585 1511 1673 1554 320

137 1586 392 1642 ‘perfalsum
424 1589 468 1629 et
499 1587 576 1629 abs
608 1589 650 1629 te
681 1588 880 1630 medelum
910 1600 1079 1631 numero
1110 1586 1274 1640 nimi-3⁹,
1306 1583 1461 1640 quibus
1494 1585 1675 1639 apparet

135 1657 294 1699 nimiae
332 1657 751 1700 festinationis-vim
788 1659 834 1700 in
870 1658 966 1714 ipsa
1003 1658 1157 1700 vocula
1187 1671 1264 1712 per
1303 1670 1347 1698 se
1384 1670 1476 1698 non
1513 1655 1673 1708 inesse3

136 1728 209 1771 sed
242 1729 447 1784 quoniam
480 1729 553 1784 qui
584 1729 765 1772 festinat
795 1744 886 1772 non
916 1729 1114 1772 debuisse
1146 1729 1352 1771 festinare
1391 1726 1515 1770 alteri
1546 1726 1672 1768 facile

138 1799 274 1842 videri
306 1802 469 1855 potest,
506 1800 552 1842 in
590 1801 709 1843 illam
749 1815 918 1857 quoque
955 1800 1181 1843 notionem
1220 1802 1288 1842 sat
1325 1813 1451 1854 saepe
1488 1797 1674 1840 transire

79 1890 93 1898 ·
135 1871 296 1927 potuit,
334 1871 450 1927 quod
489 1872 795 1915 animadvertit
838 1874 948 1914 teste
991 1871 1121 1914 Festo
1160 1887 1200 1927 p.
1236 1871 1320 1914 170
1356 1868 1414 1912 M.
1452 1867 1672 1912 Antonius

135 1941 376 1999 Panurgus
437 1941 554 1986 Usus
586 1945 652 1986 est
688 1943 771 1986 hac
801 1943 979 1986 notione
1010 1941 1191 1986 Plautus
1223 1941 1337 1985 Men.
1369 1941 1453 1984 287
1488 1924 1673 1983 ‘numere

136 2013 218 2056 huc
255 2014 422 2057 advenis
465 2014 518 2056 ad
562 2014 824 2070 prandium’,
861 2014 951 2056 Mil.
987 2014 1101 2056 1400
1139 2013 1273 2069 ορεϊὶἱ.
1312 2013 1333 2060 ΙΓ
1370 2012 1479 2055 haut
1524 2012 1672 2054 etiam:

135 2098 304 2128 numero
335 2085 418 2128 hoc
448 2086 587 2141 dieis’,
618 2084 761 2129 Oasin.
792 2085 878 2128 538
912 2085 1109 2128 ‘nimium
1136 2085 1286 2128 saevis.
1312 2085 1521 2132 [smcmero
1555 2081 1670 2139 [hoc]

136 2157 278 2212 dieis'‚
322 2157 423 2212 quia
478 2155 667 2200 minatus
717 2157 864 2213 modo,
912 2172 1003 2199 non
1055 2159 1258 2199 executus
1317 2158 1383 2198 est
1433 2154 1673 2209 saevitiam3

136 2226 313 2270 Poenul.
350 2228 463 2271 1260
501 2229 547 2271 ‘o
579 2227 753 2284 Apella,
790 2244 816 2271 o
855 2227 1007 2271 Zeuxis
1045 2229 1202 2284 pictor,
1239 2226 1326 2270 Cur
1360 2227 1463 2269 estis
1503 2239 1674 2269 numero

136 2298 321 2343 mortui?
358 2300 443 2342 hoc
474 2301 716 2356 exemplum
747 2303 797 2344 ut
827 2300 1092 2356 pingeretis?
1150 2299 1264 2342 Hinc
1295 2299 1435 2341 facilis
1467 2298 1521 2340 ad
1553 2301 1671 2340 teme-

136 2370 301 2412 ritatem
332 2370 541 2413 transitus
572 2371 720 2428 fiebat,
751 2374 899 2415 tamen
927 2375 976 2415 ut
1000 2371 1195 2415 nondum
1226 2370 1367 2413 omnis
1399 2372 1674 2412 evanesceret

140 2441 371 2484 celeritatis
391 2442 513 2485 notio
539 2443 654 2499 apud
673 2442 855 2486 Accium
874 2459 911 2486 v.
935 2443 1035 2486 144:
1069 2445 1139 2485 ‘ne
1164 2443 1297 2485 istum
1315 2454 1486 2485 numero
1504 2441 1674 2483 amittas

139 2512 330 2566 subitum
356 2513 587 2569 oblatum',
618 2516 662 2556 et
679 2514 767 2558 503
795 2518 979 2558 ‘mettere
998 2517 1040 2557 te
1060 2516 1282 2571 expugnat
1300 2514 1465 2568 timor',
1496 2515 1540 2555 et
1559 2511 1672 2567 apud

138 2582 370 2629 Afranium
407 2599 446 2628 v.
483 2585 571 2627 270
609 2587 793 2629 ‘numero
830 2586 966 2642 inepti
1002 2586 1316 2642 pertimuistis'.
1382 2584 1475 2626 Iam
1510 2583 1671 2636 sim-stra

140 2669 267 2711 saepe
310 2656 362 2698 fit
405 2656 519 2712 quod
562 2658 722 2699 temere
760 2658 827 2700 fit:
871 2657 971 2700 inde
1009 2660 1076 2700 est
1117 2657 1232 2712 quod
1279 2657 1427 2699 dicunt
1464 2653 1673 2696 Afranius

139 2740 178 2768 v.
197 2726 284 2768 312
304 2727 490 2770 ‘mamere
507 2741 557 2770 ae
579 2729 828 2783 nequiquam
853 2729 923 2786 egi
948 2729 1148 2786 gratias’,
1172 2728 1351 2770 Plautus
1378 2726 1507 2767 Merc.
1528 2741 1565 2767 v.
1587 2725 1671 2767 738

144 2797 328 2839 Ἣτιηιονο
371 2798 578 2855 purigas.’
640 2799 891 2855 Eodemque
923 2799 1108 2855 quadrat
1137 2798 1310 2852 Naevii,
1346 2797 1458 2839 unde
1491 2796 1671 2851 profecti

142 2882 308 2923 summ,
346 2884 383 2912 v.
415 2870 468 2912 61
510 2871 742 2913 ‘neminem
780 2870 867 2913 uidi
900 2871 973 2926 qui
1009 2884 1180 2914 numero
1210 2870 1329 2910 seireff
1368 2869 1524 2924 quique
1563 2869 1671 2910 scito
