1942 3204
226 174 376 210 LXXIV
802 173 1165 210 ‘COROLLARIVM

226 281 454 323 tonsilla
498 282 753 336 τριχολαβίς
798 282 1074 335 παρίσθμιου
1125 279 1290 335 στύραξ
1334 281 1372 323 L

339 349 492 392 Accius
520 349 632 405 apud
662 349 835 392 Festum

226 417 434 459 trabica
465 417 589 468 δοκίς
618 419 658 460 L
688 439 742 453 =
774 417 987 460 Pacuvius
1017 417 1129 472 apud
1159 416 1331 459 Festum

1520 281 1744 335 Pacuvius,

227 497 433 540 triones
464 496 645 551 ἅμαξαι,
676 498 779 552 βόες
809 495 1012 552 αρχαίως.
1045 498 1147 551 βόες
1177 494 1387 551 ἆρόσιμοι
1417 497 1456 539 L
1485 518 1539 533 ==
1559 497 1747 541 Naevius

339 566 450 620 apud
479 566 691 608 Isidorum

226 634 495 689 ustulans,
541 634 723 676 lasciuus
762 634 971 690 gaudens,
1017 649 1112 676 cum
1151 634 1412 676 exultatione
1449 633 1586 676 letans
1622 634 1655 677 S
1691 656 1746 671 =
1821 685 1828 693 ἱ

341 702 531 746 Naevius
541 737 552 758 ‚
583 702 757 746 Ennius
787 701 899 757 apud
928 701 1101 744 Festum
1131 705 1174 744 et
1201 701 1405 745 Nonium.

343 785 504 836 Quibus
549 786 842 841 adiungendae
895 788 994 827 sunt
1037 800 1087 827 ex
1130 785 1264 828 Paulo
1307 771 1422 828 Festi
1466 786 1745 840 epitomatore

224 857 468 899 notationes
499 858 645 899 haece:

228 953 269 992 p
330 938 386 979 40
415 938 697 1009 conflages
728 937 821 979 loca
851 937 1067 992 dicuntur,
1098 938 1143 979 in
1174 952 1280 992 quae
1302 937 1490 993 undique
1510 939 1748 995 confligunt

339 990 475 1048 venti
486 1028 541 1041 =
562 1002 759 1048 Naevius
788 1005 900 1060 apud
929 1005 1140 1048 Isidorum

234 1107 258 1128 ‚,
326 1075 380 1116 62
411 1075 718 1130 consiptum
756 1073 869 1128 apud
904 1073 1094 1116 Ennium
1130 1089 1208 1129 pro
1247 1077 1496 1130 conseptum
1540 1075 1748 1130 reperitur

338 1164 392 1178 =
422 1143 596 1186 Ennius
625 1141 737 1197 apud
766 1141 958 1185 Nonium

248 1245 258 1265 ‚
327 1212 379 1253 74
410 1211 693 1253 diabathra
721 1232 776 1246 =
806 1210 996 1254 Naevius
1026 1211 1138 1266 apud
1168 1210 1407 1254 Varronem

233 1313 258 1334 ‚‚
325 1280 380 1321 80
409 1281 737 1335 expectorat,
768 1294 818 1321 ex
848 1282 1018 1334 pectore
1048 1279 1148 1321 eicit
1167 1301 1221 1315 =
1242 1279 1395 1323 Accius
1424 1280 1536 1335 apud
1555 1279 1746 1324 Nonium

232 1381 256 1402 ‚‚
327 1348 382 1390 82
411 1349 707 1403 epicrocum
737 1368 792 1383 ==
823 1346 1011 1390 Naevius
1040 1347 1153 1402 apud
1183 1347 1421 1390 Varronem

229 1450 254 1471 ‚‚
323 1417 377 1459 96
408 1430 619 1472 grumus
648 1436 705 1453 =
733 1415 887 1459 Accius
916 1416 1028 1471 apud
1056 1416 1247 1458 Nonium

231 1518 255 1538 „
297 1485 376 1526 104
405 1485 559 1527 iubar
588 1506 643 1519 =
675 1484 890 1528 Pacuvius
919 1484 1031 1539 apud
1061 1484 1299 1526 Varronem

232 1586 257 1607 >⁷
300 1554 379 1596 108
417 1554 766 1609 impetritum‚
813 1553 1086 1607 impetratum
1119 1568 1127 1594 ε
1158 1552 1210 1595 cf.
1258 1552 1471 1596 Pacuvius
1508 1555 1590 1596 317
1635 1555 1747 1610 apud

338 1621 512 1663 Festum

230 1722 254 1743 „
296 1690 374 1731 113
406 1689 618 1745 iniuges
649 1689 779 1732 boves
801 1705 810 1731 :
832 1690 884 1731 cf.
917 1689 1088 1732 Ennius
1122 1689 1200 1732 156
1230 1690 1342 1745 apud
1370 1690 1561 1733 Nonium

231 1791 256 1812 ‚‚
299 1758 378 1799 124
408 1760 598 1800 incrtat
627 1779 682 1806 ε,
711 1757 865 1800 Accius
894 1757 1006 1812 apud
1035 1757 1227 1800 Nonium

231 1859 255 1879 ,‚
300 1827 378 1868 152
409 1841 648 1868 mansues
678 1848 733 1861 =
762 1826 916 1869 Accius
945 1826 1057 1881 apud
1085 1825 1275 1868 Nonium

235 1927 260 1948 ‚‚
299 1895 379 1936 221
412 1895 684 1950 patagium
714 1915 768 1929 =
799 1891 988 1936 Naevius
1017 1893 1128 1948 apud
1158 1892 1360 1936 Nonium.

343 1988 564 2031 Accedunt
613 2003 663 2030 ex
714 1989 863 2030 ceteris
913 1988 1131 2043 glossariis
1182 1988 1318 2030 multa
1360 1989 1444 2030 alia
1493 2003 1544 2030 ex
1587 1989 1744 2031 eisdem

226 2059 416 2102 fontibus
460 2060 611 2115 petita,
649 2074 756 2115 quae
805 2058 1047 2101 communia
1088 2059 1263 2114 tragicis
1308 2059 1446 2114 poetis
1490 2062 1532 2102 et
1574 2060 1744 2103 comicis

222 2132 287 2172 vel
332 2131 482 2174 ceteris
538 2130 666 2186 prisci
717 2130 924 2172 sermonis
981 2130 1224 2172 auctoribus
1274 2145 1364 2172 esse
1421 2131 1578 2173 diserta
1626 2131 1743 2173 testi-

226 2202 370 2245 monia
426 2202 678 2245 confirment
717 2217 726 2243 ε
763 2201 992 2244 acrimonia
1046 2201 1240 2244 ancillari
1302 2205 1501 2244 animare
1564 2205 1747 2245 autumet

229 2273 449 2316 cachinnat
477 2273 657 2316 calnitnr
693 2273 932 2327 caffliyenus
962 2272 1072 2315 cicar
1108 2273 1226 2327 clepit
1261 2276 1541 2316 consternatur
1570 2273 1767 2315 delicare'

223 2345 385 2387 dinc'dia
428 2345 557 2387 clinico
609 2344 773 2387 elimino
821 2343 1010 2386 exanclat
1053 2343 1190 2398 ⁴qliscit
1233 2345 1410 2398 yrandio
1458 2343 1744 2387 hostimentum

221 2415 348 2458 hostio
374 2416 496 2459 itiner
520 2416 670 2458 iuxtim
696 2415 852 2458 labasco
878 2415 1003 2457 lactat
1026 2415 1225 2458 mortaale
1242 2416 1408 2458 muttire
1430 2416 1574 2470 μέμνεο
1598 2429 1742 2469 porceo

222 2490 405 2529 rarenter
428 2500 541 2529 senec
565 2487 715 2541 sospito
739 2486 952 2540 szsqoerstao
975 2486 1170 2528 ualentia.
1214 2485 1397 2528 Restant
1424 2485 1603 2541 denique
1623 2500 1741 2528 usur-

221 2560 324 2613 pata
367 2558 420 2599 ab
465 2558 651 2612 optimae
695 2557 847 2599 aetatis
899 2556 1174 2612 scriptoribus
1219 2557 1442 2612 vocabula,
1489 2556 1673 2601 maxime
1718 2573 1743 2598 a

223 2628 425 2671 Cicerone
456 2628 648 2684 Vergilio
681 2628 831 2671 Ovidio
864 2626 1040 2683 Seneca,
1072 2642 1179 2683 quae
1210 2629 1356 2670 tamen
1381 2642 1476 2670 cum
1508 2627 1742 2669 debeantur

224 2700 552 2756 antiquioribus,
584 2715 609 2741 a
640 2699 961 2755 glossographis
981 2699 1194 2741 veteribus
1220 2701 1393 2741 enotata
1418 2700 1536 2752 sunt3
1568 2712 1619 2740 ex
1651 2699 1740 2753 qui-

223 2772 303 2812 bus
323 2771 485 2813 rariora
514 2771 721 2827 quaedam
748 2785 1102 2813 commemorasse
1123 2771 1278 2813 sufficit
1298 2786 1308 2812 :
1326 2770 1558 2813 auricomas
1587 2769 1741 2811 carche-

223 2843 332 2887 sium
363 2843 503 2897 clanyo
534 2856 670 2897 emme
700 2842 872 2888 extorris
902 2841 1050 2887 hiscere
1081 2842 1236 2896 Zaniyer
1267 2840 1496 2896 lymphatas
1524 2841 1743 2883 manubiae
