1942 3204
267 214 298 248 X
852 209 1157 250 s*‹1⁴›R‹J›LLAR.1v
1167 216 1198 249 M

266 322 471 364 Excidere
499 324 668 378 quidem
693 324 861 366 facilius
882 324 1011 366 etiam
1031 325 1107 366 cito
1126 323 1288 379 potuit,
1319 325 1431 378 quod
1451 325 1544 380 ipsa
1571 328 1786 370 sententia
1831 369 1833 371 ,

266 394 599 436 commendatur.

383 464 435 506 V.
471 465 524 507 15
567 480 655 513 non
699 466 812 520 quod
856 466 927 507 diu
971 466 1134 507 factum
1179 466 1235 507 sit
1277 465 1432 508 mirum
1476 467 1575 523 dici,
1619 468 1691 511 sed
1730 469 1784 511 ab

266 534 396 577 Aiace
427 551 504 591 per
534 536 876 592 indignationem
907 536 1163 592 interrogari
1196 538 1356 578 statuo:

524 607 678 648 mirum
711 607 879 649 uidetur
911 607 1024 662 quod
1057 607 1112 648 sit
1142 608 1303 649 factum
1336 607 1422 649 iam
1453 607 1524 650 diu
1598 660 1607 665 ἃ

265 678 420 720 oblitos
446 676 642 720 Achaeos
674 678 796 720 esse?
828 678 1032 734 intellego
1066 680 1207 720 autem
1240 678 1437 720 defensas
1469 679 1522 720 ab
1555 695 1604 722 eo
1636 683 1786 723 contra

266 748 475 791 Troianos
511 763 654 791 naves,
1386 803 1388 807 ,

381 819 433 861 V.
475 821 526 862 18
571 820 715 862 hiatus
758 819 936 862 tollendi
982 834 1109 862 causa
1153 821 1263 863 cubi
1306 820 1455 875 scripsi
1507 822 1634 876 paulo
1685 824 1784 864 ante

263 905 391 945 quam
434 891 611 933 eandem
649 890 908 932 Ritschelius
951 891 1134 932 formam
1176 891 1330 933 Plauto
1375 891 1607 933 vindicavit
1650 893 1784 935 musei

263 961 462 1003 Rhenani
493 960 619 1003 XXV
652 961 738 1003 306
772 976 878 1016 sqq.:
916 962 1142 1003 iambicam
1174 964 1317 1003 autem
1349 975 1593 1003 mensuram
1624 962 1670 1004 in
1699 965 1783 1004 tra-

262 1031 415 1086 goedia
448 1034 659 1073 servatam
692 1046 818 1074 nemo
850 1032 1086 1074 mirabitur.
1131 1031 1329 1075 Ceterum
1355 1032 1401 1073 in
1430 1033 1628 1074 lemmate
1653 1031 1784 1075 Nonii

261 1103 462 1157 confluyes
492 1102 624 1145 habet
654 1102 770 1144 Leid.
807 1103 900 1145 116.

378 1173 540 1216 Versus
576 1174 648 1229 19,
679 1174 752 1214 ubi
783 1174 915 1216 danae
945 1173 1114 1215 fabulae
1146 1173 1319 1215 titulum
1346 1173 1642 1228 incorruptum
1673 1174 1784 1216 idem

265 1246 456 1298 praestat
487 1244 621 1299 Leid.⁷
652 1259 757 1286 sana
788 1246 852 1286 est
884 1244 1098 1286 sententia
1127 1243 1331 1299 hominis⁷
1369 1244 1440 1299 qui
1471 1244 1609 1286 minas
1641 1245 1785 1287 adver-
1832 1287 1834 1289 ,

261 1315 361 1356 sarii
388 1318 430 1356 et
456 1315 686 1371 opprobria
711 1316 908 1372 repellat,
938 1330 1028 1357 non
1058 1317 1148 1357 tam
1174 1330 1295 1357 suam
1318 1330 1445 1370 quam
1476 1315 1590 1357 illius
1616 1316 1784 1371 culpam

261 1402 352 1428 esse
384 1387 659 1442 respondens.

378 1457 430 1499 V.
463 1457 520 1499 25
552 1458 696 1500 omnia
727 1459 815 1499 fere
848 1458 907 1499 sic
939 1471 1106 1499 servare

472 1527 601 1570 nimis
634 1529 706 1584 pol
737 1528 1002 1582 inprudenter
1031 1542 1175 1570 seruus
1197 1528 1478 1582 praestolarat
1497 1561 1505 1570 .
1526 1561 1564 1569 ..

260 1599 497 1641 consultius
536 1599 653 1641 ducit
690 1598 988 1658 Buechelerus
1056 1599 1088 1640 Ι
1091 1600 1360 1653 npudenter
1397 1598 1509 1653 quod
1553 1598 1703 1653 scripsi
1741 1601 1783 1640 et

259 1670 352 1723 ipsa
391 1670 605 1711 sententia
649 1670 693 1711 in
730 1669 980 1712 memoriam
1023 1671 1196 1712 revocat
1239 1683 1289 1710 ex
1327 1668 1524 1710 Rudente
1566 1668 1708 1711 Plauti
1745 1685 1782 1711 v.

258 1737 344 1782 393
378 1755 437 1795 sq.
476 1743 516 1783 ‘o
547 1741 715 1783 facinus
753 1740 1018 1796 inpudicum,
1056 1740 1192 1789 Quam
1228 1737 1409 1780 liberam
1446 1753 1537 1781 esse
1575 1741 1783 1794 oporteat,

259 1811 415 1853 servire
446 1812 703 1867 postulare!'

378 1882 499 1931 Quod
537 1882 582 1923 in
620 1898 657 1924 v.
689 1882 744 1924 29
783 1882 945 1924 conieci
982 1881 1070 1924 olla·
1107 1880 1189 1922 loci
1228 1879 1475 1921 adverbium
1512 1881 1782 1936 interpretor,

258 1954 307 1993 ut
339 1953 452 2006 apud
477 1952 600 1994 Pauli
626 1952 802 1994 Festum
833 1968 873 2007 p.
909 1952 990 1994 196
1024 1951 1156 2002 ‘olbia
1186 1950 1296 1991 illic’
1330 1952 1373 1992 et
1403 1951 1448 1992 in
1468 1949 1616 2006 Gyrilli
1646 1952 1780 1994 lexico

257 2025 375 2064 extat
406 2021 554 2064 ‘excite
586 2023 645 2065 ibi
676 2023 763 2065 illic
793 2024 930 2073 ollic’;
962 2023 1007 2064 in
1033 2021 1243 2063 Bernensi
1275 2023 1419 2063 autem
1450 2022 1659 2078 glossario
1691 2023 1782 2065 cod.

262 2094 363 2135 178:
396 2094 484 2135 ‘olli
514 2094 612 2149 illi',
643 2095 689 2135 in
714 2094 804 2136 cod.
831 2093 918 2135 224
950 2093 1076 2140 ‘olm’
1111 2090 1252 2148 (erasa
1283 2106 1370 2134 una
1400 2091 1564 2149 littera)
1597 2093 1675 2134 ‘illi
1706 2095 1782 2135 aut

257 2164 324 2206 cui
363 2166 438 2206 aut
471 2166 601 2207 tunc.’
658 2163 721 2206 Cf.
758 2164 887 2206 etiam
924 2163 1055 2206 Probi
1092 2162 1305 2218 appendix
1347 2163 1393 2204 in
1429 2163 1558 2205 Keilii
1602 2177 1780 2219 gramm.

259 2235 353 2277 latt.
375 2234 439 2277 IV
470 2250 510 2290 p.
537 2235 639 2291 199,
674 2235 727 2278 16
760 2235 878 2277 ‘olim
909 2249 998 2278 non
1029 2235 1112 2277 oli?
1163 2233 1228 2275 De
1260 2233 1459 2289 genetivo
1490 2234 1568 2277 soli
1591 2233 1779 2277 Bueche-

258 2306 371 2347 lerus
404 2306 628 2361 cogitavit3
659 2305 820 2348 homine
850 2305 955 2347 mihi
986 2306 1032 2347 in
1063 2306 1250 2346 mentem
1281 2304 1421 2346 venit.-

374 2375 427 2418 V.
459 2376 513 2418 31
547 2377 841 2432 integritatem
872 2375 1158 2431 redipiscaris,
1191 2374 1226 2416 si
1258 2374 1435 2416 scribas:

301 2446 374 2488 sed
394 2444 472 2500 qus
489 2449 590 2488 sunt
608 2447 720 2489 hice
741 2445 826 2504 (uel
843 2444 1023 2502 hisce),
1043 2443 1156 2500 quis
1177 2445 1414 2487 ascendunt
1433 2445 1567 2487 altum
1587 2445 1748 2487 ocrim?

375 2515 497 2566 Quod
535 2518 588 2559 ad
626 2533 663 2560 v.
702 2518 757 2560 38
795 2517 1027 2573 productae
1070 2516 1116 2557 in
1160 2516 1468 2570 compositione
1511 2529 1562 2558 ne
1602 2516 1777 2558 voculae

256 2601 431 2641 nequam
462 2589 702 2643 exemplum
728 2588 893 2630 adferre
913 2590 981 2629 sat
1009 2586 1159 2641 habui,
1191 2586 1274 2628 alia
1299 2588 1348 2628 ut
1371 2587 1616 2640 nequiquam
1639 2587 1778 2630 nevolo

257 2658 541 2713 praetermisi,
572 2661 620 2700 ut
650 2660 695 2700 in
728 2658 946 2700 adiectivis
979 2657 1265 2699 subsisterem.

374 2729 427 2771 V.
452 2729 510 2770 40
541 2742 591 2770 ex
616 2728 855 2771 Hermanni
881 2728 1052 2784 Hageni
1085 2727 1289 2770 analectis
1309 2726 1542 2769 Helveticis
1568 2743 1608 2782 p.
1629 2726 1777 2770 XXVI

258 2799 389 2841 addas
420 2799 651 2841 Bernensis
684 2800 774 2842 cod.
805 2815 846 2841 n.
879 2800 962 2842 207
996 2800 1240 2854 excerptum
1270 2798 1496 2840 Prisciani:
1534 2800 1775 2852 ‘possumus

258 2870 395 2912 dicere
412 2884 585 2924 pueram
606 2870 714 2912 sicut
733 2884 912 2925 puerum
934 2904 942 2912 .
963 2903 971 2912 .
993 2903 1000 2911 .
1020 2869 1172 2912 Liuius
1197 2869 1299 2911 dicit
1314 2882 1543 2925 puerariam
1562 2868 1775 2910 manibus!
