1942 3204
490 188 556 224 Ex
578 187 808 235 mcssss'lfls
832 189 882 224 IN
886 189 1048 225 CERTO
1054 189 1156 224 RVM
1179 188 1274 224 ΕΔΒ
1284 189 1392 225 vms
1625 188 1709 232 263

922 294 956 339 O

408 407 416 416 .
467 388 492 416 o
525 372 678 418 domus
709 373 907 430 entique,
938 373 1023 416 heu
1056 387 1186 429 quam
1217 371 1379 429 dispari

173 450 258 495 185
287 450 523 495 Dominam
556 450 751 494 domino!

842 544 899 590 CI
952 546 1009 590 26

288 622 396 668 Cum
427 626 470 667 te
502 625 762 682 expetebant
794 544 950 667 6mnes(
974 543 1281 668 figrentfssimo

287 702 460 759 Regnd,
491 702 662 759 reliqui:
694 706 810 746 nunc
843 702 1061 745 desertum
1093 702 1147 745 ab
1180 702 1381 746 6mnibus

288 779 464 823 Summ6
498 780 658 836 periclo
691 781 783 823 s6la
814 782 864 823 ut
894 779 1121 823 restituam
1152 795 1270 837 paro.

829 874 909 920 CII
965 876 1018 919 16

283 954 499 1012 Refugere
532 954 662 998 oculi:
678 955 850 1011 ,c6rpus
881 873 1038 997 matie)
1050 954 1260 997 extabuit:

169 1032 254 1076 190
284 1031 507 1076 Lacrimae
538 1032 741 1089 peredere
772 1035 921 1075 umore
954 1029 1163 1089 exanguis
1196 1045 1348 1088 genas:

259 1162 288 1196 Ο
314 1162 445 1197 Cicero
470 1163 514 1197 de
542 1163 604 1198 off.
629 1163 647 1197 Ι
664 1165 726 1204 39,
754 1163 818 1198 139
844 1162 978 1197 ‘aliter
1002 1163 1126 1207 ampla
1150 1162 1277 1197 domus
1302 1162 1478 1196 dedecori
1501 1173 1615 1206 saepe
1641 1163 1705 1197 do·
1744 1158 1747 1161 ’

164 1208 262 1243 mino
293 1208 352 1251 fit,
386 1210 419 1243 si
450 1213 506 1243 est
535 1210 573 1242 in
605 1220 651 1243 ea
680 1208 864 1252 solitudo,
907 1212 945 1242 et
975 1209 1131 1242 maxime
1163 1209 1196 1242 si
1226 1207 1427 1252 aliquando
1457 1208 1531 1242 alio
1559 1208 1705 1242 domino

165 1254 278 1289 solita.
304 1258 361 1289 est
391 1254 633 1298 frequentari.
681 1254 847 1288 odiosum
871 1258 929 1288 est
954 1255 1069 1296 enim,
1101 1265 1184 1288 evm
1215 1265 1237 1287 a
1262 1254 1586 1297 praetereuntibus
1612 1254 1706 1287 diei-

163 1303 240 1334 tur:
269 1311 290 1334 ο
316 1300 492 1335 domus'
523 1311 556 1337 e.
583 1311 616 1344 q.
642 1311 672 1335 s.
722 1299 842 1344 ‘quod
873 1299 1018 1343 quidem
1048 1300 1107 1334 his
1137 1300 1363 1343 temporibus
1395 1300 1434 1332 in
1464 1299 1591 1333 multis
1615 1299 1706 1333 lieet

165 1345 316 1380 dieere.’
365 1345 466 1386 Idem
494 1345 588 1379 Phil.
637 1345 674 1379 11
701 1347 762 1387 41,
791 1347 856 1379 104
886 1349 929 1379 ‘o
962 1349 1065 1379 tecta
1092 1346 1176 1389 ipsa
1199 1347 1334 1380 misera
1366 1355 1492 1388 quam
1523 1345 1704 1388 dispari

164 1391 366 1435 domiuo!
408 1401 630 1435 quamquam
655 1391 835 1435 quomodo
858 1392 932 1425 iste
958 1391 1151 1424 dominus?
1185 1391 1250 1424 sed
1275 1395 1400 1425 tamen
1426 1400 1535 1433 quam
1559 1391 1606 1424 ab
1632 1391 1705 1424 dis-

165 1437 244 1480 pari
269 1437 532 1471 tenebantur-P
615 1436 663 1471 01
687 1436 796 1473 Rhet.
823 1436 871 1470 ad
896 1437 1060 1470 Herem.
1085 1437 1124 1470 11
1148 1438 1210 1479 25,
1227 1439 1273 1471 40
1298 1437 1409 1470 ‘item
1432 1436 1611 1469 uitiosum
1635 1440 1703 1479 est,

164 1492 245 1516 cum
268 1481 306 1515 id
332 1481 429 1525 quod
457 1483 495 1516 in
521 1487 652 1526 aperto
678 1481 814 1516 delicto
839 1482 997 1526 positum
1023 1485 1080 1515 est
1111 1485 1235 1516 tamen
1261 1482 1391 1524 aliqua
1416 1482 1555 1524 tegitur
1579 1482 1705 1515 defen-

163 1528 285 1569 sione,
312 1527 382 1561 hoc
406 1527 532 1562 modo:
564 1538 658 1561 cum
692 1530 756 1561 te'
783 1538 814 1560 e.
839 1539 874 1572 q.
901 1538 931 1562 s,
979 1527 1107 1562 Cicero
1133 1527 1176 1560 de
1202 1528 1277 1564 inu.
1301 1527 1319 1560 1
1344 1528 1406 1564 48,
1431 1528 1477 1560 90
1508 1526 1614 1560 ‘leue
1647 1530 1704 1560 est

164 1572 263 1617 quod
364 1573 560 1617 perspicue
585 1576 728 1617 turpem
754 1583 831 1606 rem
856 1570 930 1607 leui
953 1577 1080 1616 tegere
1110 1572 1194 1606 uuit
1218 1573 1452 1614 defensione,
1483 1572 1552 1606 hoc
1577 1572 1702 1606 modo:

163 1629 255 1652 cum
286 1622 328 1652 te
341 1621 351 1638 ’
378 1629 411 1654 e.
428 1629 461 1662 q.
479 1629 509 1652 s.
543 1618 696 1652 Medeae
717 1619 755 1651 in
771 1618 926 1652 Pacuuii
942 1618 1051 1652 Medo
1076 1619 1192 1652 uerba
1210 1618 1363 1662 agnouit
1379 1617 1588 1651 Ladeuicus
1605 1617 1703 1651 anal.

164 1674 263 1697 seen.
288 1674 324 1707 p.
351 1665 392 1698 17
515 1663 584 1699 011
609 1663 741 1697 Cicero
765 1663 876 1698 Tusc.
904 1663 995 1707 disp.
1020 1663 1077 1698 111
1103 1666 1163 1706 12,
1188 1665 1232 1697 26
1259 1663 1393 1707 ‘quid?
1425 1663 1528 1696 illum
1554 1663 1703 1697 filium

165 1708 284 1744 Solis
315 1719 437 1743 nonne
469 1709 586 1753 patris
618 1709 732 1753 ipsius
763 1708 845 1743 luce
876 1709 1066 1752 indignum
1098 1711 1232 1754 putas?
1275 1720 1320 1743 re
1332 1709 1379 1746 flu
1391 1711 1518 1752 gere’
1552 1719 1583 1744 e.
1611 1719 1646 1752 q.
1672 1719 1701 1742 s.

164 1754 279 1789 ‘haec
304 1754 424 1796 mala,
456 1765 477 1789 o
510 1754 728 1789 stultissime
753 1754 915 1795 Aeeta,
946 1755 1026 1799 ipse
1058 1755 1129 1788 tibi
1158 1754 1354 1788 addidisti:
1386 1764 1460 1788 non
1490 1755 1640 1788 inerant
1663 1755 1702 1787 in

162 1800 236 1842 eis,
263 1810 359 1843 quae
384 1800 454 1834 tibi
479 1810 588 1834 casus
613 1801 826 1834 inuexerat:
859 1803 898 1834 et
922 1800 1068 1844 quidem
1090 1801 1303 1834 inueterato
1327 1799 1442 1842 malo,
1475 1810 1557 1833 cum
1583 1803 1703 1833 tumor

164 1845 278 1879 animi
309 1845 511 1880 resedisset
652 1845 717 1879 sed
756 1856 900 1879 maeres
939 1845 1119 1880 uidelicet
1157 1846 1286 1890 regni
1324 1845 1575 1887 desiderio,
1615 1855 1702 1878 non

163 1890 311 1925 filiae.
357 1890 457 1925 illam
488 1893 583 1925 enim
615 1891 747 1926 oderas
779 1894 817 1924 et
851 1891 931 1924 iure
962 1892 1142 1925 fortasse:
1180 1902 1294 1935 regno
1325 1901 1398 1924 non
1429 1901 1547 1934 aequo
1579 1892 1702 1924 animo

163 1937 348 1971 carebas)
395 1937 504 1970 Medo
530 1937 686 1971 Pacuuii
711 1936 870 1971 reddidit
895 1936 1127 1971 Welckerus.

248 2080 329 2120 184
351 2082 423 2119 heu
444 2094 516 2119 om.
542 2080 647 2120 Oehl.
671 2081 830 2120 Bambb.
854 2094 879 2119 a
901 2083 923 2120 b
946 2080 1056 2120 Goth.
1079 2082 1200 2120 Gudd.
1225 2093 1247 2119 c
1267 2082 1295 2119 d
1322 2086 1360 2119 et
1382 2081 1531 2119 Bernn.
1556 2094 1580 2119 a
1598 2082 1619 2118 b
1637 2093 1659 2119 c
1675 2083 1702 2119 d

163 2139 261 2177 (ἕνα.
283 2151 308 2176 α
330 2138 467 2176 Bamb.
498 2138 678 2176 Wuerzb.
710 2144 747 2177 et
777 2139 848 2176 heu
879 2140 949 2177 alii
1041 2138 1183 2188 dispare
1214 2138 1310 2177 Gud.
1335 2150 1357 2176 c
1387 2150 1406 2175 a
1436 2138 1570 2187 dispari
1602 2138 1700 2177 Gud.

163 2196 191 2233 d
277 2194 356 2234 185
378 2195 573 2233 dominaris
593 2194 740 2233 domino
763 2196 885 2234 Gudd.
909 2197 931 2233 b
951 2196 978 2233 d
1005 2195 1152 2233 domino
1175 2195 1360 2233 dominare
1382 2195 1478 2233 Gud.
1502 2206 1524 2232 c
1554 2195 1700 2232 domino

162 2251 358 2289 dominaris
380 2252 477 2291 Gud.
500 2262 521 2289 e
550 2251 685 2290 donare
715 2251 861 2290 domino
892 2253 1070 2290 Wuerzb.
1163 2252 1241 2290 186
1273 2251 1503 2302 expectabam
1525 2253 1620 2289 Par.
1651 2265 1697 2290 m.

157 2321 224 2358 pr.
257 2307 495 2358 expectabant
526 2308 661 2346 Bamb.
684 2321 709 2346 α
739 2310 844 2346 Fris.
879 2309 1008 2347 Troas.
1035 2312 1172 2357 priore
1200 2311 1287 2347 loco
1317 2307 1571 2358 exspectabant
1606 2309 1697 2347 Tur.

163 2366 288 2403 altero
406 2364 484 2403 187
516 2365 552 2402 in
581 2374 697 2414 regno
732 2366 860 2404 Tross.
890 2367 1026 2414 priore
1054 2367 1140 2403 Ioco
1236 2365 1403 2403 desertus
1430 2365 1524 2402 Par.
1556 2378 1604 2402 m.
1633 2377 1697 2414 pr.

162 2434 202 2460 es
231 2421 397 2459 desertus
429 2421 566 2459 Bamb.
595 2434 618 2458 a
651 2422 753 2460 Fris.
788 2423 881 2460 Tur.
912 2422 1079 2459 desertus
1115 2433 1153 2459 es
1187 2422 1317 2460 Tross.
1349 2433 1430 2459 cum
1462 2421 1630 2459 desertus
1661 2434 1699 2459 es

162 2479 257 2517 Par.
290 2489 392 2516 corr.
426 2479 562 2516 Bamb.
585 2477 607 2515 b
633 2481 769 2527 priore
798 2481 884 2517 loco
1002 2478 1082 2518 188
1121 2478 1257 2528 periclo
1289 2479 1496 2517 Lambinus
1535 2479 1697 2528 periculo

116 2565 123 2573 .
160 2537 252 2574 libri
279 2538 444 2584 utroque
471 2536 556 2573 Ioco
657 2535 733 2572 sola
766 2537 860 2574 Par.
892 2538 1016 2574 altero
1045 2538 1152 2582 Ioco,
1190 2549 1237 2573 m.
1268 2548 1333 2585 pr.
1369 2538 1506 2584 priore
1536 2534 1698 2573 solamen

142 2591 298 2631 'Barna
323 2592 343 2629 b
371 2594 506 2640 priore
533 2593 616 2630 loco
646 2592 765 2629 solum
790 2593 883 2630 Tur.
907 2595 1031 2631 allero
1060 2604 1183 2642 supra
1215 2603 1370 2631 uersum
1400 2592 1501 2629 solus
1523 2594 1644 2629 ceteri

163 2654 204 2686 ut
223 2662 294 2687 om.
317 2649 414 2686 Par.
439 2648 573 2686 Bamb.
596 2661 620 2686 a
641 2650 745 2687 Fris.
772 2650 901 2687 Tross.
918 2652 1056 2698 priore
1077 2652 1162 2687 loco
1266 2650 1453 2686 restitutio
1485 2660 1573 2697 paro
1598 2648 1694 2685 Par.

162 2719 209 2744 m.
238 2718 301 2755 pr.
333 2705 601 2743 restitutionem
631 2717 721 2755 paro
751 2706 847 2743 Par.
879 2717 984 2744 corr.
1007 2707 1143 2744 Bamb.
1165 2719 1188 2743 a
1212 2707 1314 2743 Fm‘s.
1340 2706 1472 2743 Tross.
1503 2705 1697 2742 restituere

162 2773 332 2812 comparo
366 2762 532 2800 Emmer.
564 2762 656 2811 Erf.
687 2764 823 2811 priore
851 2764 937 2800 loco
1055 2762 1133 2801 189
1166 2762 1338 2800 extabvnt
1369 2763 1466 2810 Req.
1496 2760 1641 2809 (littera
1672 2773 1695 2805 n

163 2840 373 2890 expuncta)
403 2824 571 2879 extabdnt
601 2842 697 2880 Gud.
819 2842 900 2881 190
931 2854 1094 2881 umorem
1125 2843 1220 2891 Rey.
1252 2842 1354 2878 Pale.
1385 2842 1573 2879 huniorem
1595 2841 1692 2879 Gml.

163 2898 293 2937 Brux.
379 2900 559 2949 exanguis
589 2898 686 2937 Gud.
720 2910 902 2949 exangues
934 2900 1028 2949 Περ.
1060 2900 1159 2937 ΡίιΙι.
1192 2910 1278 2936 cum
1307 2900 1448 2936 celeris
