1942 3204
696 227 707 240 ·
754 215 1107 253 COROLLARIVM
1564 216 1700 254 LXXV

164 332 392 387 moriyeror
421 328 678 382 mortiferum
709 326 915 371 Mulciber
945 325 1198 370 obuallatum
1229 327 1514 382 pedetemptim
1540 330 1698 382 proter-

164 405 276 448 υἱέας
299 402 586 459 quadriiuyem
615 399 879 455 quadrupedo
907 398 1098 442 radiatus
1122 398 1343 453 reciprocat
1372 406 1569 453 scrupeus*
1587 413 1699 442 scru-

158 489 289 532 posas
330 476 468 518 sentus
509 471 726 514 seruitium
767 470 929 526 sonipes
971 470 1112 513 tardat
1153 474 1268 514 tensa
1317 471 1519 524 terriftmts
1562 471 1700 513 territo
1776 490 1785 495 -

166 547 348 604 Μ’Ῑηιᾶἰο
386 549 507 599 tmpo
538 543 714 587 uastitas
743 542 947 586 ueliuolus
981 542 1206 598 uiryinalis
1247 542 1450 586 uitisator.
1513 542 1700 585 Omnino

165 618 400 676 pleniorem
433 615 535 659 olim
574 615 867 671 exemplorum
906 614 1092 671 copiam,
1130 629 1258 670 quam
1300 627 1408 670 quae
1440 614 1556 656 velut
1587 614 1698 669 apud

166 689 357 735 Nonium
394 702 507 731 nunc
545 686 773 743 reperitur,
811 685 1146 743 glossographos
1183 686 1281 728 illos
1319 685 1579 741 excerpsisse
1617 686 1699 727 for-

165 762 248 806 mis
280 760 584 804 vocabulorum
615 758 794 815 talibus,
827 772 1008 815 quarum
1038 773 1154 801 nunc
1191 759 1307 800 certa
1344 756 1593 799 testimonia
1630 756 1698 798 de-

165 834 424 887 siderantur,
461 829 655 874 concludi
686 829 787 872 licet
812 846 822 872 :
849 845 883 872 e.
913 845 946 872 c.
972 830 1053 872 hac
1085 829 1248 873 Placidi
1280 830 1425 886 glossa
1457 830 1700 883 ‘corporatoy

164 906 410 949 uulnerato'
445 902 515 959 (cf.
535 901 703 945 Ennius
739 902 819 944 101
854 901 1010 944 Accius
1042 902 1168 957 604);
1207 901 1320 958 apud
1358 900 1540 943 eundem
1578 902 1621 943 et
1654 900 1699 942 in

165 975 434 1033 Sangallensi
460 974 603 1018 codice
635 974 749 1030 quod
774 976 840 1016 est
871 976 1077 1029 ‘cremerae
1107 988 1174 1016 res
1182 1007 1193 1030 ‚
1224 973 1412 1015 incertae
1445 971 1697 1027 dubiaeque'

165 1048 352 1092 Varroni
395 1047 445 1090 de
483 1047 510 1088 1.
547 1046 574 1088 l.
612 1044 698 1088 VH
744 1046 797 1088 77
844 1041 1038 1101 debetur,
1082 1045 1156 1088 sed
1199 1045 1245 1087 in
1289 1043 1550 1086 Vaticanum
1588 1043 1700 1085 unde

166 1120 335 1164 fluxerit
365 1119 577 1174 ‘creperiffi
609 1117 792 1173 dubiis’,
823 1117 1037 1160 nescimus
1059 1133 1068 1160 ε
1089 1118 1140 1160 cf.
1171 1115 1340 1159 Nonius
1373 1131 1405 1159 s.
1437 1130 1473 1158 v.
1507 1117 1698 1171 ‘crepera

164 1195 254 1236 res’
287 1193 332 1234 et
361 1190 486 1234 Pauli
516 1189 669 1232 Festus
701 1205 740 1246 p.
773 1189 830 1233 52
863 1191 1104 1245 ‘creperum
1112 1223 1123 1244 ‚
1154 1188 1367 1236 dubium'.

283 1262 366 1307 Sed
402 1263 509 1306 haec
547 1262 785 1306 accuratius
829 1275 1086 1317 componere
1131 1263 1175 1303 et
1211 1275 1307 1303 cum
1352 1259 1608 1316 pulvisculo,
1652 1261 1700 1301 ut

165 1337 303 1391 aiunt,
341 1337 535 1378 excutere
573 1334 612 1376 ei
643 1333 987 1390 relinquendum,
1026 1334 1100 1390 qui
1131 1347 1376 1389 operosam,
1414 1331 1488 1374 sed
1520 1331 1698 1373 eandem

165 1407 536 1464 exoptatissimam
567 1404 758 1462 (iamque
796 1405 842 1447 in
878 1405 1146 1461 praefatione
1185 1404 1238 1447 ad
1275 1403 1461 1446 comicos
1499 1418 1538 1458 p.
1570 1402 1697 1445 XVII

165 1480 267 1523 olim
300 1495 326 1522 a
356 1493 424 1521 me
455 1477 714 1535 flagitatam)
746 1477 1053 1534 glossariorum
1086 1478 1298 1533 quotquot
1329 1477 1478 1517 extant
1505 1475 1698 1530 syllogen

165 1551 395 1608 aliquando
433 1550 676 1606 exornabit,
713 1549 759 1592 in
797 1564 881 1605 qua
919 1549 1077 1605 singuli
1114 1548 1248 1603 tituli,
1286 1549 1495 1604 quantum
1528 1545 1697 1601 quidem

164 1623 256 1666 fieri
299 1624 460 1678 potest,
503 1621 557 1664 ad
598 1636 723 1664 suum
766 1621 977 1677 originem
1021 1619 1248 1663 revocandi
1285 1621 1421 1662 erunt.
1490 1616 1698 1660 Nostrum

164 1695 344 1738 interest
374 1707 576 1750 quaerere
607 1693 813 1749 primum,
849 1707 953 1735 num
986 1707 1094 1748 quae
1125 1692 1238 1734 inter
1269 1691 1435 1747 glossas
1467 1690 1563 1732 illas
1595 1690 1698 1731 late-

165 1767 260 1822 ant,
303 1765 458 1822 quibus
496 1765 549 1807 ad
593 1764 883 1807 emendandas
926 1763 1189 1820 tragicorum
1233 1764 1458 1818 poetarum
1496 1760 1698 1816 reliquias

164 1837 444 1894 probabiliter
481 1836 544 1879 uti
581 1836 815 1892 possimus3
853 1835 1005 1878 deinde
1042 1849 1145 1878 num
1190 1834 1292 1891 quid
1336 1833 1571 1889 praebeant
1607 1832 1698 1874 the-

165 1910 280 1953 sauri
311 1909 374 1952 illi
404 1911 574 1965 praeter
603 1909 800 1965 exempla
831 1908 926 1950 aliis
957 1906 1218 1950 testimoniis
1250 1906 1436 1959 firmata,
1469 1904 1582 1960 quod
1613 1906 1697 1946 tra-

165 1981 249 2037 gici
281 1980 491 2024 sermonis
522 1979 710 2023 indolem
742 1982 786 2022 et
815 1981 1002 2023 colorem
1033 1992 1135 2035 prae
1168 1993 1213 2021 se
1245 1978 1356 2020 ferre
1388 1977 1593 2019 videatur.

282 2051 426 2108 Atque
469 2052 523 2094 ad
565 2051 818 2114 corrigenda
859 2053 1003 2094 textus
1046 2051 1184 2093 nostri
1228 2050 1384 2092 menda
1428 2051 1477 2090 ut
1520 2047 1696 2090 adhibui

165 2138 294 2180 supra
329 2123 504 2166 laudata
540 2124 748 2167 vocabula
782 2124 947 2179 abigeus
990 2124 1034 2165 et
1068 2125 1273 2173 commta,
1318 2122 1379 2164 ita
1426 2120 1539 2176 quod
1584 2119 1695 2174 apud

167 2195 288 2237 Pauli
332 2194 507 2238 Festum
550 2210 590 2251 p.
634 2196 692 2239 90
735 2196 891 2252 legitur
934 2194 1245 2248 ‘fracebunt,
1295 2192 1603 2248 displicebunt’
1656 2194 1697 2231 et

167 2267 295 2322 paulo
326 2266 493 2322 plenius
526 2267 638 2323 apud
670 2266 892 2310 Placidum
924 2267 1187 2321 ‘fracebunt,
1220 2265 1472 2318 sordebunt,
1504 2261 1696 2317 displice—

166 2338 292 2393 bunt,
329 2338 489 2381 dictum
527 2353 553 2380 a
588 2339 796 2381 fracibus’
838 2354 871 2381 e.
909 2353 948 2395 q.
987 2353 1018 2380 s.
1062 2337 1206 2380 nescio
1252 2352 1307 2379 an
1350 2336 1494 2378 Ennio
1537 2349 1572 2375 v.
1611 2333 1689 2375 301

167 2409 426 2452 reddendum
460 2410 533 2465 sit,
564 2410 684 2453 cuius
715 2410 821 2453 haec
852 2410 965 2466 apud
989 2408 1181 2452 Nonium
1208 2423 1239 2451 s.
1266 2423 1302 2450 v.
1335 2407 1523 2450 ‘flaccet'
1558 2407 1698 2447 vetere

168 2480 329 2523 scilicet
359 2482 602 2537 corruptela
631 2481 879 2524 traduntur:

345 2550 413 2594 sin
442 2552 665 2606 flaccebtmt
693 2553 978 2608 conditiones,
1010 2553 1233 2608 repudiato
1266 2555 1310 2594 et
1340 2550 1518 2593 reddito.

284 2623 504 2667 Traditam
536 2624 649 2680 apud
680 2623 871 2667 Nonium
902 2625 948 2667 in
979 2624 1154 2668 Pacuvii
1184 2639 1220 2667 v.
1253 2624 1338 2667 229
1372 2620 1568 2664 adiectivi
1612 2621 1693 2660 for-

168 2710 283 2737 mam
314 2695 532 2738 bisulcis
563 2698 739 2738 tuentur
763 2698 932 2751 praeter
962 2695 1150 2738 Labbaei
1178 2695 1350 2737 titulum
1382 2693 1495 2735 himo
1517 2707 1526 2732 z
1547 2689 1697 2731 ‘disul-

168 2766 228 2809 cis
259 2765 586 2820 χυροσδιαίτης’
619 2765 790 2820 (χοῖρος
819 2765 1019 2820 διχαίτης
1047 2766 1238 2823 Scaliger
1268 2766 1375 2807 conl.
1409 2762 1529 2805 Pauli
1570 2761 1696 2803 Festo

170 2854 201 2880 s.
233 2852 270 2880 v,
302 2837 532 2895 dissulcus)
562 2835 779 2887 ‘damae’
812 2835 908 2892 (scr.
941 2836 1142 2890 διαῦλαξ)
1175 2838 1343 2893 glossae
1381 2834 1572 2878 codicum
1611 2831 1696 2874 B':

170 2908 356 2952 ‘bisiltes
394 2908 516 2965 ‘(scr.
553 2909 811 2964 bisulcis)’
844 2913 1020 2965 ‘porcus
1058 2909 1169 2953 fissis
1209 2908 1424 2965 ungulis’3
1462 2902 1695 2948 B202‘bi-
