1942 3204
811 212 854 248 L.
882 212 1060 247 A'r‘rlvs
1622 209 1704 251 163

827 316 915 360 VH
949 315 1047 375 (18)

858 394 1018 437 Atreus

283 504 292 514 .
325 504 335 514 .
365 503 376 514 .
407 471 522 527 quod
554 486 599 514 re
631 471 678 515 in
709 475 878 515 slimma
909 487 1126 515 summum
1158 486 1250 514 esse
1284 472 1471 514 arbitror

280 546 515 606 Pen‘clum,
546 551 706 592 matres
741 551 996 606 cdnquinari
1028 549 1193 607 regias,

282 624 582 670 Contaminari
613 626 794 685 stirpem
826 643 876 671 ac
906 626 1082 671 misceri
1110 642 1248 684 genus

807 723 916 767 VIII
949 722 1047 782 (19)

281 799 404 844 Adde
435 800 520 843 h1ic
553 801 668 857 quod
699 801 806 844 mjhi
837 802 1041 858 portento
1074 801 1308 843 caelestlim
1340 803 1463 857 pater
1535 809 1538 814 '

163 878 251 921 210
281 877 537 935 Prodigium
568 879 705 935 misit,
736 879 861 936 regni
893 879 1141 922 stabilimen
1171 879 1274 935 mei,

282 955 461 1013 Agnum
493 955 608 1000 inter
639 957 824 1013 pecudes
857 960 989 1000 afirea,
1020 957 1184 999 clanim
1217 972 1341 1000 coma

282 1033 511 1084 Quondam
542 1034 775 1091 Thyestem
807 1036 974 1092 clepere
1007 1050 1161 1078 ausum
1193 1050 1285 1078 esse
1318 1050 1340 1077 e
1372 1036 1512 1092 regia,

282 1111 377 1162 Qua
407 1112 453 1155 in
483 1127 529 1155 re
561 1113 815 1156 adiutricem
846 1110 1225 1171 e6niugem'cep1't
1257 1114 1350 1156 sibi.

695 1209 785 1252 ΙΧ8
818 1207 919 1267 (inc.
951 1211 1061 1266 trag.
1092 1207 1171 1267 49)

829 1287 1041 1344 Thyestes

377 1397 388 1407 .
424 1364 696 1422 m‘gilzindum
726 1367 793 1409 est
823 1380 1008 1422 semper:
1041 1366 1202 1408 mliltae
1227 1365 1409 1409 insidiae
1436 1369 1541 1410 suini:
1566 1367 1704 1410 bom's.

163 1469 264 1513 (uide
283 1471 357 1515 111)
379 1473 534 1506 Versum
558 1483 638 1507 esee
661 1473 847 1506 intellexit
868 1472 1104 1506 Heindorfius
1196 1474 1268 1507 VII
1286 1473 1418 1507 Cicero
1441 1474 1486 1507 de
1504 1478 1582 1507 nat.
1602 1475 1703 1508 deor.

162 1517 219 1551 111
234 1518 291 1559 26,
308 1518 352 1550 68
377 1518 477 1558 (uide
499 1518 569 1559 ΙΙΙ)
664 1519 754 1552 VIII
778 1518 910 1552 Cicero
935 1518 980 1552 de
1005 1522 1140 1551 natura
1165 1519 1264 1552 deor.
1283 1519 1340 1553 111
1357 1521 1412 1557 26,
1435 1521 1480 1553 68
1505 1518 1606 1563 (uide
1631 1519 1702 1561 111)

163 1562 259 1595 Non.
275 1564 338 1605 20,
363 1565 406 1596 15
437 1564 647 1607 ‘clepere
682 1568 740 1597 est
765 1564 883 1597 furari
911 1589 920 1598 .
939 1589 949 1598 .
968 1588 978 1597 .
1007 1564 1055 1597 M.
1082 1564 1164 1599 Tul.
1189 1564 1234 1597 de
1260 1575 1298 1598 re
1323 1565 1476 1608 publica
1507 1590 1516 1599 .
1538 1591 1545 1598 .
1566 1591 1574 1599 .
1606 1565 1703 1598 idem

165 1607 209 1640 de
233 1611 311 1645 nat.
336 1608 438 1643 deor.
464 1609 527 1642 lib.
546 1620 613 1642 1112
640 1607 735 1654 [211.
761 1608 875 1652 212].’
924 1609 1109 1643 Omittunt
1133 1610 1230 1653 lianc
1256 1611 1376 1644 locum
1395 1612 1440 1644 W
1466 1611 1570 1644 Leid.
1587 1610 1703 1644 Basil.

164 1663 246 1689 mss.
272 1654 443 1687 Mercari.
482 1655 692 1688 Reuocauit
717 1655 763 1688 ad
787 1655 884 1689 hanc
909 1655 1073 1688 fabulam
1098 1655 1168 1689 VII
1194 1659 1232 1689 et
1255 1656 1345 1689 VIII
1365 1656 1544 1690 Columna

275 1699 328 1732 lx
360 1699 490 1734 Cicero
521 1711 586 1744 pro
619 1701 715 1734 Seet.
747 1702 811 1742 48,
837 1702 902 1734 102
934 1699 1035 1742 (uide
1059 1700 1106 1742 V)
1148 1701 1253 1735 Idem
1285 1712 1350 1744 pro
1381 1702 1534 1736 Plancio
1565 1703 1627 1741 24,
1660 1704 1703 1735 59

165 1748 283 1788 ‘quae
318 1743 383 1778 ille
419 1755 442 1778 a
477 1747 565 1780 Ioue
603 1750 704 1780 ortus
747 1747 824 1779 suis
862 1746 1049 1789 praecipit
1082 1745 1170 1780 filiis
1215 1744 1324 1791 [214]
1389 1748 1516 1780 Nostis
1555 1751 1701 1781 cetera:

117 1790 120 1792 ⁷
163 1791 308 1824 nonne?
349 1790 398 1824 Id
423 1791 539 1834 quod
572 1791 703 1826 multi
734 1791 990 1826 inuideant:
1023 1802 1118 1835 quae
1143 1793 1294 1836 scripsit
1318 1795 1444 1835 grauis
1470 1797 1508 1826 et
1532 1793 1702 1837 iugenio·

163 1845 225 1870 sus
249 1839 380 1880 poeta,
412 1837 563 1881 scripsit
587 1847 660 1871 non
683 1840 726 1870 ut
751 1837 837 1871 illos
862 1838 984 1880 regios
1006 1847 1157 1881 pueros,
1189 1839 1252 1881 qui
1277 1840 1349 1871 iam
1375 1848 1555 1882 nusquam
1582 1843 1702 1880 erant,

163 1958 268 1996 Leid.
292 1959 330 1996 B
357 1958 451 1997 ilexe
484 1959 590 1997 Vind.
621 1970 669 1996 m.
693 1970 759 2006 pr.
791 1958 898 1996 illexe
929 1960 1025 1996 idem
1052 1969 1155 1996 corr.
1178 1973 1224 1997 m.
1250 1959 1274 1996 2
1306 1971 1392 1997 cum
1424 1962 1565 1997 celeris
1649 1955 1704 2010 in]

163 2014 207 2052 ad
237 2016 322 2053 E'rl.
469 2015 551 2054 206
582 2011 700 2066 quod]
733 2017 794 2064 qui
826 2016 912 2053 Erl.
1030 2017 1064 2052 in
1096 2027 1135 2052 re
1175 2018 1210 2066 is}
1239 2017 1343 2054 Leid.
1372 2016 1402 2053 C
1429 2017 1463 2053 in
1495 2028 1535 2053 re
1566 2027 1704 2053 summa

165 2073 274 2110 codd.
305 2074 418 2122 aliq„
450 2072 652 2119 Davisius,
688 2072 864 2120 fortasse
895 2077 1013 2110 recte.
1130 2084 1211 2110 esse
1243 2073 1419 2122 periclum
1458 2073 1615 2110 arbitror
1654 2084 1706 2110 ex

164 2129 261 2178 Req.
290 2130 463 2174 Lincoln.
495 2129 684 2167 Dauisius
806 2129 886 2169 207
918 2126 1093 2179 perichim
1125 2128 1163 2177 (u
1193 2132 1295 2167 incer
1325 2142 1345 2167 c
1375 2136 1412 2168 et
1442 2131 1453 2167 l
1485 2129 1706 2178 suprascr.)

164 2186 271 2224 Leid.
292 2188 326 2223 Α
354 2186 557 2237 periculum
586 2187 691 2224 Leid.
715 2188 752 2223 B
773 2187 856 2225 Erl.
945 2183 1176 2238 coinquinari]
1211 2187 1267 2235 ef.
1300 2186 1454 2226 Marius
1489 2188 1707 2225 Victorinus

158 2253 202 2290 p.
234 2241 288 2280 24
316 2243 385 2292 G„
421 2244 698 2282 Lachmannus
735 2247 775 2281 in
814 2245 933 2284 Lucr.
966 2256 1008 2292 p.
1043 2243 1122 2281 135
1161 2245 1418 2293 quoinquiuari
1458 2245 1562 2281 Leid.
1594 2245 1627 2280 Α
1670 2250 1706 2282 el

163 2310 367 2348 suprascr.
397 2312 440 2338 co
474 2301 579 2339 Vina.
610 2301 836 2350 coinquinari
867 2303 991 2339 ceteri
1083 2301 1220 2350 regiam
1262 2302 1369 2339 Vind-
1401 2302 1508 2349 (ante
1536 2302 1703 2338 litteram

164 2356 351 2405 erasum),
384 2358 480 2407 Rey.
502 2357 604 2395 Med.
635 2369 785 2408 regum,
816 2358 954 2408 regiam
974 2358 1163 2395 Dauisius
1191 2358 1328 2407 regiam
1359 2360 1478 2408 regias
1502 2358 1647 2395 Eliens.

166 2413 247 2451 208
279 2425 320 2451 ac
350 2410 511 2465 misceri]
542 2413 730 2452 admisceri
757 2416 850 2453 libri
980 2414 1060 2453 209
1092 2413 1183 2451 adde
1214 2417 1328 2452 etiam
1359 2415 1583 2453 Scriuerius
1613 2415 1705 2451 addo

165 2471 255 2507 libri
361 2470 518 2508 caeleste
547 2471 636 2509 Pal.
755 2471 835 2509 212
868 2472 1051 2521 quondam
1082 2471 1278 2521 Thyestem
1309 2474 1463 2521 quidam
1497 2473 1572 2509 Cic.
1604 2473 1705 2517 libri,

165 2538 236 2566 ms.
267 2527 394 2566 Fabri
420 2530 459 2566 in
491 2528 632 2575 Nonio,
667 2529 879 2567 Manutius.
911 2528 1090 2578 quendam
1121 2528 1157 2575 (e
1176 2540 1280 2567 corr.
1301 2529 1405 2567 Leid.
1432 2529 1480 2576 B)
1511 2529 1704 2577 Thyestem

90 2620 97 2626 ,
166 2584 295 2622 Leidd.
323 2583 389 2622 BC
415 2585 515 2623 Med.
536 2586 711 2624 Lincoln.
744 2597 851 2635 quem
889 2587 1013 2623 dicunt
1043 2586 1237 2635 Thyestem
1268 2586 1361 2635 Rey.
1398 2585 1558 2622 Cantab.
1600 2596 1704 2632 quam

166 2640 255 2678 dant
284 2642 454 2679 thiestem
476 2643 559 2679 Erl.
591 2654 699 2692 quem
729 2643 816 2680 dant
837 2644 1001 2693 hyestem
1031 2642 1151 2691 (corr.
1182 2653 1236 2680 επ
1257 2642 1427 2691 hyestim)
1460 2642 1566 2678 Vind.
1598 2652 1704 2689 quem

166 2697 451 2748 cleanthyestem
481 2699 568 2736 Pal.
601 2710 707 2749 quem
738 2700 783 2737 de
813 2711 872 2738 ara
901 2700 1095 2749 Thycstem
1127 2702 1409 2737 uetustissimus
1443 2699 1570 2734 Vrsini
1598 2708 1703 2745 quem

166 2753 257 2792 clam
289 2755 470 2805 thy-estem
490 2756 596 2794 Leia.
619 2757 653 2793 Α
739 2756 840 2806 clepe
861 2758 945 2795 Erl.
1025 2767 1105 2794 esse
1126 2767 1254 2793 ausum
1280 2756 1478 2792 Orelliana
1557 2765 1576 2790 a
1607 2754 1704 2802 regia

168 2810 254 2849 Eri.
370 2812 452 2851 213
483 2824 555 2862 qua
591 2813 692 2862 (post
720 2816 792 2852 litt.
825 2813 995 2861 erasum)
1024 2814 1129 2851 Leia.
1159 2815 1191 2850 Α
1222 2824 1311 2860 aqua
1343 2822 1374 2848 s.
1414 2823 1431 2848 a
1472 2822 1541 2859 qua
1571 2810 1703 2847 Leidd.

167 2867 238 2905 BC
266 2869 350 2909 Eri.
383 2870 490 2909 Vind.
510 2870 599 2908 Pal.
700 2870 960 2908 adiunctricem
992 2871 1074 2908 Erl.
1181 2869 1299 2917 caepit
1331 2869 1462 2905 Leidd.
1494 2867 1559 2904 AG
1585 2867 1705 2915 coepit

168 2924 274 2962 Leid.
296 2926 333 2962 B
448 2924 530 2963 214
561 2926 798 2976 iugulandum
834 2929 1014 2976 Teyerns.
1044 2939 1118 2976 pro
1150 2927 1311 2963 Plancio

1347 3002 1414 3036 11·
