1942 3204
810 186 852 222 12.
881 184 1056 221 A‘r'mvs
1619 178 1699 222 173

847 290 910 334 IX
943 288 1012 348 (7)

284 373 499 430 Linguzim
531 370 803 427 praepedior:
835 370 987 425 quiite,
1017 382 1136 424 puer,
1166 381 1221 409 ne
1254 365 1490 408 attenderis

165 452 253 496 280
283 451 433 494 Petere
465 451 491 493 ii
522 464 590 492 me
622 448 665 491 id
697 447 811 504 quod
844 447 968 489 nefais
1000 446 1057 488 sit
1088 443 1269 488 concedi
1299 444 1391 486 tibi.

862 523 902 566 X
935 522 1003 582 (2)

286 606 423 650 Simul
455 609 602 649 mirem
634 601 831 660 attendo,
862 604 912 645 ut
942 600 1110 658 qul'rem
1141 599 1341 644 exaudire
1374 599 1572 655 {implius

852 679 916 723 XI
948 677 1016 737 (6)

286 761 485 819 Bem'gne
516 761 555 804 ei
586 775 665 817 pro
696 757 911 802 beneficio
941 757 1054 814 largi
1086 759 1215 813 atque
1247 757 1460 813 simpliter.

841 834 927 879 XII
959 834 1026 893 (5)

287 918 407 975 Ergo
439 918 536 961 med
568 916 711 974 Argos
744 915 945 971 referam,
975 929 1077 956 nam
1110 913 1180 955 hie
1213 928 1306 955 sum
1340 912 1547 968 gnobilis,
1620 934 1629 943 ι

287 996 355 1040 Ne
387 994 460 1039 cus
489 1009 729 1052 cognoscar
759 995 878 1037 noto.

812 1105 1057 1152 EPIGONI

928 1185 950 1228 I

171 1268 260 1312 285
291 1301 301 1310 .
345 1266 501 1323 quibus
532 1266 668 1309 oeulis
699 1263 930 1322 quisquam
961 1265 1159 1306 nostrum
1190 1261 1352 1318 poterit
1382 1261 1555 1304 illorum
1587 1258 1708 1315 optui

291 1345 470 1401 Vfiltus,
501 1359 609 1400 quos
640 1344 727 1386 iam
759 1342 814 1385 ab
847 1341 978 1384 armis
1011 1341 1115 1383 anni
1146 1339 1356 1397 porcent‘?
1389 1372 1565 1382 .....

870 1419 914 1462 II
947 1417 1015 1477 (6)

292 1500 361 1544 Ita
391 1498 618 1557 imperitus
650 1498 903 1555 sfflpiditate
935 1497 1122 1553 erlimpit
1153 1511 1217 1553 se,
1248 1496 1375 1552 inpos
1408 1495 1572 1538 consili.

266 1632 319 1667 IX
350 1633 443 1666 Non.
475 1632 561 1671 238.
587 1632 630 1664 18
660 1629 948 1667 ‘attendet-e,
980 1631 1249 1672 perseuerare?
1366 1627 1398 1661 X
1423 1627 1518 1660 Non.
1550 1629 1635 1666 238,
1672 1628 1713 1660 10

177 1677 439 1711 ‘attendere
465 1681 523 1710 est
547 1676 741 1709 intendere
765 1678 840 1709 ...’
934 1675 986 1708 Xl
1011 1674 1104 1708 Non.
1129 1676 1214 1716 470,
1240 1675 1284 1707 25
1313 1673 1458 1716 ‘largi
1483 1683 1549 1716 pro
1573 1673 1710 1716 largire

182 1726 258 1758 ...’
283 1723 385 1757 Idem
410 1724 492 1763 511,
519 1723 563 1755 21
589 1721 831 1765 ‘ampliter
852 1723 928 1755 ...’
1037 1719 1110 1753 XII
1133 1719 1225 1754 Non.
1251 1721 1336 1762 351,
1363 1720 1408 1752 28
1433 1719 1630 1752 ‘nobilis
1656 1718 1711 1751 ‹li-

178 1771 275 1803 citur
300 1773 339 1803 et
362 1771 472 1802 notus
495 1769 593 1802 ....’
634 1767 771 1801 Festus
795 1777 829 1810 p.
856 1768 922 1800 174
945 1766 995 1800 M.
1021 1765 1243 1798 ‘nobilem
1269 1765 1414 1808 antiqui
1438 1775 1503 1807 pro
1534 1767 1622 1797 noto
1648 1774 1713 1807 po-

177 1815 336 1859 nebant,
369 1817 407 1848 et
435 1813 584 1857 quidem
615 1823 681 1857 per
711 1823 732 1845 e
762 1812 927 1852 literam,
964 1815 1006 1845 ut
1037 1811 1194 1845 Plautus
1224 1829 1269 1834 —
1299 1810 1436 1844 Accius
1465 1810 1503 1842 in
1533 1809 1714 1843 Diomede

196 1861 264 1895 283
286 1862 310 1894 .’

178 1860 194 1905 [
265 1857 428 1940 {lemma
463 1904 512 1938 ad
545 1903 743 1948 Sophoclis
777 1902 983 1947 exemplum
1017 1902 1223 1946 composita
1255 1901 1386 1935 fabula
1411 1904 1507 1934 teste
1532 1899 1711 1934 Cicerone

179 1951 225 1986 de
250 1956 325 1995 opt.
349 1962 436 1995 gen.
463 1961 515 1986 or.
540 1951 579 1992 6,
606 1951 660 1985 18.
702 1948 758 1983 Of.
783 1952 979 1993 praeterea
1010 1948 1055 1982 de
1087 1948 1149 1984 off.
1174 1948 1193 1980 I
1217 1949 1278 1988 31,
1306 1949 1370 1980 114
1425 1947 1443 1980 Ι
1467 1946 1559 1980 Non.
1586 1947 1668 1984 160,
1697 1947 1714 1978 1
1755 1977 1760 1983 ,

179 2000 362 2042 ‘poi-cet
385 1995 572 2039 significat
595 1994 768 2040 prohibet
789 2019 799 2029 .
819 2020 827 2028 .
847 2019 857 2029 .
879 1994 1017 2028 Accius
1046 1994 1230 2036 ligones
1259 2018 1268 2027 .
1289 2018 1298 2027 .
1317 1996 1347 2026 .’
1386 1992 1631 2035 (Epigonis
1656 1992 1717 2025 Iu-

178 2043 280 2084 nius,
306 2042 491 2087 Bergkius
515 2041 608 2077 Mus.
627 2041 745 2075 Rhen.
766 2042 854 2075 1835
878 2051 913 2085 p.
930 2041 975 2075 84
999 2039 1199 2083 Erigone,
1223 2036 1373 2082 Aldina)
1465 2037 1504 2071 11
1527 2037 1621 2073 Non.
1637 2038 1717 2079 226,

294 2163 376 2202 279
407 2162 569 2212 linguam
598 2161 832 2211 praepedior:
864 2171 975 2210 quare
1005 2172 1111 2198 nune
1141 2161 1295 2208 scripsi.
1327 2159 1358 2196 si
1390 2170 1558 2208 umquam
1588 2169 1720 2208 perpe-

179 2220 255 2258 «liar
284 2219 508 2270 (praepediar
528 2229 616 2256 mss.
639 2218 761 2257 Vossii
783 2215 932 2268 §pediar
951 2217 1075 2255 Bern.
1097 2216 1195 2264 347)
1225 2222 1336 2266 gnato
1367 2217 1457 2254 libri
1484 2217 1515 2253 si
1546 2227 1715 2264 umquam

181 2278 372 2327 perpetiar,
395 2281 504 2326 gnate
525 2276 683 2314 Grotius
701 2275 732 2312 si
754 2285 788 2311 u.
811 2274 1022 2324 praepediar
1043 2279 1146 2324 grate
1167 2273 1331 2312 Bothius
1417 2269 1528 2322 puer]
1560 2278 1601 2309 tu
1623 2273 1718 2309 Gro-

182 2337 258 2372 tius
364 2333 448 2372 280
476 2332 628 2371 concedi
659 2333 780 2370 Ber-n.
804 2331 886 2370 347
917 2331 1083 2369 coneedit
1114 2333 1237 2369 ceteri
1263 2331 1354 2368 libri
1468 2329 1547 2368 281
1580 2328 1719 2367 attendi

183 2392 348 2430 Bothius
469 2389 550 2428 282
581 2389 614 2427 ei
643 2389 853 2427 Gulielmus
881 2390 920 2426 in
951 2388 1084 2426 Plauti
1113 2388 1262 2426 Bacch.
1286 2398 1375 2435 cap.
1395 2387 1420 2425 5
1452 2392 1489 2423 et
1518 2387 1609 2424 libri

181 2449 313 2498 largito
343 2447 504 2495 Iunius,
526 2446 737 2485 Gulielmus
840 2456 933 2495 aque
962 2446 1058 2483 libri
1080 2457 1122 2494 p.
1144 2444 1229 2483 470
1331 2444 1413 2482 283
1444 2455 1534 2494 ergo
1564 2443 1645 2481 med
1676 2443 1719 2479 L.

183 2506 350 2543 Mueller
377 2505 426 2543 de
455 2514 500 2542 re
528 2517 577 2542 m.
600 2502 703 2551 442,
734 2504 838 2552 quod
865 2503 956 2541 milii
983 2513 1135 2552 quoque
1163 2504 1202 2539 in
1231 2507 1394 2539 mentem
1416 2507 1596 2539 uenerat.
1628 2511 1719 2548 ergo

183 2574 240 2599 me
261 2563 402 2599 Festus
430 2572 506 2608 me,
531 2573 604 2599 om.
624 2571 739 2611 ergo,
768 2561 928 2598 Nonius.
961 2571 1057 2597 nunc
1087 2570 1177 2609 ergo
1210 2569 1265 2596 me
1296 2561 1381 2597 olim
1413 2559 1515 2596 edidi
1599 2558 1719 2605 Argos

186 2620 326 2657 Festus
355 2619 456 2668 Argo
478 2618 602 2656 Basil.
627 2618 743 2655 Nonii
769 2628 879 2666 agn-os
910 2619 1032 2655 ceteri
1057 2618 1149 2655 libri
1239 2627 1320 2653 sum
1351 2616 1493 2653 Festus
1521 2625 1621 2651 suam
1645 2613 1719 2649 No-

185 2678 272 2713 nius
301 2675 384 2713 cluo
414 2676 483 2712 iam
514 2676 723 2713 Gulielmus
755 2675 874 2712 Veris.
897 2673 990 2711 121
1024 2674 1118 2711 ruam
1142 2673 1364 2721 Stephanus
1449 2670 1580 2708 nobilis
1610 2670 1702 2706 libri
1712 2685 1721 2703 .-

187 2732 242 2780 cs'.
272 2732 413 2770 Festus
441 2743 579 2780 supra.
716 2731 798 2770 285
829 2742 910 2768 nam
941 2730 1072 2780 quibus
1105 2730 1298 2780 Berykius
1327 2730 1427 2766 Mus.
1457 2728 1581 2765 Rhen.
1613 2725 1720 2763 1835

183 2801 229 2836 p.
249 2788 304 2827 84
334 2795 372 2827 nt
400 2791 464 2827 uel
494 2795 555 2826 aut
585 2787 716 2837 quibus
748 2788 903 2827 Vossius
1027 2787 1156 2832 Quibu‘
1189 2788 1377 2835 quisquam
1408 2784 1523 2821 oculis
1554 2788 1720 2820 nostrum

187 2846 324 2894 poterit
355 2845 478 2883 uoltus
507 2845 651 2883 illorum
683 2844 785 2882 omui
811 2846 970 2883 Bothius
991 2844 1038 2893 2,
1065 2844 1161 2893 fort.
1185 2848 1292 2880 recte
1397 2841 1479 2878 286
1511 2852 1603 2890 quos
1626 2840 1719 2878 Sca-

185 2904 288 2952 liyer
318 2902 424 2940 Coni.
452 2914 494 2951 p.
515 2902 567 2940 67
600 2902 699 2951 quod
728 2903 820 2940 libri
924 2901 1003 2939 287
1036 2901 1177 2938 consilii
1206 2900 1299 2936 libri
