1942 3204
254 188 337 230 138
891 192 932 224 L.
957 190 1134 241 *A'r'mvs

367 294 460 336 Iae'im
492 295 564 337 diu
595 294 852 337 inflammari
884 294 1061 338 Atridae
1093 296 1218 338 nauis
1250 296 1459 338 uidissent
1490 311 1602 339 suas.

941 384 982 427 V
1015 382 1083 442 (8)

283 460 336 503 15
367 460 494 503 'Iram
526 460 733 517 infrenes,
765 461 909 504 obstes
941 461 1114 518 animis,
1144 462 1352 518 reprimas
1384 463 1701 505 confidentiam.

929 550 993 593 VI
1025 548 1093 608 (9)

370 626 463 668 Tua
492 627 770 670 honestitudo
802 626 979 670 Dzinaos
1012 625 1182 684 decepit
1212 627 1296 670 diu.

918 716 1005 759 VII
1037 714 1105 774 (3)

365 791 475 848 'Ego
523 807 591 835 me
640 807 730 836 non
778 794 975 849 peccasse
1025 795 1153 850 plane
1204 794 1428 837 ostendam
1485 796 1560 837 aut
1608 809 1773 850 poenas

1315 871 1526 915 stifferam.
1665 862 1672 866 ”

907 947 1017 991 VIII
1049 946 1116 1006 (7)

367 1024 566 1080 Regnum
589 1023 676 1066 -tibi
695 1023 888 1080 permitti
908 1025 1104 1068 malunt?
1136 1027 1330 1068 cernant:
1362 1026 1530 1068 tradam
1553 1026 1772 1069 exercitus.

929 1114 994 1157 IX
1027 1112 1093 1172 (4)

366 1189 480 1233 Nolo
514 1190 726 1245 equidem:
759 1192 832 1234 sed
863 1193 912 1234 tu
942 1192 1061 1247 huie,
1093 1193 1218 1248 quem
1251 1193 1332 1235 seis
1365 1192 1480 1248 quali
1511 1192 1558 1234 in
1588 1193 1631 1234 te
1663 1191 1744 1234 siet

277 1268 335 1310 20
365 1267 612 1324 Fidelitate‚
644 1269 699 1311 ob
730 1267 866 1311 fidam
898 1270 1099 1311 naturam
1128 1269 1212 1312 uiri

366 1344 560 1400 Ignosce.
726 1341 729 1346 ’

844 1439 1173 1484 AEGISTHVS

951 1517 980 1560 Ι·
1005 1516 1072 1575 (2)

1099 1595 1203 1638 heu!

367 1669 530 1713 Cuizitis
562 1670 739 1726 stirpem
770 1671 964 1714 fiinditus
995 1670 1091 1728 fligi
1119 1673 1280 1715 studet!

247 1802 319 1843 ipsi
345 1801 477 1834 desunt
502 1804 542 1834 ut
567 1801 781 1843 plerumque
806 1801 843 1833 in
868 1801 938 1834 hac
956 1805 1068 1844 parte,
1095 1805 1131 1835 et
1156 1805 1252 1835 teste
1277 1803 1320 1835 L.
1338 1801 1513 1834 Muellero
1530 1812 1613 1835 ann.
1634 1801 1772 1844 philon.

250 1847 338 1879 1867
363 1858 397 1888 p.
415 1847 479 1879 491
508 1846 611 1879 Leid.
631 1842 738 1888 emer,
762 1850 803 1878 ut
820 1850 917 1889 puto.
943 1848 1157 1880 meriaret
1182 1848 1286 1880 Leid.
1310 1850 1526 1880 mertaret
1551 1847 1662 1879 ceteri
1686 1846 1772 1878 libri

248 1895 473 1924 moeraret
498 1892 555 1925 ed.
581 1891 805 1926 Medi01.cf.
832 1893 913 1932 138,
940 1891 997 1933 33)
1103 1894 1134 1925 V
1159 1894 1250 1927 Non.
1276 1894 1361 1934 262,
1388 1894 1430 1925 15
1461 1891 1772 1924 ‘confidentia

246 1947 386 1969 rursum
412 1938 619 1977 temeritas,
643 1937 802 1969 audacia
824 1963 832 1970 .
847 1962 856 1970 .
869 1962 877 1970 .
892 1940 922 1970 .'
965 1936 1021 1969 Cf.
1047 1937 1199 1970 Homeri
1216 1939 1267 1971 IX
1284 1939 1362 1970 496.
1379 1938 1446 1971 255
1464 1947 1517 1979 sq.
1610 1938 1661 1970 VI
1677 1937 1773 1972 Non.

248 1984 329 2022 120,
357 1984 398 2015 31
432 1981 751 2014 ‘honestitudo
777 1993 841 2024 pro
866 1982 1056 2014 honestas.
1105 1982 1235 2015 Accius
1261 1984 1446 2016 Oenomao
1557 1982 1652 2014 idem
1677 1983 1774 2023 Myr-

246 2027 453 2059 midonibus
477 2051 485 2059 .
506 2052 514 2060 .
534 2030 565 2059 .’
666 2027 735 2060 VII
759 2027 853 2060 Non.
880 2028 965 2070 396,
998 2029 1037 2060 31
1067 2027 1284 2060 ‘sufferre
1311 2030 1367 2060 est
1391 2029 1577 2060 sustinere
1600 2052 1608 2060 .
1624 2030 1698 2061 ...²

248 2073 337 2105 VIII
360 2072 453 2105 Non.
480 2073 561 2110 261,
587 2073 629 2104 24
655 2075 863 2105 ‘eernere
889 2075 1028 2104 riirsurn
1055 2073 1204 2113 cedere,
1230 2072 1325 2105 unde
1352 2076 1389 2105 et
1414 2082 1563 2105 cernere
1586 2071 1771 2105 heredita-

247 2121 321 2150 tem
346 2117 413 2149 filii
439 2117 625 2159 patribus,
649 2117 683 2149 id
710 2122 766 2150 est
794 2117 944 2159 cedere,
976 2117 1066 2150 dicti
1090 2121 1200 2150 sunt.’
1249 2117 1451 2150 conferunt
1476 2118 1626 2149 Homeri
1650 2116 1694 2150 ΙΙ.
1718 2117 1771 2150 IX

247 2163 312 2195 616
404 2162 575 2200 ΙΧ,Νοη.
603 2164 684 2203 109,
710 2164 751 2195 31
785 2162 1107 2202 ‘fidelitatem‚
1139 2163 1175 2195 id
1207 2166 1264 2196 est
1293 2162 1426 2195 fidem.'
1525 2162 1692 2202 Quadrat
1725 2162 1770 2194 ad

247 2208 343 2240 hane
367 2208 530 2240 fabulam
554 2208 626 2242 inc.
650 2208 720 2240 inc.
747 2208 822 2240 fab.
850 2208 1025 2248 XXV111;
1053 2208 1096 2241 de
1122 2208 1259 2241 XXVII
1283 2218 1380 2250 uaga
1406 2211 1462 2240 est
1487 2207 1668 2240 ariolatio.

337 2253 533 2286 AEGISTVM
559 2257 596 2285 et
621 2252 922 2286 CLVTEMESTRAM
948 2253 1115 2286 diuersas
1141 2253 1285 2285 fabulas
1311 2253 1425 2285 fuisse
1451 2263 1546 2284 nune
1572 2255 1708 2284 statuo.

247 2298 466 2331 Amusmvs
499 2296 722 2340 (Anmsrvsz
755 2299 801 2330 cf.
829 2298 873 2330 fr.
895 2297 941 2339 V)
966 2299 983 2330 I
1007 2298 1098 2331 Non.
1126 2300 1210 2340 110,
1237 2300 1279 2331 32
1311 2298 1456 2340 ‘fligi‚
1488 2298 1616 2340 affligi.
1643 2298 1772 2331 Liuius

250 2344 428 2385 Aegistho
452 2369 460 2377 .
475 2369 483 2377 .
498 2368 505 2375 .
527 2344 661 2376 Accius
679 2343 990 2385 Epinausimaehe
1015 2368 1022 2376 .
1038 2369 1045 2377 .
1060 2369 1068 2378 .
1091 2343 1186 2376 idem
1204 2344 1398 2386 Aegistho:
1424 2343 1515 2376 heu’
1542 2354 1573 2378 e.
1600 2354 1633 2386 q.
1660 2353 1688 2376 s.

246 2489 337 2525 libri
346 2504 356 2522 .-
385 2489 423 2523 in
455 2488 506 2523 sic
534 2489 673 2523 litteris
702 2487 754 2523 sei
783 2488 908 2523 lacere
932 2491 1072 2533 polest.
1151 2492 1265 2523 stares
1289 2486 1468 2534 Gifanius
1498 2486 1648 2522 histares
1670 2497 1769 2523 com-

243 2548 395 2592 puncta
433 2544 455 2579 h
486 2543 589 2580 Leid.
622 2545 749 2579 istares
781 2545 903 2580 ceteri
937 2544 1036 2580 libri.
1095 2542 1154 2591 Cf.
1185 2543 1458 2579 Lachmannus
1496 2544 1535 2578 in
1564 2542 1679 2578 Lucr.
1709 2543 1734 2579 I
1742 2542 1776 2590 V

248 2600 328 2638 283
417 2605 452 2636 te
472 2600 696 2644 Mercerus,>
710 2612 778 2636 om.
799 2600 891 2636 libri
975 2605 1011 2636 te
1042 2610 1142 2636 meus
1164 2611 1210 2635 m,
1234 2601 1297 2636 uel
1317 2601 1412 2636 adeo
1433 2609 1533 2634 meus
1554 2609 1600 2634 m.
1626 2604 1660 2634 te
1681 2603 1769 2635 sunt

247 2660 312 2705 qui
336 2656 573 2704 praeferant
688 2661 858 2692 mertaret
878 2657 968 2692 libri
995 2661 1173 2692 moereret
1203 2657 1259 2692 ecl.
1284 2655 1435 2692 Mediol.
1543 2653 1594 2690 14
1624 2655 1769 2691 Atridae

247 2713 452 2750 Mercerus
482 2717 518 2748 et
547 2723 587 2749 re
605 2713 695 2749 libri
713 2712 837 2748 ardere
859 2713 1064 2750 Frulerius
1086 2713 1188 2750 Coni.
1212 2715 1329 2749 ueris.
1351 2711 1420 2749 ΙΙΙ
1437 2706 1463 2746 2
1493 2716 1586 2747 tetre
1609 2711 1769 2748 Bolhius

363 2770 413 2806 15
444 2769 602 2805 infrenos
634 2770 770 2806 Iunius
806 2771 844 2805 in
874 2782 944 2817 my.
985 2769 1135 2805 infrenis
1163 2769 1254 2806 libri
1387 2767 1435 2804 16
1458 2766 1608 2814 ἀθεθρὶῑ
1636 2768 1768 2804 Delrio

248 2826 380 2874 decipit
408 2826 498 2862 libri
632 2826 682 2862 18
713 2825 829 2861 malim
867 2826 1003 2862 Iunius
1038 2827 1076 2862 in
1106 2838 1198 2873 my„
1239 2825 1488 2862 Her-mannus
1621 2828 1769 2860 cernant

247 2883 451 2919 Mera-erus
481 2893 620 2918 cernam
650 2883 755 2928 libri,
790 2886 825 2918 et
854 2884 944 2930 leyit
972 2885 1053 2929 ipse
1084 2882 1262 2919 Noniuss
1338 2881 1531 2917 exercitum
1563 2879 1702 2918 Aldina
