1942 3204
794 201 838 243 Q.
863 200 1041 236 ENNIVS
1635 202 1686 244 31

827 306 911 350 VII
943 305 1012 365 (4)

272 398 339 450 †o
371 398 440 454 pie
472 411 565 440 eam
598 411 742 440 seeum
774 397 1007 454 5duocant,
1267 457 1271 462 η

157 476 241 519 125
274 509 448 519 .....
480 478 585 519 eunt
616 475 670 518 ad
701 476 886 532 f6ntem,
918 475 1108 518 nitidant
1139 476 1321 532 e6rpora

812 575 922 621 VIII
955 575 1022 635 (6)

272 667 423 724 Neque
455 668 614 710 tetram
647 667 804 710 inicere
841 668 981 724 neque
1019 668 1197 710 eruenta
1236 667 1478 709 e6nuestire
1511 669 1691 724 e6rpora

272 744 380 788 Mihi
401 743 534 801 licuit,
553 759 631 788 nee
651 746 832 789 miserae
852 746 996 788 lauere
1016 745 1218 787 lacrimae
1239 745 1401 787 salsum
1421 746 1689 802 sanguinem.

724 881 1124 926 EREGHTHEVS

860 972 882 1016 Ι
915 971 983 1031 (1)

273 1051 437 1102 Quibus
469 1054 584 1094 mine
617 1065 822 1094 aerumna
853 1051 949 1094 mezi
980 1051 1226 1093 libertatem
1257 1066 1382 1106 paro,

273 1128 438 1180 Quibus
471 1129 723 1171 seruitutem
755 1130 851 1171 mezi
883 1129 1055 1171 miseria
1088 1128 1304 1184 deprecor.

155 1270 251 1293 nune
276 1260 314 1292 in
340 1260 595 1294 controuersia
625 1263 699 1302 est,
732 1260 802 1294 hoe
831 1259 955 1293 modo:
988 1259 1077 1293 eho’
1110 1270 1142 1294 e.
1171 1269 1204 1302 q.
1229 1270 1258 1295 s.
1299 1262 1311 1279 ⁴*
1320 1259 1412 1293 Nam
1442 1260 1498 1293 ita
1530 1271 1595 1304 pro
1626 1272 1692 1295 suo

154 1306 231 1339 iure
254 1305 324 1339 hoe
342 1305 507 1349 exemplo
524 1308 690 1339 utentem
715 1305 1010 1349 Crespontem
1034 1305 1177 1339 Ennius
1195 1305 1355 1347 induxit,
1382 1307 1489 1349 quasi
1504 1307 1575 1339 iam
1601 1308 1694 1340 satis

155 1351 267 1384 certis
293 1351 501 1384 rationibus
523 1351 577 1384 ita
603 1361 684 1385 esse
710 1351 1029 1386 demonstrasset)
1078 1349 1399 1394 (Thesprotum
1423 1351 1563 1395 primae
1589 1353 1692 1386 sami-

155 1396 230 1430 liae
257 1406 366 1440 qnam
393 1397 579 1438 Kayserus
603 1396 716 1430 habet
740 1396 848 1432 codd.
873 1399 913 1430 et
937 1396 1122 1430 secundae
1149 1397 1277 1430 Bamb.
1303 1400 1341 1429 et
1364 1396 1623 1440 Emmeranus‚
1656 1402 1694 1431 et

156 1443 293 1486 recepit
317 1442 506 1485 Kayserus
530 1442 568 1475 in
594 1442 650 1476 ed.
674 1444 695 1476 2
720 1445 874 1477 textum.
909 1442 970 1475 Th
981 1453 1114 1485 respo
1126 1445 1242 1475 ntem
1268 1443 1398 1476 Bamb.
1425 1441 1464 1484 b)
1490 1442 1621 1477 Cicero
1647 1443 1692 1477 de

154 1488 229 1520 inu.
247 1487 263 1520 1
281 1489 337 1529 49,
355 1488 396 1520 91
424 1490 718 1521 ‘controuersum
744 1491 819 1530 est,
845 1489 883 1521 in
911 1498 982 1530 quo
1000 1487 1045 1520 ad
1064 1487 1214 1521 dubium
1231 1488 1556 1521 demonstrandum
1580 1489 1693 1524 dubia

154 1543 268 1566 eausa
293 1532 463 1574 affertur,
488 1533 558 1566 hoc
581 1534 704 1567 modo:
732 1533 822 1566 eho’
849 1545 881 1567 e.
908 1543 941 1576 q.
961 1543 989 1569 s.
1061 1533 1129 1566 VII
1154 1533 1247 1566 Non.
1275 1535 1353 1577 144,
1380 1535 1423 1566 14
1446 1534 1690 1576 ‘nitidant,

155 1579 329 1619 abluunt,
356 1578 496 1612 dictum
521 1590 542 1612 a
567 1579 697 1613 nitore.
746 1579 889 1612 Ennius
912 1578 992 1612 Cre
1004 1582 1164 1622 sponte
1187 1604 1218 1613 ..
1233 1581 1263 1612 .’
1364 1579 1453 1612 VIII
1477 1581 1691 1613 Macrobius

156 1625 235 1658 Sat.
251 1624 302 1656 vl
319 1625 352 1666 2,
370 1625 412 1657 21
439 1624 666 1668 ‘Vei-gilius:
692 1635 760 1658 nee
785 1627 821 1658 te
846 1628 912 1658 tua
938 1625 1069 1658 funera
1093 1628 1211 1657 mater
1235 1624 1394 1657 Produxi
1419 1626 1586 1668 pressiue
1609 1636 1694 1658 ocu-

155 1669 210 1702 los
233 1674 300 1703 aut
324 1669 476 1702 uulnera
499 1670 589 1703 laui.
621 1671 764 1703 Ennius
788 1671 826 1703 in
851 1669 1139 1713 Cresphonte
1162 1669 1235 1704 ...’
1263 1669 1582 1713 (eresiphonte
1607 1672 1690 1707 Par.

154 1714 486 1758 Cressiphonte
512 1715 657 1759 Angue.
681 1715 778 1748 Med.
803 1726 827 1748 a
851 1715 1001 1756 Salisb.)

245 1772 502 1806 Enncnoennvs
527 1773 636 1806 immo
661 1773 862 1806 Ennc‘mvs
889 1771 1162 1815 (Eunoni-ww)
1186 1773 1203 1805 1
1227 1771 1371 1806 Gellius
1395 1773 1466 1806 VII
1486 1771 1565 1815 (VI)
1593 1776 1646 1815 16,
1672 1776 1693 1807 9

155 1819 220 1860 ‘Q.
244 1818 385 1851 Ennius
410 1818 448 1850 in
474 1818 683 1853 Erechtheo
707 1828 780 1852 non
805 1818 914 1861 longe
939 1828 1044 1852 secus
1069 1817 1164 1851 dixit
1189 1828 1297 1861 quam
1323 1816 1506 1851 Catullus.
1549 1819 1692 1860 Quibus

155 1874 268 1908 nune,
301 1863 441 1907 inquit,
466 1866 664 1898 aerumna’
687 1875 719 1898 e.
746 1867 781 1907 q.
807 1874 836 1898 s.
873 1863 1084 1908 ‘signifieat
1108 1863 1220 1906 abigo
1251 1866 1289 1896 et
1318 1863 1471 1897 amolior
1494 1865 1555 1897 uel
1581 1875 1691 1908 prece

157 1909 416 1946 adhibitaxuel
446 1919 517 1953 quo
553 1909 628 1943 alio
664 1909 800 1944 modo-²
846 1908 1076 1951 (erictlieo
1108 1910 1192 1944 Vat.
1223 1908 1402 1942 eritlieo
1434 1909 1518 1942 alii=
1558 1911 1607 1942 cf.
1642 1911 1690 1943 M.

158 1955 335 1989 Hertzius
359 1965 444 1988 ann.
470 1954 611 1998 pliiloll.
637 1957 726 1990 1862
756 1966 792 1999 p.
817 1955 909 1998 787).
934 1955 1028 1989 Non.
1051 1956 1135 1996 290,
1163 1955 1204 1988 17
1230 1953 1491 2000 ‘deprecor,
1525 1955 1690 1998 amolior,

155 1999 318 2044 depello,
343 2001 517 2044 propulso
547 2026 555 2034 .
575 2026 584 2035 .
605 2026 614 2034 .
637 2001 779 2035 Ennius
803 2001 1008 2045 Eripiteo
1031 2026 1038 2033 .
1059 2025 1068 2034 .
1087 2003 1117 2033 .’
1155 1999 1394 2044 (Erepiteo
1419 2000 1523 2037 Leid.
1551 2001 1690 2036 Geneu.

155 2045 412 2079 Erechtheo
445 2046 523 2080 cod.
548 2047 690 2090 Vrsini,
715 2046 884 2080 Muretus
910 2046 952 2082 V.
976 2046 1019 2079 L.
1046 2046 1136 2079 XIII
1163 2045 1232 2087 19).

271 2179 351 2217 124
391 2175 537 2230 [iidem]
577 2179 751 2228 opiferum
790 2180 929 2217 socium
967 2178 1145 2217 aduncant
1192 2179 1388 2216 Vahlenus
1425 2189 1550 2216 omnes
1590 2191 1620 2216 s.
1660 2191 1690 2215 a.

156 2238 343 2275 Heinsius
461 2235 539 2274 125
571 2236 708 2274 sontem
744 2236 874 2274 Vrbin.
908 2236 1005 2284 307,
1036 2237 1119 2273 edd.
1150 2235 1282 2272 sortem
1310 2236 1412 2274 libri.
1476 2235 1569 2273 Olim
1597 2248 1689 2283 pro-

152 2296 287 2343 posui:
317 2299 405 2331 eunt
425 2293 467 2330 ad
491 2293 640 2336 sontem,
671 2293 824 2331 nitidant
847 2304 1017 2343 corpora,
1050 2289 1322 2344 [imstiamque]
1346 2293 1499 2341 opimam
1523 2289 1691 2343 [sistnnt,

156 2345 262 2403 deos]
296 2361 420 2388 secum
453 2346 514 2401 [ut
541 2346 634 2401 sint]
666 2349 846 2388 aduocant
875 2352 958 2388 uel.-
995 2355 1082 2387 eunt
1113 2349 1156 2386 ad
1189 2349 1211 2386 s.
1240 2361 1277 2387 n.
1299 2361 1331 2387 c.
1359 2345 1364 2400 Ι
1393 2378 1402 2386 .
1427 2379 1436 2387 .
1461 2378 1469 2387 .
1494 2378 1502 2385 .
1526 2378 1535 2386 .
1571 2346 1691 2399 [prae-

155 2403 328 2458 sentiam]
360 2406 531 2456 ‹ipisernm
553 2407 704 2444 deorum
734 2407 926 2445 aduncant.
967 2407 1046 2445 Sed
1069 2411 1234 2455 possunt
1254 2407 1332 2443 aliu
1355 2409 1471 2444 mulla
1494 2409 1533 2443 in
1553 2409 1693 2444 litteris

157 2476 180 2501 o
201 2465 258 2514 pie
288 2475 365 2501 eam
393 2466 532 2512 latere,
564 2475 596 2502 e.
625 2476 658 2501 c.
690 2465 876 2513 optimam,
906 2475 1066 2513 operam,
1097 2464 1278 2513 oppletam
1310 2465 1372 2501 uel
1402 2463 1556 2513 plenam,
1589 2475 1690 2512 opsc-

157 2526 259 2558 crant
347 2520 428 2560 126
457 2527 673 2559 conuertere
703 2522 853 2570 Anqlic.
931 2532 1082 2570 corpora
1114 2520 1197 2558 Mihi
1231 2520 1393 2558 Bothius
1423 2521 1509 2558 mihi
1540 2532 1691 2568 corpora

157 2579 400 2625 exemplaria
489 2577 568 2616 127
600 2589 718 2626 neque
749 2578 1037 2627 Eyssenhardti
1062 2579 1170 2615 codd.
1258 2577 1390 2614 salsum
1421 2589 1492 2615 om.
1524 2577 1618 2613 Par.

157 2635 259 2673 licuit
295 2634 380 2672 mihi
426 2636 576 2672 miserae
613 2645 679 2671 nec
722 2635 843 2673 lauere
879 2635 1035 2673 lacrimis
1079 2634 1183 2671 salsis
1220 2646 1250 2671 s,
1300 2634 1472 2679 Vossius,
1508 2634 1693 2681 probaui!

158 2691 348 2740 ‘lacrymis
378 2690 508 2728 salsis’
540 2692 741 2730 Bentleius
770 2693 824 2730 ad
846 2691 922 2730 Cic.
950 2692 1063 2730 Tusc.
1088 2692 1113 2729 Ι
1133 2691 1205 2729 16:
1236 2696 1352 2739 atque
1382 2691 1546 2727 lacrimae
1576 2689 1690 2725 salsa«-

159 2749 333 2786 scribere
360 2751 503 2797 poterit
531 2751 599 2798 qui
626 2749 777 2786 miserae
813 2751 1029 2798 yenatiuum
1060 2749 1227 2786 habebit.
1343 2747 1465 2783 lauere
1503 2751 1559 2782 est
1594 2746 1688 2782 laue—

158 2811 243 2842 runt
363 2805 440 2843 128
471 2805 602 2854 quibus
633 2806 715 2843 edd.
748 2812 902 2843 ueteres
924 2806 1036 2844 Gellii
1063 2806 1123 2854 qni
1156 2805 1309 2841 codices
1337 2806 1430 2840 eius.
1462 2803 1519 2838 cui
1544 2802 1691 2839 Nonius

271 2873 418 2900 erumna
449 2862 596 2900 Nonius
625 2873 796 2912 erumpua
840 2863 922 2900 Vnt.
956 2864 1069 2900 Gellii
1154 2861 1319 2897 lituu-tate
1351 2871 1432 2908 para
1466 2859 1613 2896 Nonius

162 2918 240 2956 129
271 2930 384 2956 meam
417 2919 563 2957 Nonius
