1942 3204
315 199 382 232 XX
902 198 1249 234 COROLLARIVM

432 306 484 348 V.
505 307 561 348 60
588 321 648 361 sq.
673 320 788 348 nunc
814 307 1003 348 senarios
1030 322 1116 348 una
1147 321 1249 349 voce
1280 307 1442 350 inserta
1471 309 1599 351 hosce
1631 309 1831 353 restituo:

913 404 1014 431 nam
1045 389 1230 432 maximo

480 461 592 502 saltu
624 460 844 515 superabit
875 460 1079 516 grauidus
1111 458 1288 502 armatis
1322 474 1474 516 equus,

479 531 551 586 qui
582 531 658 572 su6
690 533 817 586 partu
849 530 1028 572 arduam
1062 528 1233 588 [arcem]
1267 530 1420 586 perdat
1449 531 1672 588 Pergama.

314 623 376 666 Of.
408 640 446 667 v.
477 625 563 667 219
596 625 721 680 ‘quae
754 623 1011 667 Corinthum
1043 639 1182 667 arcem
1214 626 1346 667 altam
1376 626 1572 668 habetis!
1601 657 1609 662 -

430 707 551 748 Licet
583 706 778 749 Sarsinas
809 710 938 762 poeta
974 708 1213 764 legitimam
1249 708 1462 750 Acheruns
1499 708 1686 751 nominis
1716 723 1832 751 men-

313 770 456 819 suram
475 779 620 820 nescio
641 793 725 833 qua
744 778 996 820 enuntiandi
1016 778 1296 820 crassitudine
1315 779 1361 820 in
1379 779 1612 825 Acclaervms
1632 779 1834 822 creticum

313 848 551 889 extenderit
595 847 709 904 (vide
747 863 862 901 nunc
899 849 1123 891 Ritschelii
1166 850 1211 891 in
1249 848 1488 891 Trinummi
1532 850 1595 892 ed.
1626 849 1670 892 II
1700 849 1833 905 praef.

312 934 351 973 p.
378 917 560 975 LXVI),
596 918 764 960 Ennius
801 921 948 961 tamen
979 920 1263 976 semigraecus
1295 919 1578 962 Graecanicae
1609 908 1836 975 prosodiae

311 989 606 1044 integritatem
626 989 859 1031 servavisse
873 989 1051 1032 videtur.
1081 990 1195 1032 Nam
1216 992 1259 1032 et
1278 990 1551 1033 ‘Acherunsia
1569 991 1730 1046 templa
1746 992 1834 1033 alta

312 1057 430 1100 Orci'
452 1074 490 1100 v.
512 1059 567 1101 70
586 1062 630 1101 et
650 1063 660 1080 ²
672 1060 940 1103 Acherontem
959 1061 1088 1103 obibo
1102 1064 1112 1081 '
1133 1076 1172 1103 v.
1192 1061 1278 1103 202
1299 1061 1450 1116 optimi
1468 1063 1601 1103 testes
1620 1061 1834 1117 exhibent,

312 1144 337 1170 a
369 1145 453 1185 qua
483 1144 635 1172 norma
665 1146 754 1173 non
786 1131 961 1173 recessit
991 1132 1072 1174 ine.
1103 1132 1185 1174 inc.
1216 1133 1328 1187 trag.
1358 1147 1397 1174 v.
1430 1132 1483 1173 77
1517 1134 1666 1174 auctor
1698 1132 1834 1174 ‘altae

310 1200 558 1243 Acheruntis
590 1202 702 1243 salso
737 1202 991 1258 sanguine’3
1028 1204 1071 1244 et
1100 1202 1237 1258 redigi
1274 1201 1328 1243 ad
1360 1202 1538 1244 eandem
1576 1205 1720 1258 potest
1750 1203 1832 1245 inc.

310 1272 392 1313 inc.
411 1274 521 1328 trag.
549 1287 587 1314 v.
608 1273 663 1314 73
696 1273 862 1315 ‘adsum
893 1274 1021 1327 atque
1054 1272 1234 1314 advenio
1266 1271 1514 1314 Acherunte
1546 1274 1615 1315 vix
1646 1273 1716 1315 via
1747 1274 1835 1336 alta

312 1344 440 1397 atque
473 1342 641 1397 ardua',
673 1332 808 1385 si'nib
826 1343 1070 1385 Acherunte
1105 1343 1318 1385 restituas.
1357 1342 1474 1392 Quae
1507 1343 1621 1398 quod
1652 1344 1698 1385 in
1728 1336 1832 1386 Poe-

311 1413 403 1454 nuli
454 1428 622 1468 quoque
671 1414 776 1456 10018
808 1414 1081 1469 >quibusdam
1129 1414 1260 1469 valet,
1315 1413 1476 1455 scilicet
1517 1429 1554 1456 v.
1598 1414 1682 1456 337
1728 1416 1832 1470 ‘qu6

311 1483 378 1539 die
421 1482 556 1526 Orcus
599 1475 653 1525 ab
676 1483 956 1526 'Acherunte'
987 1486 1179 1526 mortuos
1223 1484 1453 1535 amiserit’,
1503 1485 1586 1526 821
1634 1485 1833 1540 ‘quodvis

311 1568 447 1610 genus
484 1555 545 1596 ibi
581 1555 805 1597 hominum
836 1556 980 1598 videas
1019 1555 1141 1610 quasi
1171 1554 1464 1597 Acheruntem
1495 1555 1678 1597 veneris’
1713 1554 1834 1611 (nam

311 1625 362 1666 de
393 1626 500 1680 prol.
534 1626 587 1668 71
622 1626 872 1682 ambiguum
910 1628 975 1668 est
1011 1623 1253 1682 iudicium),
1296 1626 1496 1667 discimus
1534 1626 1703 1668 saeculo
1743 1640 1833 1681 sep-

309 1697 434 1751 timo,
472 1711 568 1738 cum
606 1699 819 1738 correctae
857 1696 998 1738 Plauti
1036 1697 1208 1738 fabulae
1251 1698 1545 1751 repeterentur
1582 1696 1629 1738 in
1667 1710 1835 1752 scaena,

311 1765 616 1808 Graecanicam
647 1767 1045 1822 pronuntiationem
1082 1767 1213 1809 etiam
1242 1767 1289 1809 in
1326 1766 1546 1809 comoedia
1576 1767 1833 1822 regnavisse.

311 1836 449 1886 Quam
473 1838 510 1879 is
536 1853 704 1893 quoque
731 1840 900 1880 secutus
921 1841 997 1894 est,
1028 1838 1100 1893 qui
1125 1838 1171 1879 in
1190 1837 1479 1879 Mostellariae
1504 1852 1542 1879 v.
1561 1836 1647 1879 509
1674 1837 1832 1879 ‘viv6m

311 1923 376 1949 me
409 1911 643 1962 arcessunt
666 1909 719 1950 ad
739 1908 1033 1951 Acheruntem
1064 1908 1237 1950 mortui'
1271 1907 1358 1963 legi
1388 1907 1542 1962 voluit,
1572 1909 1621 1949 ut
1650 1907 1830 1950 totidem

310 1979 464 2020 litteris
495 1981 625 2020 ‘extat
668 1979 714 2020 in
745 1979 790 2021 B
828 1979 983 2022 codice.
1050 1978 1110 2020 Et
1153 1977 1267 2033 quod
1310 1978 1357 2019 in
1394 1977 1634 2038 Trinummi
1654 1992 1708 2019 v.
1745 1977 1833 2019 494

311 2049 395 2091 OD
419 2050 628 2104 praebent
651 2051 788 2092 censui
812 2065 890 2105 pro
910 2063 1048 2102 censu,
1079 2049 1233 2104 possit,
1263 2048 1347 2090 nisi
1367 2048 1452 2090 alia
1477 2048 1685 2103 quaedam
1705 2062 1833 2090 causa
1885 2054 1887 2058 ⁴

312 2120 574 2175 dissuadeat,
612 2121 665 2162 ad
696 2121 827 2162 talem
858 2136 1028 2163 versum
1063 2119 1337 2162 formandum
1374 2118 1583 2160 adhiberi:
1621 2119 1834 2161 ‘censetur

310 2192 460 2232 censud
499 2191 557 2233 dd
596 2180 867 2233 Acheruntem
910 2193 1128 2234 mortuos?
1198 2190 1264 2232 De
1307 2189 1567 2232 Acherunsia
1608 2189 1749 2232 forma
1790 2191 1834 2232 et

312 2261 526 2303 Lucaniae
559 2262 716 2317 oppido
737 2262 964 2304 Acerumia
994 2261 1195 2304 disseruit
1214 2259 1449 2303 Oorssenus
1476 2245 1670 2315 syinboll.
1702 2260 1832 2302 critic.

313 2347 355 2386 p.
385 2332 490 2386 4693
522 2332 572 2373 de
604 2333 741 2374 vocali
770 2347 800 2375 11
830 2333 1091 2375 Ritschelius
1124 2346 1266 2387 opusc.
1297 2331 1341 2373 II
1372 2331 1472 2373 493.

429 2413 700 2469 Anapaestos
731 2430 769 2457 v.
791 2416 846 2457 7O
873 2430 966 2471 sqqff
990 2415 1254 2471 septenarios
1262 2447 1274 2469 ,
1306 2413 1359 2455 ad
1378 2412 1686 2468 Aristophanei
1704 2413 1831 2468 illius,

312 2485 384 2540 qui
414 2485 528 2526 inter
557 2485 638 2527 inc.
663 2486 745 2528 inc.
771 2485 853 2528 fab.
886 2487 968 2528 182
999 2486 1176 2542 legitur,
1207 2485 1448 2539 exemplum
1477 2484 1616 2526 factos
1642 2483 1829 2525 Bueche-

311 2557 425 2598 lerus
458 2556 646 2611 agnovit.
709 2554 777 2598 Sic
807 2556 941 2612 igitur
973 2555 1255 2598 distribuendi
1287 2557 1405 2598 sunt:

354 2659 652 2669 ........
683 2626 952 2669 Acherunsia
982 2627 1142 2682 templa
1173 2627 1262 2668 alta
1291 2625 1419 2681 'Orci,

352 2696 514 2753 palh'da
544 2698 650 2753 leto,
679 2696 830 2739 nubila
861 2698 1049 2740 tenebris
1079 2698 1191 2753 loca,
1222 2697 1401 2751 86111010,
1431 2696 1570 2738 infera
1602 2693 1785 2752 [noctis]

311 2779 425 2823 Nam
455 2781 561 2822 haec
592 2780 818 2823 verborum
849 2780 1138 2835 interpunctio
1170 2779 1336 2822 videtur
1366 2793 1466 2821 vera
1497 2792 1600 2820 esse.

429 2851 482 2892 In
518 2851 684 2893 creticis
716 2866 753 2894 v.
787 2852 841 2893 76
880 2851 993 2906 quod
1029 2851 1233 2892 traditum
1271 2851 1336 2891 est
1371 2849 1529 2891 amilio
1558 2848 1657 2903 eoeilj
1692 2848 1830 2890 lenius
