1942 3204
252 202 401 238 XLVIII
844 201 1196 238 COROLLARIVM

256 311 307 352 In
339 310 496 352 codicis
529 308 739 363 scriptura
769 323 826 351 cm
857 310 1064 352 sanctiora
1101 312 1228 351 antea
1259 310 1390 352 latere
1420 312 1624 366 putabam
1655 314 1778 355 etiam

253 383 434 432 deorum,
478 381 550 422 sed
582 380 748 422 facilius
784 384 958 422 sancta
993 381 1109 422 iura
1145 381 1190 422 in
1235 382 1442 424 sanctiora
1478 383 1594 425 abir'e
1625 385 1776 438 potuit.

256 452 365 502 Quia
397 454 539 494 autem
568 466 643 493 suo
676 452 769 493 loco
800 452 982 494 iuranda
1020 452 1173 493 addere
1211 452 1409 494 librarius
1440 455 1701 511 neglexerat,
1731 456 1775 497 in

255 524 338 565 fine
371 523 607 565 sententiae
639 522 854 578 integrum
889 523 986 565 iura
1015 523 1197 565 iuranda
1228 523 1436 578 adposuit.

370 605 421 647 V.
443 606 528 648 382
557 606 693 658 fronte
711 608 854 647 utrum
874 605 1128 659 masculino,
1160 609 1208 648 ut
1237 606 1442 649 librorum
1475 608 1683 662 scriptura
1713 608 1775 651 in-

253 676 435 732 dicatur,
474 692 546 731 an,
587 679 635 718 ut
677 677 827 719 testari
864 677 1030 719 videtur
1072 677 1162 732 ipse
1206 678 1526 733 grammaticus,
1571 679 1776 722 feminino

254 761 407 802 genere
440 748 707 802 usurpaverit
738 747 947 790 Pacuvius
980 748 1182 803 ambigua
1212 763 1278 790 res
1311 752 1386 791 est.
1442 749 1662 791 Inmisceri
1694 749 1776 792 isto

254 819 379 860 modo
418 819 611 860 feminini
650 819 817 874 generis
855 819 1094 874 exemplum
1132 834 1219 862 non
1259 821 1416 875 potuit,
1460 820 1542 861 nisi
1581 821 1777 862 secundis

253 890 365 931 euris
410 890 649 945 inventum,
693 890 737 931 in
781 890 974 945 margine
1017 890 1259 945 adpositum
1298 893 1340 932 et
1382 893 1532 946 postea
1574 906 1661 932 non
1700 906 1776 934 suo

252 962 344 1002 loco
372 961 579 1006 insertum
606 975 697 1002 esse
724 963 948 1003 statuatur.
994 960 1191 1003 Ceterum
1218 961 1373 1003 iratum
1404 962 1634 1003 barbarum
1661 962 1774 1004 simi-

255 1032 364 1073 libus
403 1032 616 1073 coloribus
657 1031 849 1085 depinxit
888 1032 1095 1086 Apuleius
1135 1035 1304 1074 metam.
1337 1032 1397 1074 IX
1429 1033 1483 1074 21
1518 1033 1651 1074 ‘vultu
1688 1036 1775 1075 tur-

255 1103 353 1157 gido
387 1102 689 1157 subductisque
722 1103 957 1157 superciliis
988 1103 1147 1145 incedit
1177 1103 1338 1144 iratus.’

371 1185 419 1227 V.
450 1186 547 1227 383.
592 1175 811 1227 Luciliana
843 1186 971 1228 verba
1002 1185 1047 1228 C.
1073 1185 1129 1227 M.
1150 1185 1371 1227 Francken
1403 1186 1447 1227 in
1475 1185 1593 1228 Coni.
1620 1187 1774 1229 criticis

250 1256 506 1311 nuperrimis
538 1256 581 1297 II
613 1272 653 1311 p.
685 1258 742 1307 32
775 1257 828 1298 ad
861 1257 1067 1299 auditoris
1098 1256 1286 1298 taedium
1318 1257 1448 1312 longa
1473 1260 1516 1298 et
1547 1258 1775 1312 artificiosa

250 1328 416 1382 prologi
443 1328 708 1382 expositione
735 1331 898 1370 motum
928 1328 1073 1369 referri
1103 1328 1203 1369 vult.
1243 1326 1324 1369 Sed
1349 1328 1485 1369 tristis
1512 1328 1581 1370 vix
1608 1331 1673 1371 est
1702 1329 1774 1384 qui

249 1398 464 1452 inpatiens
497 1413 641 1440 morae
674 1399 876 1454 ambages
909 1401 953 1440 et
981 1399 1110 1441 tricas
1143 1401 1372 1440 aversatur.

368 1480 419 1523 V.
446 1482 533 1523 385
558 1496 611 1522 ne
639 1482 888 1536 acephalum
914 1496 1006 1523 esse
1033 1483 1281 1536 querantur,
1314 1482 1655 1536 supplementum
1687 1485 1772 1525 tro-

249 1552 369 1593 chaei
403 1553 456 1594 ab
489 1552 612 1594 initio
643 1554 708 1593 eia
739 1553 804 1594 vel
836 1553 942 1605 aqite
960 1552 1053 1593 ‘sibi
1085 1552 1282 1593 habeant.

366 1634 417 1676 V.
445 1635 542 1677 398.
580 1635 848 1676 Auctoritate
874 1634 919 1677 C.
939 1634 1134 1676 Caesaris
1159 1650 1260 1676 usus
1287 1634 1448 1677 Gellius
1473 1636 1575 1678 XIX
1602 1638 1627 1678 8
1653 1652 1770 1691 prae·
1793 1647 1799 1652 “

249 1706 360 1760 cipit,
399 1706 640 1759 quadriyas,
686 1706 854 1747 etiamsi
899 1720 1008 1747 unus
1040 1720 1187 1747 currus
1232 1706 1304 1761 sit,
1348 1707 1560 1761 plurativo
1605 1722 1771 1763 semper

247 1777 420 1818 nomine
458 1777 657 1818 dicendas
696 1791 806 1831 esse,
844 1776 1063 1831 ‘quoniam
1102 1779 1304 1831 quattuor
1341 1777 1467 1818 simul
1504 1778 1599 1833 equi
1638 1779 1770 1820 iuncti

290 1881 297 1889 .
337 1848 458 1903 quasi
495 1848 764 1900 quadriiuyae
800 1849 1032 1888 vocantur?
1102 1846 1353 1902 Perquisitis
1397 1850 1539 1889 autem
1580 1851 1769 1890 veterum

248 1919 519 1972 scriptorum,
552 1921 768 1959 oratorum
802 1917 984 1958 maxime
1016 1920 1059 1958 et
1088 1920 1310 1971 poetarum
1348 1918 1467 1960 libris
1493 1933 1624 1960 unum
1651 1920 1768 1961 dum-

246 1991 366 2030 taxat
403 1989 447 2029 in
486 1988 694 2030 Varronis
733 1991 878 2030 satura
914 1987 973 2043 (p.
1009 1988 1109 2042 118,
1147 1989 1173 2029 6
1212 1988 1281 2044 R.)
1319 1989 1549 2045 quadrigae
1592 2005 1768 2032 numero
1802 2038 1805 2041 ³

248 2059 455 2114 singulari
494 2059 630 2101 dictae
668 2060 906 2114 exemplum
946 2058 1182 2113 repperisse
1221 2074 1265 2100 se
1302 2061 1367 2101 vel
1405 2060 1495 2114 ipse
1526 2061 1590 2102 vel
1623 2064 1769 2103 auctor

247 2131 336 2171 eius
369 2133 526 2172 narrat.
589 2130 714 2172 Vnde
752 2130 893 2186 gravis
931 2143 1034 2171 sane
1065 2130 1199 2171 oritur
1230 2130 1458 2185 dubitatio,
1494 2146 1596 2172 num
1634 2131 1765 2173 Pacu-

247 2202 341 2243 vius
380 2215 475 2242 vere
515 2203 717 2256 quadriga
749 2204 876 2257 atque
908 2200 1013 2242 adeo
1050 2215 1223 2255 prorsus
1255 2202 1429 2243 insolita
1459 2202 1766 2256 compositione

206 2291 208 2293 v
246 2285 323 2313 axe
352 2273 556 2325 quadriya
588 2272 815 2327 scripserit.
877 2272 1015 2313 Immo
1046 2274 1293 2326 comparato
1325 2272 1455 2313 Ennii
1488 2276 1625 2314 ‘curru
1664 2288 1763 2328 qua—

247 2342 428 2397 driiugo’
464 2357 499 2384 v.
532 2343 589 2385 92
620 2343 743 2385 facile
774 2343 818 2384 in
851 2343 1064 2384 senarium
1096 2342 1208 2384 hune
1240 2343 1482 2384 incidimus:

508 2425 692 2478 [Medea]
726 2425 887 2467 uolucri
919 2420 1158 2466 currit'axe
1190 2425 1504 2481 quadriiuga.

363 2507 414 2549 V.
445 2508 543 2550 408.
611 2507 841 2550 Pacuviani
884 2508 1234 2562 repandirostrum
1276 2508 1518 2550 meminisse
1555 2508 1763 2551 Lucilium

244 2577 285 2620 V
315 2578 367 2619 19
399 2579 466 2620 his
499 2579 713 2620 ‘lascivire
745 2594 871 2633 pecus
891 2579 984 2620 nasi
1016 2579 1227 2634 rostrique
1258 2579 1513 2633 repandum'
1546 2579 1631 2620 iam
1663 2583 1761 2621 ante

245 2647 289 2690 G.
327 2648 383 2690 M.
422 2648 717 2690 Franckenum
756 2648 876 2691 Coni.
920 2650 1010 2691 crit.
1048 2648 1201 2704 (1871)
1239 2664 1278 2703 p.
1316 2649 1372 2690 33
1422 2650 1587 2690 monuit
1629 2649 1759 2695 Fran—

245 2719 379 2761 ciscus
411 2718 567 2761 Dousa.
751 2772 764 2777 -

362 2789 551 2832 Salaciae
580 2805 617 2833 v.
649 2791 735 2833 418
774 2805 1018 2844 mensuram
1056 2791 1109 2832 ad
1140 2790 1271 2832 Ennii
1307 2805 1343 2832 v.
1379 2791 1431 2833 18
1469 2805 1508 2845 p.
1539 2789 1666 2832 XVII
1697 2792 1759 2833 in-

245 2859 391 2902 dicavi.
