1942 3204
241 203 294 245 96
836 207 885 239 Μ,
910 207 1147 241 PAOVVIVS

872 310 997 352 XXX
1030 309 1126 368 (33)

356 384 496 428 'Illum
529 401 705 442 quaero,
738 388 809 442 qui
841 388 1070 430 {idiutatuln

861 476 1009 518 XXXI
1041 476 1139 534 (10)

356 551 469 594 Nam
501 556 543 593 te
576 553 622 594 in
653 554 871 595 tenebrica
903 555 1028 609 saepe
1058 555 1257 597 lacerabo
1289 556 1401 597 fame

358 628 559 671 Clausum
593 631 636 671 et
667 630 857 686 fatigans
889 632 1006 673 {irtus
1038 634 1153 674 torio
1186 631 1434 675 distraham.

852 720 1022 762 XXXII
1055 720 1151 778 (37)

241 796 324 837 160
415 797 605 838 animum
638 812 746 851 quae
781 822 834 826 —
868 823 922 827 —
959 796 1154 855 [moenis]

837 922 1153 967 HERMIONA

921 1012 943 1055 I
975 1011 1072 1071 (18)

355 1121 570 1130 ......
604 1104 687 1144 quo
719 1090 893 1131 tandem
926 1091 1019 1145 ipsa
1051 1092 1213 1133 orbitas

353 1164 748 1222 Grandaeuitasque
779 1167 894 1209 Pe'lei
927 1169 1149 1222 penuriam

353 1240 509 1298 Stirpis
542 1245 752 1286 subauxit.

907 1333 951 1376 II
983 1333 1080 1391 (13)

352 1409 547 1451 Tristitia
579 1414 706 1466 atque
739 1412 869 1453 animi
901 1407 1171 1454 intoleranda
1203 1412 1453 1454 anxiiiidine

896 1499 963 1542 III
996 1499 1092 1557 (14)

234 1575 317 1617 165
350 1609 522 1617 .....
554 1578 599 1619 ἐή
629 1592 719 1620 non
750 1592 939 1633 cernam,
970 1575 1055 1620 nisi
1086 1580 1244 1634 tagam.

320 1717 423 1750 XXX
448 1718 539 1751 Non.
563 1720 640 1757 477,
668 1720 711 1751 26
736 1720 1000 1752 ‘atliutatur
1024 1731 1087 1762 pro
1114 1720 1268 1754 adiutat.
1293 1719 1334 1752 P.
1360 1718 1554 1753 Duloreste
1578 1745 1586 1753 .
1607 1746 1614 1752 .
1635 1724 1664 1752 .'

232 1763 354 1795 XXXI
378 1763 470 1796 Non.
498 1766 578 1804 179,
608 1765 650 1796 14
675 1767 819 1798 ‘torto
844 1776 908 1808 pro
934 1768 1128 1800 tormento.
1154 1766 1192 1800 P.
1217 1765 1414 1798 Duloreste
1438 1790 1446 1798 .
1465 1789 1474 1798 .
1493 1767 1522 1797 .’
1615 1765 1756 1799 XXXII

234 1808 324 1842 Non.
350 1809 404 1847 23,
426 1811 466 1842 13
492 1813 690 1842 ‘moenes
717 1810 813 1852 apud
838 1813 985 1842 ueteres
1009 1810 1231 1842 dicebantur
1253 1820 1325 1842 non
1350 1821 1372 1841 a
1388 1810 1596 1852 largitione,
1625 1809 1752 1855 [quae]

233 1854 362 1896 ignota
388 1857 485 1894 erat,
512 1854 575 1887 sed
601 1856 879 1887 consentientes
905 1856 949 1887 acl
976 1866 1020 1887 ea
1045 1866 1138 1897 quae
1165 1855 1273 1886 amici
1297 1854 1427 1887 uelint.
1475 1854 1656 1888 Pacuuius
1681 1857 1754 1888 Du-

230 1898 382 1931 loreste:
408 1900 567 1931 animum
594 1910 687 1942 quae
716 1898 928 1942 [Sallustius
954 1900 1034 1933 bell.
1061 1899 1222 1942 Iugurth.
1250 1901 1329 1937 103,
1353 1897 1391 1943 6]
1423 1903 1497 1931 tum
1523 1899 1693 1943 largitio’
1721 1912 1752 1934 c.

232 1954 264 1985 q.
289 1953 317 1976 s.
346 1944 412 1984 (in
438 1944 669 1977 doloreste
695 1945 822 1979 Vrbin.
849 1944 943 1986 307.)
1036 1946 1203 1978 Obscura
1228 1948 1312 1977 sunt
1337 1954 1429 1986 quae
1454 1945 1592 1977 Nonius
1616 1956 1650 1988 p.
1676 1948 1754 1989 345,

232 1991 248 2019 1
279 1990 446 2021 seruauit
472 1992 652 2030 ἤπιοι-οῖ,
678 1989 916 2022 humillimum
935 1994 972 2021 et
988 1990 1271 2022 sordidissimum
1290 1993 1482 2030 quaestum
1502 1991 1614 2033 capit.
1639 1991 1753 2024 Varro

230 2044 350 2066 rerum
375 2033 613 2067 humanarum
714 2034 878 2067 Lucilius
980 2035 1118 2067 Varro
1136 2034 1372 2076 Agathone
1391 2035 1633 2068 Duloreste
1660 2035 1752 2078 (do-

233 2079 409 2111 loreste
427 2079 529 2111 Leid.
548 2091 592 2115 m.
610 2077 699 2122 pr.):
725 2081 798 2121 qui
823 2081 979 2112 merita
996 2079 1210 2112 hominem
1237 2083 1279 2112 et
1303 2089 1472 2112 seruum
1500 2080 1631 2121 facit;
1658 2082 1751 2115 unde

228 2127 266 2155 et
297 2124 513 2156 mercenarii
544 2128 580 2157 et
610 2125 822 2157 meretrices
846 2124 1028 2160 dicuntur.
1074 2125 1169 2157 idem
1193 2124 1473 2157 Eumenidibus:
1506 2126 1656 2167 primum
1680 2127 1750 2159 iste

230 2169 292 2210 qui
316 2173 432 2202 meret
456 2170 644 2202 sestertios
668 2170 844 2204 uicenos)
883 2170 928 2202 dc
954 2170 1085 2212 quibus
1111 2170 1194 2202 uide
1220 2169 1324 2212 proll.

317 2214 524 2246 HERfflONA
548 2215 566 2246 I
590 2215 680 2248 Non.
709 2216 790 2256 116,
817 2216 858 2247 15
883 2215 1238 2257 ‘grandaeuitas
1261 2217 1335 2248 ...'
1435 2214 1471 2247 11
1498 2216 1591 2248 Non.
1618 2218 1680 2258 72,
1707 2219 1750 2250 33

229 2260 471 2292 ‘anxitudo
495 2263 592 2293 ....’
700 2261 756 2292 III
782 2261 916 2293 Festus
942 2271 975 2303 p.
1002 2262 1068 2294 356
1091 2261 1140 2294 M.
1172 2261 1312 2302 ‘tagit
1336 2260 1520 2293 Pacuuius
1546 2261 1583 2292 in
1608 2261 1750 2294 Teucro

225 2321 269 2327 —
295 2308 331 2336 et
356 2309 507 2347 tagam
532 2305 626 2338 idem
653 2306 690 2337 in
715 2305 913 2338 Hermiona
933 2308 1007 2339 ...'

342 2448 419 2485 158
461 2448 638 2485 tenebrica
676 2459 761 2496 sepe
793 2449 969 2497 Scaliyer
997 2451 1036 2484 in
1071 2448 1185 2485 Varr.
1219 2449 1266 2485 de
1296 2458 1340 2484 re
1370 2461 1404 2485 r.
1438 2448 1516 2484 113
1549 2447 1746 2485 tenebricas

225 2515 330 2552 saepe
359 2505 449 2541 libri
578 2505 656 2542 159
688 2504 841 2541 clausam
874 2507 1036 2542 coniecit
1069 2505 1109 2544 0.
1142 2505 1304 2541 Iahnius
1331 2505 1466 2541 Herm.
1494 2504 1544 2555 H
1568 2503 1667 2550 232,
1708 2510 1747 2541 ut

226 2561 409 2597 Electrae
440 2563 501 2597 uel
530 2566 654 2597 mater
683 2562 746 2598 uel
766 2562 973 2609 Aeyistkus,
997 2564 1172 2598 minetur.
1277 2561 1353 2598 161
1387 2560 1482 2608 quod
1516 2566 1629 2596 [amen
1659 2561 1750 2597 libri

225 2628 296 2665 quo
328 2623 443 2654 tamen
476 2618 639 2654 Botln‘us
670 2619 755 2665 quoi
787 2618 903 2654 taincn
936 2618 1090 2654 Grotius
1187 2616 1265 2654 162
1295 2628 1360 2665 per
1389 2617 1572 2665 penuriam
1603 2617 1693 2653 libri

228 2673 306 2710 163
337 2673 486 2710 subaxet
514 2675 604 2710 libri
632 2672 772 2710 subaxil
803 2674 964 2711 Botkius
1061 2673 1139 2711 165
1171 2679 1205 2709 at
1236 2684 1309 2710 non
1340 2674 1521 2719 Bothius,
1557 2672 1747 2720 Berylcius

225 2730 383 2776 Ephem.
416 2729 508 2767 Hal.
541 2729 645 2767 1842
674 2742 715 2777 p.
746 2729 826 2767 239
865 2735 925 2766 aut
956 2741 1028 2766 non
1059 2732 1142 2766 coel.
1259 2729 1351 2765 haud
1382 2727 1593 2765 concredam
1626 2729 1748 2765 CFW

223 2787 388 2823 Mueller
405 2788 560 2833 prosod.
583 2787 710 2823 Plaut.
732 2786 833 2823 372:
859 2787 1067 2832 probarem
1089 2787 1173 2822 haut
1193 2785 1349 2832 credam,
1381 2787 1465 2822 olim
1495 2785 1582 2820 haut
1602 2796 1743 2821 cernam

222 2845 442 2889 suspicatus
558 2848 654 2891 lugat
696 2842 904 2880 Vaticanus
934 2842 963 2879 S
992 2843 1215 2881 Mommseni
1249 2840 1392 2889 (comm.
1424 2842 1535 2878 cccacl.
1569 2841 1741 2878 Ber-elin.

228 2898 333 2935 1864
364 2911 403 2945 p.
438 2898 505 2946 64)
