1942 3204
726 243 1077 280 coROLLAMVM
1538 243 1672 279 XXXV

257 354 357 399 Non
384 355 489 397 satis
518 354 682 397 faciunt
702 369 811 411 quae
830 354 874 397 in
905 369 941 396 v.
962 354 1048 396 329
1075 353 1260 395 exhibui.
1300 351 1477 395 Verrius
1499 351 1674 395 Flaccus

138 442 234 472 cum
267 430 352 470 tam
384 426 626 482 significare
658 439 784 482 posse
823 427 1000 468 ‘tamen’
1035 425 1231 480 exemplo
1269 424 1563 466 demonstrare
1605 439 1675 466 vo-

138 499 282 555 luerit,
326 498 507 554 aliquid,
552 490 666 554 quod
703 497 798 553 paci
837 497 998 552 obstet,
1041 499 1140 539 ante
1185 496 1258 538 illa
1300 499 1386 538 mvn
1414 497 1526 550 potis
1556 496 1676 550 Jmcis

128 572 261 626 potiri
293 569 575 626 praecessisse
606 570 1004 623 consentaneumst‚
1042 570 1090 610 ut
1121 568 1165 609 in
1198 568 1350 610 ceteris
1382 568 1588 622 exemplis
1621 568 1676 609 ab

137 642 285 685 eodem
306 641 496 684 collectis
517 640 629 697 quod
649 639 944 695 impedimenti
963 642 1190 694 superatur
1204 639 1366 682 voculis
1387 639 1513 694 ‘etsi’,
1534 641 1676 692 ‘cum’‚

138 716 432 771 ‘quamquam’
468 711 660 753 infertur.
718 710 891 753 Latebit
920 711 1007 753 tale
1039 711 1141 766 quid
1173 711 1217 753 in
1250 711 1335 753 illis
1368 710 1555 766 graviter
1586 725 1675 752 cor-

138 785 275 840 ruptis
311 784 410 827 illae
446 796 575 835 meae,
613 781 727 838 quod
766 781 861 825 vide
900 797 955 824 an
1000 781 1282 838 probabiliter
1325 782 1553 824 adsecutus
1593 781 1673 822 sim

136 855 365 899 scribendo

996 926 1047 967 in
1079 926 1202 968 belli
1237 925 1415 968 limine

625 997 716 1039 tam
749 997 863 1051 potis
896 996 1015 1053 pacis
1047 998 1188 1052 potiri.

256 1070 307 1114 V.
346 1072 443 1113 336.
520 1068 750 1124 Ingeniose
800 1067 1085 1111 Buechelerus
1136 1069 1220 1111 illis
1271 1070 1382 1124 apud
1439 1069 1676 1112 Varronem

139 1142 360 1198 scripturis
394 1142 496 1183 aina·
533 1142 576 1182 et
611 1140 781 1193 aliquod
816 1139 969 1195 utitur,
1007 1143 1056 1182 ut
1094 1140 1326 1195 septenarii
1365 1141 1550 1183 frustum
1589 1142 1676 1183 effi-

139 1215 225 1257 ciat
255 1214 362 1256 tale:

394 1285 590 1327 albicat
622 1284 766 1325 lumen
788 1298 797 1325 :
818 1283 997 1325 iubame
1029 1283 1073 1325 in
1106 1284 1224 1326 caelo
1256 1285 1416 1326 cerno?

256 1368 308 1411 V.
340 1367 428 1410 345
460 1382 521 1423 sq.
553 1366 721 1408 numeri
751 1367 896 1409 nescio
929 1382 1014 1423 quo
1045 1367 1173 1410 modo
1205 1368 1465 1423 claudicant,
1504 1371 1551 1410 ut
1592 1370 1674 1411 for-

137 1444 252 1483 tasse
290 1440 424 1481 eiecto
462 1438 603 1500 priore
641 1441 699 1480 est
742 1440 786 1480 et
828 1439 1105 1494 transpositis
1144 1440 1284 1481 verbis
1330 1455 1440 1481 unus
1485 1440 1677 1482 senarius

137 1511 363 1568 fingendus
395 1510 479 1552 sit:
543 1548 548 1552 a

299 1586 343 1624 et
373 1580 470 1638 quis
502 1581 642 1636 illaec,
675 1595 783 1637 quae
815 1581 927 1623 stola
959 1581 1175 1624 succincta
1206 1586 1272 1624 est
1303 1583 1509 1639 lugubri?

139 1654 230 1698 Nec
261 1653 476 1696 difficilius
502 1655 569 1694 est
600 1652 892 1707 septenarium
923 1653 1113 1708 explere:
1150 1655 1189 1696 e't
1218 1653 1303 1710 (vel
1328 1655 1406 1710 se‘t)
1435 1655 1530 1708 quis
1562 1655 1679 1697 illaec

138 1730 195 1769 cst
225 1723 440 1782 [mu'lich
472 1738 577 1778 quac
606 1723 711 1766 stom
742 1724 946 1767 succincta
977 1728 1035 1767 est
1066 1725 1262 1780 hiqubri?

258 1796 310 1839 V.
342 1795 441 1838 352.
503 1794 707 1837 Omnium
745 1798 966 1850 correptae
1003 1809 1052 1838 ex
1089 1797 1422 1851 praepositionis
1462 1798 1676 1852 exemplo-

139 1883 253 1924 rum,
290 1881 398 1924 quae
430 1866 663 1908 maximam
708 1867 876 1922 partein
914 1867 959 1908 in
997 1865 1191 1909 Muelleri
1232 1867 1435 1923 prosodia
1473 1867 1675 1910 Plautina

139 1955 179 1996 p.
200 1940 282 1982 311
310 1954 402 1995 sqq.
427 1940 470 1980 et
496 1941 704 1994 quantum
732 1937 786 1980 ad
812 1937 1061 1980 Terentium
1090 1939 1277 1994 pertinet
1302 1954 1327 1981 a
1352 1938 1443 1981 Jos.
1469 1938 1677 1982 Kraussio

140 2011 185 2053 in
218 2024 323 2052 mus.
350 2008 487 2051 Rhen.
514 2007 624 2052 VIII
650 2009 737 2052 546
759 2024 820 2066 sq.
853 2010 1033 2053 collecta
1064 2012 1107 2052 et
1137 2013 1323 2052 tractata
1354 2012 1558 2066 reperies,
1589 2026 1677 2054 non

139 2085 263 2125 tanta
293 2082 364 2124 vis·
389 2083 471 2134 est,
503 2083 552 2122 ut
581 2081 856 2123 coniunctam
887 2081 999 2124 hanc
1030 2081 1249 2124 licentiam
1282 2097 1378 2124 cum
1404 2083 1601 2139 neglecta
1632 2083 1676 2124 in

142 2151 337 2210 sequenti
380 2166 550 2208 quoque
587 2152 796 2194 vocabulo
840 2154 1007 2196 incertis
1043 2153 1257 2208 positione
1301 2154 1515 2209 patienter
1553 2169 1676 2196 aures

140 2225 336 2267 tolerent.
397 2222 577 2266 Accedit
619 2223 761 2266 inanis
800 2239 849 2267 ac
888 2225 1069 2267 molesta
1113 2227 1213 2280 post
1249 2225 1354 2267 haec
1394 2230 1675 2267 ‘summarum

142 2310 282 2339 rerum
315 2285 486 2338 ¹incerti’
529 2295 718 2337 eiusdem
757 2295 873 2338 vocis
911 2296 1127 2351 repetitio,
1173 2311 1302 2352 quam
1348 2297 1438 2338 noli
1475 2296 1676 2339 Plautino

142 2367 336 2422 exemplo
363 2366 543 2408 Poenuli
574 2381 611 2408 v.
643 2366 752 2409 1157
786 2366 982 2409 ‘restitue
1013 2370 1151 2409 certas
1184 2368 1243 2409 mi
1275 2382 1325 2409 ex
1357 2368 1532 2410 incertis
1563 2382 1676 2409 nunc

143 2439 262 2493 opes'
296 2437 539 2479 defendere:
572 2452 679 2479 nam·
706 2438 779 2494 qui
810 2438 963 2481 incerti
995 2439 1222 2481 consilium
1254 2442 1460 2494 expetunt
1491 2439 1676 2480 incertos

143 2523 253 2564 esse,
284 2511 516 2564 antequam
536 2511 710 2564 accepto
730 2510 835 2552 certi
866 2510 989 2566 fiant,
1021 2511 1117 2566 quis
1149 2498 1364 2566 doeendus
1389 2510 1510 2551 crat?
1554 2508 1675 2558 Quod

143 2582 444 2636 argumentum
469 2580 599 2622 etiam
630 2580 676 2622 in
701 2594 798 2623 eum
818 2581 949 2637 valet,
980 2581 1053 2638 qui
1079 2582 1144 2623 vel
1174 2583 1348 2624 incertos
1374 2581 1439 2622 vel
1465 2594 1513 2638 cx
1542 2579 1677 2621 dubiis

142 2654 268 2694 certos
317 2650 446 2693 scribi
488 2651 601 2694 velit.
676 2650 911 2694 Consentio
960 2652 1093 2708 igitur
1135 2668 1232 2695 cum
1275 2651 1553 2703 BuechelerO,
1603 2650 1675 2705 qui

60 2750 65 2753 -
145 2725 394 2778 corruptum
431 2721 536 2764 illud
579 2723 722 2778 ipsum
764 2723 931 2766 incertis
973 2738 1066 2766 esse
1110 2724 1351 2779 suspicatus
1394 2723 1675 2763 correctorem

149 2793 320 2835 demum
363 2807 412 2835 cx
454 2793 668 2836 addidisse
712 2795 875 2837 statuit.
943 2794 1025 2837 Sed
1070 2796 1182 2851 quod
1220 2794 1402 2837 coniecit
1446 2793 1488 2833 in
1530 2792 1677 2846 coeptis

144 2867 270 2907 certos
299 2879 333 2906 e.
367 2880 405 2920 q.
439 2880 470 2907 S.
502 2866 723 2920 paululum
762 2866 824 2908 ita
862 2866 1196 2921 immutaverim,
1234 2868 1281 2907 ut
1312 2868 1355 2906 et
1392 2863 1674 2905 consonantia

147 2949 299 2976 vocum
330 2938 373 2977 et
404 2936 693 2978 membrorum
726 2937 921 2991 parilitas
954 2939 1160 2991 servetur,
1193 2935 1305 2991 quod
1339 2935 1397 2976 sic
1430 2935 1519 2976 fiet:

1342 3018 1388 3052 c*
