1942 3204
236 206 314 247 134
838 209 884 242 M.
909 207 1146 245 PACVVIvs
1202 235 1207 244 .

804 311 946 353 XLIX
980 309 1125 367 (Teuc.
1147 312 1192 368 3)

354 415 525 423 .....
562 381 638 436 qui
669 382 843 436 stirpem
877 381 1034 424 occidit
1064 397 1206 424 meum

858 459 892 499 L
926 456 1071 514 (Teuc.
1102 458 1145 516 1)

353 528 605 570 Flexanima
635 532 857 584 tamquam
889 530 1082 584 lumpata
1114 532 1188 571 aut
1219 530 1382 572 Bacchi
1412 533 1542 574 sacris

353 603 597 660 Commota,
629 606 674 647 in
705 607 881 648 tumulis
915 606 1125 648 Teucrum
1158 609 1498 650 commemorans
1531 599 1654 651 suum

902 683 960 724 LI
994 681 1089 740 (24)

354 753 525 808 T6pper
555 756 715 808 tecum,
747 753 827 795 sist
858 756 1068 810 potestas,
1099 755 1247 797 faxsit:
1281 756 1346 797 sin
1379 760 1544 798 mecum
1578 758 1682 799 uelit
1727 766 1731 773 ¹

826 856 833 861 ·
895 831 975 872 LII
1008 829 1104 887 (18)
1422 824 1426 828 *

233 900 320 941 425
354 898 582 942 'Obstinati
615 902 787 943 exortus

870 972 973 1014 LIII
1005 971 1121 1030 (LX)

354 1041 525 1084 Seruius
563 1043 610 1084 in'
640 1028 748 1085 Aen.
780 1043 842 1085 IV
875 1043 961 1085 473
995 1046 1035 1085 ea
1072 1043 1260 1086 Pacuuio
1300 1045 1504 1087 Orestes
1545 1047 1761 1093 inducitur

234 1118 441 1173 Pyladis
475 1119 738 1162 admonitu
770 1122 983 1175 propter
1014 1121 1255 1162 uitandas
1281 1121 1462 1164 Furias
1494 1123 1761 1178 ingressus

235 1194 497 1249 Apollinis
536 1197 798 1251 templum,
841 1197 971 1238 unde
1016 1211 1122 1238 cum
1156 1198 1316 1239 uellet
1354 1199 1510 1254 exire,
1552 1200 1760 1242 inuade-

235 1272 386 1313 batur
419 1288 443 1314 a
474 1272 671 1314 Furiis’

847 1343 948 1403 LIV
981 1342 1114 1400 (LIII.
1147 1344 1223 1402 29)

354 1413 466 1456 Non.
503 1415 605 1469 111,
633 1415 689 1456 22
717 1415 877 1457 ‘facul
907 1430 986 1470 pro
1019 1415 1202 1457 faciliter
1319 1450 1326 1457 .
1358 1416 1606 1460 Afranius
1632 1414 1768 1461 Aucss

327 1519 443 1552 XLIX
475 1520 667 1553 Charisius
693 1521 709 1552 I
742 1532 774 1563 p.
801 1521 844 1554 85
870 1521 911 1553 P.
945 1522 1108 1563 ‘stirps
1147 1547 1153 1554 .
1175 1547 1180 1554 .
1204 1547 1209 1553 .
1249 1522 1416 1554 dixerunt
1440 1526 1563 1555 tamen
1589 1525 1699 1556 etiam
1723 1525 1762 1557 in

235 1564 506 1606 significatione
532 1566 669 1598 sobolis
693 1565 898 1598 masculino
923 1577 1073 1608 genere,
1099 1571 1140 1598 ut
1166 1567 1350 1611 Pacuuius
1374 1593 1381 1600 .
1397 1593 1402 1599 .
1418 1592 1426 1600 .
1443 1570 1453 1587 '
1483 1569 1651 1602 Incertus
1676 1571 1762 1602 Put-

236 1610 327 1642 schii
345 1611 388 1642 de
414 1610 573 1652 orthogr.
600 1622 634 1652 p.
653 1612 739 1643 2801
767 1612 929 1653 ‘stirps
955 1612 992 1643 in
1017 1611 1290 1654 significatione
1316 1613 1452 1645 sobolis
1477 1613 1678 1647 masculino
1703 1624 1761 1657 ge-

235 1658 358 1688 nere.’
396 1655 604 1688 Telamonis
629 1657 666 1688 in
691 1657 834 1688 Teucro
860 1657 974 1688 uerba
999 1657 1112 1689 fuisse
1136 1657 1320 1689 uidentur.
1412 1658 1441 1690 L
1463 1658 1591 1692 Cicero
1616 1659 1660 1691 de
1685 1659 1761 1692 diu.

234 1700 252 1732 I
276 1702 337 1739 36,
362 1701 405 1733 80
432 1700 493 1732 ‘fit
524 1726 530 1731 .
554 1726 559 1732 .
581 1725 589 1733 .
621 1704 660 1732 ut
685 1701 870 1743 pellantur
895 1702 1005 1734 animi
1031 1702 1302 1742 uehementIus‚
1333 1713 1444 1745 saepe
1471 1704 1584 1736 etiam
1610 1715 1698 1737 cura.
1724 1708 1760 1737 et

236 1746 383 1784 timore,
419 1745 537 1787 qualis
564 1749 620 1778 est
649 1745 712 1778 illa
739 1747 1013 1779 flexanima’
1041 1758 1071 1779 e.
1100 1758 1131 1788 q.
1157 1758 1184 1780 s.
1213 1748 1328 1779 Varro
1361 1748 1404 1780 de
1430 1748 1453 1780 l.
1480 1749 1522 1781 L.
1549 1746 1620 1782 V11
1644 1750 1686 1782 87
1711 1750 1759 1782 M.

237 1790 354 1832 ‘apud
380 1790 574 1822 Pacuium’
602 1789 671 1831 (sic
690 1792 824 1830 Flor.):
852 1791 1123 1824 ‘flexanima
1150 1797 1371 1833 tamquam
1397 1793 1645 1836 lymphata:
1674 1795 1761 1837 lym-

235 1835 348 1877 phata
374 1835 473 1867 dicta
499 1846 520 1867 a
544 1835 718 1878 lympha.’
766 1837 848 1869 Non
873 1837 1019 1869 dubium
1052 1837 1138 1878 quin
1169 1837 1213 1869 de
1239 1838 1403 1870 Hesiona
1434 1839 1524 1871 haec
1556 1839 1593 1871 in
1617 1839 1760 1872 Teucro

236 1884 386 1912 narrata
411 1881 557 1912 fuerint.
652 1882 701 1913 LI
721 1882 854 1914 Festus
880 1893 912 1923 p.
930 1883 996 1915 352
1020 1882 1066 1914 Μ.
1094 1886 1273 1925 ‘topper
1299 1883 1456 1915 fortasse
1475 1883 1577 1915 ualet
1600 1884 1639 1916 in
1666 1885 1760 1916 Enni

238 1928 281 1957 et
306 1926 443 1957 Pacui
468 1927 616 1968 scriptis
633 1943 674 1948 —
694 1927 898 1959 Pacuuius:
923 1930 1073 1969 topper’
1099 1938 1130 1962 e.
1158 1937 1189 1969 q.
1215 1937 1242 1959 s.
1336 1928 1402 1960 LII
1421 1928 1552 1961 Festus
1576 1939 1609 1970 p.
1630 1930 1692 1962 193
1710 1930 1758 1964 M.

238 1971 509 2009 ‘obstinatm
549 1970 757 2012 obfirmato,
790 1972 1061 2013 perseueranti,
1095 1977 1134 2003 ut
1167 1978 1290 2004 tenere
1321 1973 1454 2014 possit,
1486 1977 1526 2005 ut
1558 1974 1757 2007 Pacuuius:

238 2027 268 2047 o.
303 2019 354 2047 e.’
427 2016 512 2048 LIII
553 2016 689 2047 Eadem
730 2016 866 2048 habent
901 2017 1047 2059 glossae
1083 2017 1342 2049 Berolinenses
1379 2029 1444 2051 ms.
1483 2019 1568 2050 Lat.
1606 2019 1669 2054 fol.
1704 2021 1758 2053 34.

238 2062 343 2093 Hanc
372 2071 543 2092 scaenam
575 2061 795 2093 Hermionae
826 2062 938 2093 fnisse
973 2062 1182 2104 suspicatus
1211 2072 1287 2094 sum
1324 2063 1417 2096 conl.
1452 2064 1560 2106 Verg.
1592 2065 1679 2097 Aen.
1707 2065 1760 2098 III

237 2108 303 2138 330
321 2115 400 2146 sqq.
450 2106 533 2138 LIV
557 2107 599 2138 In
629 2107 787 2148 Antiopa
811 2106 903 2138 haec
921 2108 1053 2139 iactari
1070 2110 1248 2149 poterant.
1274 2109 1316 2140 In
1341 2111 1480 2148 quaest.
1502 2119 1624 2144 scaen,
1644 2120 1676 2150 p,
1695 2111 1759 2143 353

239 2150 314 2182 dixi
352 2150 444 2192 quod
494 2161 610 2192 nuper
650 2151 835 2193 Bergkius
872 2152 985 2192 symb.
1023 2152 1060 2183 in
1097 2163 1246 2194 gramm.
1282 2153 1346 2184 lat.
1387 2155 1524 2194 p.,139
1568 2154 1761 2187 adnotauit

351 2245 431 2281 422
466 2245 554 2281 [lexa
585 2247 698 2281 anima
719 2252 908 2294 -tamqumn
942 2247 1138 2284 Ciceronis
1169 2247 1303 2292 Heins.
1347 2247 1500 2285 Vindob.
1533 2250 1614 2285 flexi
1646 2251 1758 2286 anima

240 2308 263 2338 t.
287 2303 391 2338 Leid.
416 2302 452 2337 B
484 2302 683 2338 flexanimat
714 2302 915 2348 (flexanima
944 2304 1038 2339 Par.
1063 2317 1086 2340 α
1117 2303 1291 2340 ssexarant
1312 2305 1405 2341 Par.
1427 2303 1462 2351 b)
1494 2316 1620 2353 aquam
1654 2305 1756 2354 (aqua

238 2359 332 2394 Par.
356 2358 393 2404 a)
437 2359 624 2395 Varronis
653 2360 743 2395 libri
814 2359 970 2406 lumpata
990 2361 1224 2397 Bitsclielius
1253 2371 1384 2407 opusc.
1406 2360 1454 2396 II
1479 2361 1562 2398 490
1591 2361 1758 2410 limpham

249 2414 434 2451 Varronis
467 2416 595 2462 Flor.‚
630 2414 824 2452 Ciceronis
855 2416 986 2452 Heins.
1009 2417 1188 2464 lymphata
1221 2419 1342 2453 ceteri
1363 2417 1557 2454 Ciceronis
1588 2423 1623 2454 et
1665 2419 1757 2454 Var-

236 2471 342 2507 ronis
372 2473 479 2508 codd.
595 2477 655 2507 aut
685 2483 785 2508 unus
816 2474 896 2508 eod.
930 2473 1093 2519 Moseri‚
1132 2474 1305 2509 Aur-atus
1337 2478 1374 2508 ut
1405 2476 1525 2510 ceteri
1636 2474 1757 2510 bacchi

250 2528 392 2574 Varro,
418 2528 614 2564 Ciceronis
635 2528 840 2565 Palatinus
862 2540 961 2565 unus
989 2534 1081 2566 teste
1104 2529 1269 2566 Grutero
1298 2529 1427 2565 haecha
1442 2531 1659 2576 posteriore
1681 2541 1697 2564 a
1719 2533 1756 2566 in

238 2594 318 2619 ras.
342 2583 446 2620 Leid.
470 2585 505 2619 B
525 2583 654 2620 haccha
678 2587 799 2620 ceteri
912 2584 994 2620 424
1016 2582 1099 2635 sist]
1132 2586 1179 2622 sit
1201 2588 1282 2622 cod.
1307 2586 1336 2621 si
1358 2586 1519 2622 Bothius
1596 2590 1756 2633 potestas

237 2642 350 2687 uzclyo
374 2651 419 2687 po
452 2665 459 2673 .
486 2668 492 2675 .
526 2645 599 2676 stas
622 2642 703 2683 cod.
727 2646 819 2677 teste
848 2641 899 2677 H.
925 2642 1047 2678 Keilio
1069 2642 1170 2678 Mus.
1196 2643 1319 2678 Rhen.
1354 2642 1405 2678 VI
1420 2653 1460 2688 p.
1485 2641 1564 2678 626
1652 2641 1757 2677 faxsit

238 2697 267 2731 si
299 2697 382 2732 cod.
472 2696 616 2743 Topper
647 2702 763 2732 tecum
795 2698 842 2732 sit
872 2698 1034 2744 postidea
1067 2698 1190 2745 faxim,
1222 2699 1319 2734 sim.
1342 2709 1376 2734 u.
1409 2698 1561 2734 Vossius
1674 2697 1756 2734 425

239 2751 407 2788 obstinati
430 2757 576 2788 exortus
599 2755 704 2789 cod..·
734 2755 846 2789 nolim
878 2754 1086 2800 defendere
1117 2766 1202 2791 eum
1225 2755 1480 2799 Buechelero7
1514 2756 1580 2801 qui
1598 2757 1758 2800 impetus

239 2810 300 2844 uel
329 2810 485 2844 militum
507 2811 569 2845 uel
599 2814 797 2846 uentorum
827 2811 1021 2858 intelleqit.
1055 2810 1227 2846 obstinat-i
1258 2821 1407 2846 exorsus
1429 2810 1606 2854 BollziuS,
1638 2821 1755 2856 prae-

239 2870 351 2900 eunte
372 2875 521 2900 exorsus
538 2866 688 2902 Aldina.
721 2867 777 2902 An
796 2864 974 2902 obstinate
997 2869 1068 2912 uel,
1094 2872 1133 2903 ut
1161 2868 1352 2903 Vsenerus
1373 2871 1504 2906 monet,
1528 2865 1756 2902 obstinatim?
