1942 3204
297 192 376 233 198
930 196 971 228 L.
996 196 1169 230 ATTIVS

980 298 1023 341 ΙΙ
1077 299 1103 341 3

403 374 485 417 Sed
517 377 661 417 utrum
691 378 885 418 ten-aene
917 297 1077 432 motusg
1106 297 1331 439 {sonitusne
1364 377 1550 421 inferum

284 452 371 494 480
401 451 598 494 Permisit
629 453 742 495 auris
774 451 888 495 inter
918 454 1081 496 tonitra
1112 456 1155 495 ei:
1184 455 1409 497 turbines?

930 553 1173 597 HEOVBA

403 629 535 672 Vetcr
565 631 754 673 fatorum
784 632 992 674 terminus
1025 631 1084 674 sic
1115 631 1308 674 iusserat.

837 731 1252 775 NYOTEGRESIA

989 809 1012 851 Ι
1046 807 1113 866 (2)

882 886 1029 928 claeissis
1062 886 1167 928 adit:
1200 888 1456 930 occluditur:

402 960 551 1003 Feruit
595 1007 600 1012 ‚

977 1022 1020 1064 Π
1053 1014 1120 1080 (6)

403 1097 580 1140 scandit
611 1113 725 1154 oras,
757 1099 939 1141 laterum
969 1101 1088 1142 texta
1121 1098 1323 1158 [flamma]
1358 1101 1548 1144 Vulcani
1578 1117 1723 1146 uorax.

285 1216 372 1247 gere
398 1203 504 1247 saxo]
534 1205 681 1247 quidam
707 1215 752 1236 ne
779 1198 940 1247 ὕστερον
975 1200 1162 1248 πρότερον
1193 1207 1258 1248 sit,
1293 1207 1383 1240 alios
1408 1211 1566 1249 torrere,
1598 1209 1690 1242 alios
1717 1210 1815 1242 sran-

285 1261 374 1292 gere
400 1251 600 1292 accipiunt.
634 1250 768 1283 Accius
794 1251 1000 1283 Troadibus
1024 1254 1097 1284 ...’
1126 1252 1278 1291 (Extant
1304 1252 1341 1284 in
1367 1252 1444 1285 solo
1463 1253 1701 1288 Casscllano:
1727 1255 1812 1288 uide

286 1296 328 1328 G.
355 1295 522 1327 'Philonis
549 1305 669 1337 progr.
695 1295 919 1337 Naumburg.
948 1307 980 1327 a.
1008 1296 1108 1335 1856)
1140 1297 1230 1332 Non.
1248 1298 1326 1338 447,
1345 1298 1388 1330 20
1413 1298 1650 1332 ‘frendere
1676 1300 1814 1333 alicubi

286 1351 366 1372 curn
394 1341 532 1383 gemitu
557 1340 617 1373 uel
641 1340 834 1372 iracundia
858 1342 1028 1374 miserum
1053 1345 1117 1373 aut
1142 1343 1264 1374 minax
1288 1352 1418 1375 sonare
1511 1368 1518 1376 .
1542 1345 1676 1378 Accius
1701 1346 1814 1378 Troa-

287 1385 411 1418 dibus:
443 1395 549 1418 saxo
582 1386 735 1427 fruges
769 1386 981 1418 fraudas)
1105 1387 1142 1418 ΙΙ
1167 1387 1377 1420 Priscianus
1408 1388 1457 1420 VI
1487 1400 1520 1431 p.
1552 1390 1618 1422 680
1648 1391 1688 1423 Ρ.
1723 1390 1813 1423 ‘hoc

285 1441 397 1464 cornu
422 1441 518 1472 genu
544 1431 694 1471 tonitru,
722 1441 815 1473 quae
842 1434 962 1464 tamen
990 1432 1236 1473 antiquissimi
1260 1433 1499 1467 inueniuntur
1523 1435 1560 1466 in
1584 1445 1643 1466 um
1669 1446 1813 1478 quoque

284 1476 510 1519 proferentes
535 1476 572 1508 in
591 1476 717 1508 eodem
734 1485 868 1518 genere
894 1501 992 1510 .....
1003 1480 1013 1496 '
1040 1475 1219 1517 (Actius
1237 1478 1347 1510 Halb.
1425 1480 1683 1513 troiadibus
1710 1481 1813 1514 Grut.

286 1521 531 1554 droadibus
558 1519 687 1563 Sang.)
780 1521 994 1554 Addendum
1021 1522 1178 1555 fortasse
1204 1523 1274 1555 inc.
1300 1523 1371 1555 inc.
1398 1524 1474 1557 fab.
1503 1525 1694 1558 XXXVIII

376 1566 533 1599 HECVBA
563 1566 774 1599 Priscianus
808 1566 856 1598 VI
886 1578 921 1609 p.
947 1568 1011 1600 716
1042 1568 1082 1600 Ρ.
1115 1569 1301 1610 ‘quamuis
1332 1572 1459 1602 ueter
1491 1570 1604 1603 etiam
1641 1570 1814 1614 analogia

287 1611 403 1653 exigit
427 1616 467 1644 ut
499 1612 592 1644 bene
625 1612 674 1644 sit
706 1611 857 1647 dictum.
898 1612 1033 1645 Accius
1058 1613 1095 1645 in
1119 1613 1295 1646 Hecuba:
1321 1617 1427 1646 ueter
1455 1639 1463 1646 .
1485 1640 1492 1648 .
1511 1638 1520 1647 .
1543 1615 1719 1656 iusserat,
1748 1627 1814 1659 pro

283 1655 417 1689 uetus.'
464 1656 643 1696 (Actius
673 1657 799 1692 Bamb.
831 1657 942 1689 Halb.
975 1657 1128 1690 Attius
1162 1658 1265 1703 Grut.
1360 1657 1524 1694 hecuba
1547 1661 1639 1703 Reg.
1673 1662 1814 1695 ecuba

284 1702 412 1736 Bamb.
446 1702 612 1735 becula
644 1701 756 1744 Sang.
790 1701 894 1736 Grut.
930 1702 1108 1744 Karolir.)
1156 1702 1394 1746 comparauit
1428 1706 1703 1739 Heimsoethius
1737 1707 1812 1741 ind.

284 1746 412 1779 scholl.
436 1748 618 1780 Bonnens.
647 1745 772 1790 1866s7
797 1758 829 1790 p.
856 1747 908 1779 XI
933 1758 977 1780 ex
1004 1748 1190 1791 Euripidis
1215 1749 1368 1782 Hecuba
1391 1761 1427 1786 u.
1453 1752 1537 1784 584:
1569 1750 1675 1785 θεῶν
1700 1745 1815 1796 ἀναγ-

280 1794 392 1825 καῖον
419 1786 507 1825 τόδε
533 1792 634 1832 (nam
660 1793 713 1825 sic
738 1795 842 1825 extat
867 1792 1058 1835 scriptum)

373 1837 636 1870 chmouusm
662 1836 988 1880 (Noec'rnonufflm
1016 1837 1065 1871 cf.
1092 1839 1137 1871 fr.
1161 1838 1229 1873 111.
1253 1839 1319 1880 VI)
1358 1840 1464 1874 Pauli
1487 1841 1623 1874 Festus
1650 1852 1683 1884 p.
1701 1843 1745 1875 78
1761 1842 1810 1877 M.

286 1886 456 1924 ‘egrotus
482 1886 519 1915 et
545 1883 720 1926 adgretus
746 1894 791 1915 ex
808 1882 950 1916 Graeco
976 1886 1061 1916 sunt
1087 1883 1197 1916 ducta
1222 1895 1244 1916 a
1270 1885 1450 1930 surgendo
1475 1889 1512 1919 et
1529 1886 1812 1929 proficiscendo:

284 1927 380 1959 unde
406 1932 444 1960 et
469 1930 763 1970 nyctegresia
789 1929 894 1972 quasi
919 1929 1210 1971 noctisurgium.'
1250 1930 1266 1961 I
1293 1930 1382 1965 Non.
1407 1932 1489 1970 503,
1516 1933 1536 1963 2
1562 1932 1723 1964 ‘feruit
1749 1943 1812 1975 pro

287 1973 408 2004 feruet
431 1976 504 2005 ...³
544 1974 885 2016 (Nictaegressi
911 1971 1054 2015 Bamb.)
1163 1975 1197 2007 11
1223 1975 1312 2007 Non.
1339 1977 1415 2014 227,
1441 1977 1484 2008 27
1517 1979 1692 2010 ‘textus
1717 1988 1811 2010 mas-

286 2017 398 2050 culini
423 2022 481 2050 est
506 2019 665 2060 generis.
701 2019 830 2052 Neutri
853 2022 927 2052 ...⁹
954 2019 1302 2061 (Nyctegresias
1329 2021 1510 2053 scendit
1535 2021 1638 2054 Leid.
1662 2022 1812 2056 mitte-

285 2063 411 2104 gresi
436 2064 643 2096 ascindit
667 2063 793 2096 Vrbin.
819 2063 899 2107 308)

286 2187 460 2218 nocturna
492 2193 577 2217 saxo
609 2182 830 2220 Scriuerius
963 2182 1107 2219 srendas
1138 2183 1285 2220 Nonius
1316 2184 1457 2232 franges
1490 2185 1653 2222 Seruius

284 2238 365 2275 479
397 2237 462 2274 sed
491 2241 531 2275 in
562 2249 705 2275 rasura
738 2238 826 2287 (pr.>
844 2252 892 2276 m.
923 2252 998 2277 non
1027 2238 1159 2288 liquet)
1189 2241 1306 2277 Hatb.
1429 2247 1550 2278 utrum
1581 2242 1726 2279 dubium
1757 2249 1813 2280 est

287 2301 402 2331 terrac
424 2294 542 2331 Halb.
688 2300 854 2332 terracne
884 2297 1149 2334 Buechelerus
1181 2302 1296 2333 terrae
1325 2298 1413 2334 libri
1442 2299 1551 2334 terrai
1578 2299 1622 2335 L.
1647 2299 1813 2336 Mueller

285 2353 331 2388 de
361 2362 404 2387 re
434 2363 481 2388 m.
502 2350 583 2388 442
698 2353 888 2389 sonitusne
918 2350 1034 2390 inferii
1064 2353 1179 2390 Halb.
1207 2365 1255 2389 m.
1285 2355 1351 2391 alt.
1391 2354 1468 2401 (pr.
1499 2367 1546 2391 m.
1575 2367 1649 2392 non
1679 2355 1811 2403 liquet)

285 2409 475 2444 sonitusnc
514 2405 692 2457 infernum
726 2407 765 2455 (ξ
801 2421 850 2446 m.
879 2409 961 2456 alt.)
997 2410 1110 2446 Bern.
1143 2410 1331 2446 sonitusne
1361 2410 1540 2447 infernum
1574 2412 1631 2459 fr.
1665 2412 1808 2450 Amien.

287 2464 402 2512 Sany.
439 2465 544 2501 Vind.
576 2465 596 2501 b
633 2465 775 2501 sonitus
812 2466 901 2502 nerii
940 2465 1075 2502 ferrum
1115 2466 1222 2503 Grul.
1262 2467 1449 2503 sonitusuc
1485 2467 1640 2504 inferum
1676 2467 1808 2505 Delrio

399 2520 481 2557 480
510 2518 646 2569 fiuassit
674 2521 790 2569 Sccny.
823 2523 1001 2570 persuasit
1030 2522 1166 2559 Bamb.
1196 2523 1303 2559 (ἓν-ιιι.
1336 2523 1458 2560 Bern.
1483 2523 1540 2570 fr.
1563 2525 1706 2561 Amien.
1727 2525 1810 2561 Ka-

286 2601 394 2636 rolir.
504 2600 598 2635 auris
626 2601 665 2636 in
693 2612 763 2648 my.
788 2600 897 2638 Grut.
928 2582 1033 2638 aures
1058 2603 1153 2650 Req.
1259 2603 1294 2638 in
1317 2602 1423 2639 Grut.
1518 2603 1662 2639 tonitr*
1691 2602 1808 2649 (eras.

285 2668 309 2691 a
339 2660 381 2692 ut
411 2655 504 2703 uid.)
534 2657 652 2694 Hazb.
687 2657 838 2695 tonit**
867 2657 1002 2695 Bamb.
1036 2660 1194 2695 tonitrua
1226 2659 1361 2695 Bamb.
1391 2670 1437 2694 m.
1469 2658 1492 2694 2
1525 2659 1660 2694 tonitru
1691 2659 1807 2697 Halb.

286 2725 332 2748 m.
356 2711 380 2747 2
469 2711 623 2749 turbinis
654 2713 745 2762 Re9.
775 2714 948 2751 Karolir.
983 2714 1155 2751 turbineis
1186 2716 1239 2751 M.
1262 2716 1448 2752 Hertzius
1561 2714 1640 2752 481
1674 2715 1810 2752 inserat

288 2770 464 2805 Grutrm.
490 2769 511 2805 1
533 2770 706 2807 Karotir.
822 2769 903 2807 482
935 2770 1192 2807 aditocluditur
1220 2773 1309 2809 libri
1341 2773 1518 2819 plerique
1555 2770 1628 2807 adit
1657 2771 1810 2808 claditur

286 2826 390 2862 Leid.
421 2825 525 2870 addid
556 2826 708 2862 claditur
729 2827 864 2863 Bamb.
897 2827 970 2863 adit
1000 2827 1180 2864 clauditur
1201 2829 1340 2865 Aldina
1370 2827 1486 2864 aditus
1509 2827 1688 2864 clauditur
1719 2828 1808 2866 Vos-

287 2884 365 2917 sius
385 2881 472 2918 adeo
495 2882 696 2919 occluditur
717 2884 893 2920 Bomius.
916 2884 975 2920 An
996 2884 1093 2920 aditu
1114 2884 1339 2921 occluditur?
1436 2883 1519 2921 484
1549 2883 1688 2920 scandit
1711 2883 1812 2922 Can·
