1942 3204
225 195 280 237 94
829 197 878 229 M.
902 196 1142 231 Ponvws

779 299 885 342 XIX
917 297 1050 356 (Enn.
1081 298 1200 356 Dul.)

230 376 314 419 140
913 377 1125 432 extemplo
1157 375 1362 433 Aegisthi
1389 378 1517 420 fidem
1566 381 1572 385 '

345 453 660 510 Nuneupantes
692 454 950 496 coneiebunt
979 454 1186 509 p6pulum
1219 486 1393 497 .....

883 530 967 573 ΧΧ
1000 528 1101 588 (23)

346 607 438 650 Nee
471 608 662 664 grandiri
693 609 867 665 frugum
898 608 1035 650 fetum
1066 609 1192 663 posse
1223 622 1302 650 nee
1333 606 1545 651 mitfsoere

870 697 977 739 XXI
1009 695 1106 754 (13)

825 774 955 830 quid?
988 774 1103 830 quod
1133 774 1219 816 iam
1251 775 1294 816 et
1324 774 1447 816 mehe

343 850 470 907 Piget
499 853 729 907 paternum
759 852 937 908 n6men,
967 836 1212 895 maternum
1242 851 1375 907 pudet

231 928 317 971 145
347 928 528 971 Profflri.

860 1005 990 1049 XXII
1021 1004 1118 1063 (11)

346 1082 488 1126 Macte
522 1084 614 1126 esto
645 1083 825 1140 uirtute,
857 1085 1071 1140 operaque
1103 1098 1230 1126 omen
1261 1083 1468 1138 {tdprobal

867 1172 1018 1215 XXIII
1046 1170 1113 1230 (8)

347 1248 562 1306 'Amplus‚
593 1250 831 1306 rubieund6
864 1251 1005 1292 colore
1038 1252 1081 1292 et
1112 1251 1259 1306 speetu
1291 1250 1495 1304 proterue
1526 1250 1658 1292 ferox.

854 1339 1001 1382 XXIV
1035 1337 1131 1396 (22)

348 1413 403 1458 'Is
436 1415 530 1471 quis
562 1415 656 1458 est?
676 1441 731 1446 —
754 1415 835 1466 Qui
866 1417 928 1472 te,
957 1416 1041 1459 nisi
1072 1416 1194 1458 illum
1213 1418 1261 1458 tu
1288 1417 1484 1472 occupas,
1513 1416 1600 1458 leto
1621 1415 1751 1458 dabit.
1800 1434 1802 1437 ·

320 1545 408 1578 XIX
438 1547 529 1579 Non.
560 1548 622 1588 90,
651 1548 692 1579 12
725 1547 976 1589 ‘eonciere,
1009 1556 1088 1579 cum
1118 1546 1395 1589 perturbatione
1428 1555 1653 1579 commouere
1682 1570 1690 1578 .
1710 1570 1718 1578 .
1739 1570 1747 1578 .

225 1591 397 1624 Ennius
428 1591 623 1624 Duloreste
657 1616 664 1624 .
685 1616 692 1624 .
713 1594 742 1623 .’
784 1590 1034 1634 (Pacuuius
1065 1591 1234 1635 Scaliger
1264 1591 1366 1625 Coni.
1398 1602 1433 1634 p.
1459 1593 1514 1625 56.
1555 1590 1755 1624 Exciderat

228 1636 389 1669 fortasse
422 1647 502 1669 cum
532 1637 644 1669 Ennii
674 1637 800 1670 uerbis
831 1647 959 1670 nomen
989 1637 1160 1670 Pacuuii:
1194 1638 1244 1670 ef.
1270 1637 1341 1671 inc.
1372 1637 1441 1669 ine.
1467 1636 1541 1669 fab.
1566 1636 1637 1670 XII
1661 1646 1754 1679 quae

226 1682 346 1714 Ennio
372 1691 438 1714 suo
463 1682 639 1725 ascripsit
658 1682 847 1715 Vahlenus
870 1682 988 1726 Iphig.
1017 1682 1060 1717 fr.
1078 1681 1202 1715 X11**
1275 1681 1503 1715 doloreste
1528 1681 1655 1714 Vrbin.
1673 1678 1754 1724 307)

319 1726 388 1758 XX
412 1727 504 1760 Non.
527 1729 603 1770 115,
632 1728 671 1759 11
699 1727 935 1770 ‘gx-andire
958 1731 1013 1760 est
1037 1727 1211 1770 grandem
1239 1727 1361 1760 facere
1386 1752 1393 1758 .
1409 1751 1438 1759 ..
1454 1751 1461 1759 .
1491 1727 1531 1759 P.
1558 1726 1754 1759 Duloreste

233 1774 307 1806 ...⁹
340 1771 592 1815 (doloreste
618 1773 744 1806 Vrbin.
769 1772 860 1813 307).
909 1773 1010 1806 Idem
1034 1774 1117 1814 343,
1145 1773 1186 1805 16
1218 1772 1360 1804 ‘mitis
1384 1775 1442 1805 est
1465 1774 1628 1804 maturus
1651 1797 1659 1804 .
1679 1795 1688 1804 .
1709 1796 1717 1804 .
1739 1796 1748 1805 .

227 1818 269 1853 P.
294 1817 492 1850 Duloreste
516 1842 524 1851 .
545 1842 552 1850 .
574 1821 602 1850 .’
724 1818 812 1850 XXI
841 1817 934 1850 Non.
959 1819 1044 1859 424,
1068 1819 1090 1850 4
1121 1817 1279 1860 ‘pudet
1310 1820 1346 1850 et
1376 1817 1501 1860 piget
1528 1816 1596 1849 hoe
1620 1815 1752 1848 distat:

229 1862 340 1905 pudet
366 1863 461 1895 enim
484 1862 731 1896 uerecundiae
758 1866 831 1903 est,
856 1864 984 1906 pigere
1009 1863 1261 1906 paenitentiae
1283 1887 1292 1894 .
1307 1887 1336 1896 ..
1352 1886 1359 1894 .
1390 1862 1432 1897 P.
1455 1861 1654 1894 Duloreste
1677 1886 1686 1894 .
1701 1886 1708 1893 .
1724 1863 1752 1894 .’

321 1907 428 1940 XXII
451 1909 542 1940 Non.
567 1910 650 1948 342,
679 1912 695 1940 1
729 1911 947 1941 ‘mactare
974 1911 1031 1940 est
1059 1908 1178 1950 magis
1202 1918 1337 1950 augere
1367 1931 1376 1940 .
1397 1931 1404 1938 .
1425 1931 1433 1939 .
1453 1931 1461 1939 .
1491 1906 1531 1939 P.
1554 1906 1752 1939 Duloreste

313 1955 322 1971 '
406 1953 529 1986 XXIII
555 1954 686 1986 Festus
712 1964 745 1996 p.
763 1955 829 1987 330
844 1953 892 1986 M.
917 1955 1120 1996 ‘speetu,
1150 1953 1228 1985 sine
1253 1952 1527 1995 praepositione
1553 1951 1592 1983 P.
1617 1951 1656 1983 in
1679 1952 1753 1984 Du-

232 1997 367 2031 loreste
392 2009 481 2031 usus
507 2001 566 2031 est
588 2008 666 2031 cum
694 1999 748 2031 ait
770 2023 778 2032 .
793 2023 801 2032 .
816 2002 844 2031 .'
884 1998 1044 2040 Adiungi
1067 1999 1219 2032 Vossius
1243 1997 1351 2030 iussit
1375 1998 1449 2030 ine.
1476 1996 1553 2029 fab.
1578 1996 1658 2029 XX.

231 2043 350 2078 XXIV
374 2043 467 2077 Non.
493 2045 576 2085 355,
605 2045 645 2076 17
678 2046 927 2086 ‘occupare
953 2047 1009 2076 est
1033 2043 1179 2086 proprie
1209 2042 1423 2085 praeuenire
1452 2066 1460 2074 .
1481 2066 1488 2073 .
1508 2066 1517 2074 .
1537 2067 1544 2074 .
1575 2043 1615 2074 P.
1639 2041 1753 2075 Dulo-

230 2091 329 2121 reste
361 2114 368 2122 .
389 2113 397 2121 .
419 2091 447 2121 ,²
1647 2103 1653 2110 ⁴

342 2208 422 2246 140
452 2208 615 2256 exemplo
649 2208 824 2257 Scaliqer
936 2206 1013 2243 141
1045 2206 1261 2243 eonciebunt
1290 2206 1408 2252 Leid„
1439 2208 1553 2243 eliam
1582 2207 1619 2242 in
1651 2205 1701 2242 W
1728 2217 1749 2241 ιι

225 2276 430 2312 suprascr.
451 2264 636 2301 conciebat
662 2265 791 2302 Vrbin.
814 2263 1023 2301 conciebant
1045 2266 1165 2300 celeri
1242 2262 1321 2299 142
1344 2262 1481 2299 foetum
1500 2263 1591 2299 libri
1606 2274 1645 2309 p.
1669 2260 1749 2298 343

340 2322 519 2357 mitiscere
548 2332 750 2369 suprascr.
782 2332 801 2357 e
821 2321 924 2357 Leid.
949 2332 994 2367 p.
1020 2320 1098 2357 115
1129 2320 1316 2356 mitescere
1346 2321 1467 2356 celeri
1493 2319 1584 2355 libri
1603 2330 1643 2365 p.
1669 2317 1747 2354 115

343 2377 422 2414 143
454 2378 550 2426 quod
581 2379 647 2414 iam
678 2378 721 2414 L.
743 2378 909 2414 Mueller
938 2378 985 2413 de
1005 2387 1049 2413 re
1069 2388 1118 2412 m.
1139 2375 1221 2413 443
1253 2375 1432 2424 quondam
1461 2376 1551 2412 libri
1579 2375 1746 2422 quoniam

227 2435 364 2472 Iunius
395 2434 492 2482 quod
523 2435 716 2483 Berylcius
744 2436 770 2471 l.
790 2436 816 2471 l.
840 2433 891 2471 76
997 2438 1033 2469 et
1063 2428 1184 2482 mehe]
1219 2433 1272 2480 ef.
1306 2432 1563 2477 Quintilianus
1591 2431 1614 2467 1
1636 2431 1675 2476 5,
1698 2429 1748 2466 21

227 2496 264 2527 et
301 2491 387 2527 mihi
423 2491 513 2527 libri
548 2492 580 2526 ei
619 2492 702 2527 mihi
739 2495 826 2537 post
868 2489 1206 2537 Umpfenbacbium
1243 2490 1424 2526 meletem.
1463 2488 1592 2524 Plaul.
1628 2486 1672 2532 5,
1706 2487 1748 2522 L.

229 2548 396 2584 Mueller
424 2549 450 2584 l.
481 2549 507 2584 l.
545 2552 581 2584 et
611 2547 876 2584 Buechelerus
910 2548 979 2583 lat.
1017 2547 1113 2582 decl.
1144 2544 1196 2582 25
1333 2543 1412 2581 146
1452 2554 1554 2580 omen
1594 2541 1751 2591 approba

227 2604 359 2641 Delrio
394 2614 572 2652 omenque
611 2603 764 2652 asprobo
801 2603 892 2640 libri
926 2613 1104 2650 omenque
1142 2601 1301 2650 approbo
1340 2602 1423 2637 edd.
1455 2601 1536 2637 uel.-
1574 2609 1751 2647 omenque

228 2659 385 2708 approba
415 2661 499 2696 uel:
534 2671 638 2696 omen
669 2658 862 2707 comproba
892 2659 1073 2696 Alberlus
1101 2658 1271 2706 Lanyius
1301 2658 1457 2702 Quaesl.
1488 2660 1596 2693 metr.
1621 2667 1663 2701 p.
1699 2654 1747 2690 11

343 2717 422 2753 147
453 2722 652 2764 propteruo
675 2717 770 2763 cod„
800 2717 902 2763 quod
919 2725 1045 2762 nuper
1064 2714 1273 2761 defendere
1294 2717 1457 2751 conatus
1477 2718 1533 2749 est
1553 2711 1750 2759 Beryk-ius

229 2774 375 2810 annall.
400 2773 550 2820 philoll.
585 2772 690 2810 1869
719 2784 760 2819 p.
782 2771 883 2821 4793
917 2783 1019 2810 corr.
1053 2770 1214 2807 Vrsinus
1320 2769 1399 2806 148
1433 2774 1466 2804 te
1495 2769 1564 2804 nisi
1598 2768 1750 2805 Vossius

230 2834 314 2865 tunc
343 2830 373 2866 si
401 2830 492 2866 libri
583 2828 680 2865 dabit
711 2829 932 2865 Scriuerius
960 2827 1058 2864 dabis
1087 2827 1176 2864 libri
1271 2836 1398 2875 quem,
1428 2826 1458 2861 si
1488 2824 1588 2860 illum
1620 2829 1658 2859 tu
1689 2834 1748 2859 oe-

228 2896 358 2933 eupas‚
390 2886 463 2922 leto
494 2885 592 2922 dabis
623 2886 873 2922 Her-mannus
