1942 3204
243 206 326 247 218
719 247 730 250 μ
886 203 937 239 Lg
954 206 1125 239 ATTIVS

899 310 982 352 XV
1015 308 1111 366 (14)

363 386 507 428 Flucts
536 388 698 429 cruoris
730 388 1007 429 uoluerenbur
1036 384 1168 443 My‘sii

360 652 503 708 Atque
536 652 579 694 sd
612 667 691 708 ego
725 668 891 707 semper
923 651 984 694 sse
1016 668 1182 695 1116611111
1214 653 1330 708 agito
1363 655 1406 694 et
1437 654 1658 709 o6mparo,

243 730 328 771 635
361 730 452 779 Quo
484 731 610 784 paeto
643 744 845 785 magnam
877 730 1034 772 molem
1065 730 1257 772 minuam
1308 763 1315 771 .
1367 763 1375 771 .
1426 763 1435 771 .

362 884 520 926 Tereiis
552 883 762 926 indomito
794 885 911 925 more
944 886 1071 939 atque
1103 884 1246 926 animo
1279 884 1462 926 barbaro

360 960 593 1016 Conspexit
624 976 734 1002 eam:
765 961 867 1002 hino
898 963 1041 1003 amore
1073 976 1222 1003 uecors
1253 961 1467 1016 flammeo,

359 1038 592 1093 Depositus
623 1038 790 1080 facinus
821 1038 1054 1093 pessimum
1086 1053 1136 1080 ex
1168 1038 1382 1080 dementia

363 1113 601 1171 Confingit.

241 1269 327 1311 640
359 1302 367 1310 .
430 1302 439 1310 .
501 1284 525 1311 o
559 1285 735 1312 suauem
766 1268 941 1325 linguae
973 1269 1179 1312 sonitum!
1212 1284 1236 1311 o
1269 1269 1450 1311 dissei’nas

363 1345 699 1402 Conspl'ran'num
731 1346 914 1389 animae!

920 1423 985 1466 IV
1018 1421 1084 1480 (4)

359 1499 498 1542 Delim
513 1499 789 1557 Cadmogena
807 1502 959 1543 natum
974 1499 1139 1543 Semela
1159 1500 1306 1542 adfare
1326 1503 1369 1543 et
1382 1501 1642 1543 famulanter
1654 1503 1764 1557 pesse.

333 1630 399 1663 XV
423 1630 513 1663 Non.
538 1632 624 1672 488,
659 1632 698 1663 11
733 1631 893 1664 ‘flueti
924 1641 988 1674 pro
1019 1631 1176 1663 fluctus.’
1269 1631 1461 1664 Inserendi
1490 1632 1649 1665 fortasse
1677 1643 1763 1665 aua-

239 1676 362 1716 paesti
386 1675 459 1708 inc.
483 1676 556 1708 inc.
582 1676 657 1709 fab.
683 1676 818 1709 XVIII.
1722 1708 1736 1718 ,

326 1717 475 1757 Tafluvs
502 1721 652 1763 primum
678 1725 763 1754 aeta
789 1731 820 1754 a.
839 1722 916 1762 650,
943 1722 975 1754 si
1000 1724 1175 1761 accurate
1202 1720 1330 1754 Cicero
1355 1721 1447 1757 Phil.
1473 1722 1490 1754 I
1508 1723 1562 1765 15,
1581 1723 1623 1755 36
1647 1721 1763 1765 loqui-

239 1767 315 1804 tur;
341 1767 500 1808 repetita
517 1766 630 1800 Nonis
654 1766 759 1799 Iuliis
784 1777 817 1799 a.
836 1768 902 1800 710
926 1766 1020 1799 ludis
1045 1766 1339 1809 Apollinaribus:
1365 1766 1494 1800 Cicero
1519 1778 1575 1810 ep.
1601 1767 1646 1800 ad
1667 1768 1762 1800 Atti-

239 1820 319 1842 cum
343 1810 429 1843 XVI
453 1812 486 1845 2.
512 1813 542 1844 5.
572 1814 603 1844 1.
630 1813 651 1844 4
676 1809 738 1853 (ef.
763 1811 830 1844 XV
856 1813 909 1843 12.
935 1813 977 1845 18
1002 1812 1098 1847 Phil.
1124 1812 1159 1844 11
1185 1813 1243 1851 13,
1271 1813 1312 1845 31
1338 1812 1354 1844 Ι
1381 1813 1434 1852 15,
1460 1814 1503 1846 36
1528 1813 1560 1845 X
1577 1813 1611 1854 4,
1629 1812 1676 1853 8).
1705 1811 1761 1845 Cf.

238 1859 380 1896 quaest.
407 1866 505 1888 scen.
532 1867 566 1898 p.
592 1859 656 1890 326
683 1867 736 1899 sq.
798 1857 816 1889 1
839 1856 932 1891 Non.
958 1858 1040 1896 256,
1068 1858 1109 1889 19
1140 1860 1424 1900 ‘comparare
1458 1861 1605 1890 ueteres
1634 1857 1762 1890 confir—

236 1911 336 1933 mare
363 1904 402 1933 et
420 1902 642 1935 constituere
667 1902 838 1934 dixerunt
861 1926 870 1935 .
883 1927 891 1934 .
905 1927 913 1935 .
936 1902 1072 1934 Accius
1089 1901 1276 1944 Eurysace
1299 1926 1306 1934 .
1321 1927 1329 1934 .
1345 1927 1352 1935 .
1375 1902 1470 1935 idem
1493 1903 1532 1935 in
1548 1902 1664 1936 Tereo
1687 1927 1695 1935 .
1710 1927 1718 1935 .
1732 1906 1761 1935 .’

328 1946 363 1978 II
388 1946 479 1981 Non.
505 1948 588 1988 279,
613 1949 655 1980 22
682 1946 926 1989 ‘deponere
952 1951 1007 1980 esi
1033 1947 1248 1989 desperare,
1274 1947 1368 1980 unde
1394 1950 1430 1980 et
1455 1947 1612 1990 depositi
1638 1947 1762 1990 despe-

236 1991 309 2022 rati
333 1991 504 2023 dicuntur
527 2017 535 2025 .
550 2017 558 2026 .
573 1995 601 2026 .’
679 1992 734 2026 111
751 1993 843 2026 Non.
863 1993 919 2034 96,
937 1993 980 2025 25
1006 1991 1247 2032 ‘dulcitas‚
1274 1992 1464 2025 dulcitudo
1488 2003 1552 2035 pro
1576 1992 1759 2026 duleedo.’

329 2037 377 2069 IV
402 2036 493 2068 Non.
514 2038 589 2078 111,
607 2039 649 2070 27
677 2037 975 2070 ‘famulanter
999 2047 1064 2079 pro
1090 2036 1329 2079 suppliciter!
1364 2037 1466 2070 Idem
1489 2038 1568 2079 463,
1593 2039 1637 2070 24
1661 2038 1760 2070 ‘ad-

239 2080 328 2112 fari
352 2092 425 2113 non
450 2081 564 2114 solum
590 2082 808 2124 respondere
832 2082 893 2115 uel
919 2082 1098 2120 fabulari,
1124 2082 1189 2114 sed
1215 2083 1326 2114 etiam
1353 2092 1484 2125 rogare
1508 2083 1694 2125 positum.²

329 2212 407 2249 633
440 2213 677 2250 uoluerentur
697 2213 800 2250 Leid.
827 2213 958 2250 Bamb.
980 2212 1176 2249 uoluerunt
1196 2215 1315 2250 celeri
1332 2213 1423 2250 libri
1440 2213 1542 2250 saluo
1566 2210 1640 2262 (uel
1661 2214 1760 2251 uolui

238 2269 299 2305 uel
326 2267 430 2316 noto)
460 2269 649 2306 lucrentur
680 2271 764 2307 olim
796 2272 944 2307 conieci
1034 2269 1134 2318 Mysii
1165 2271 1432 2307 Buechelerus
1461 2271 1547 2307 mihi
1575 2271 1666 2307 libri

237 2324 317 2362 634
347 2325 398 2361 sic
428 2336 568 2362 meeum
601 2326 753 2363 Vossius
782 2337 922 2363 mecum
951 2327 1003 2363 sic
1031 2327 1121 2363 libri
1149 2337 1286 2363 mecum
1317 2327 1347 2363 si
1378 2329 1475 2364 coni.
1497 2327 1761 2364 Buechelerus

349 2381 429 2419 635
460 2393 623 2430 magnam
659 2382 789 2419 molem
829 2384 982 2419 minuam
1021 2384 1102 2420 edd.
1144 2393 1307 2432 magnam
1345 2383 1439 2420 olem
1478 2383 1620 2420 nimiam
1657 2383 1758 2431 libri,

235 2440 311 2475 nisi
339 2439 442 2486 quod
475 2439 629 2474 minuam
668 2441 707 2475 in
748 2440 867 2477 Vatic.
898 2439 1006 2477 2916
1037 2440 1162 2476 chart·
1193 2443 1312 2476 coelat.
1430 2441 1576 2486 Explet
1605 2450 1759 2477 uersum

236 2495 397 2531 Bothius
428 2496 553 2532 addito
585 2495 747 2531 miseriae
835 2495 913 2533 637
946 2507 1021 2532 eam
1051 2492 1154 2546 hine]
1185 2496 1221 2532 in
1252 2506 1329 2532 eam
1357 2497 1446 2533 libri
1473 2496 1557 2533 hinc
1584 2497 1758 2534 Bueche-

234 2553 342 2588 lerus
419 2550 581 2587 flammeo
603 2551 739 2588 Iunius
759 2554 798 2588 in
819 2564 890 2600 my.
913 2551 1095 2588 flammeos
1113 2553 1204 2589 libri
1223 2551 1405 2589 flammeus
1426 2554 1539 2600 uulyo
1626 2551 1707 2590 640
1737 2564 1758 2589 0

233 2608 382 2653 Ianam,
413 2619 481 2644 om.
512 2607 602 2644 libri
721 2607 799 2645 641
833 2609 1099 2656 conspirantum
1131 2609 1296 2646 Botlzius
1325 2609 1567 2657 conspiratum
1598 2609 1649 2644 W
1673 2620 1758 2645 6011-

234 2664 400 2712 spiritum
432 2666 551 2700 ceteri
585 2665 676 2701 libri
703 2665 941 2712 conspirantis
970 2665 1102 2702 Delrio
1140 2666 1341 2713 conspirata
1380 2666 1464 2702 olim
1503 2666 1650 2702 conieci
1676 2676 1757 2701 cum

234 2721 346 2768 spirat
377 2721 643 2758 Buechelerus
771 2721 966 2757 animarum
996 2721 1159 2758 Bolkius
1296 2719 1375 2758 642
1407 2720 1514 2757 deum
1543 2720 1758 2769 Cadmigena

234 2782 355 2812 natum
387 2776 525 2813 Semela
546 2778 696 2814 Vossius
726 2777 829 2813 deum
852 2776 982 2814 Cadmo
1004 2782 1214 2826 generatum
1245 2776 1355 2813 semel
1373 2777 1463 2814 libri
1477 2788 1517 2823 p.
1539 2775 1620 2814 463
1652 2777 1757 2813 deum

235 2832 405 2869 Caunoue
443 2839 564 2869 natum
595 2833 733 2870 Semela
769 2834 860 2870 libri
884 2845 924 2880 p.
957 2833 1034 2870 111
1067 2833 1172 2870 deum
1211 2833 1340 2869 Cadmo
1379 2838 1589 2882 generatum
1619 2833 1756 2869 Semela
1789 2832 1794 2838 ’

235 2889 440 2926 Mero-erus
471 2889 577 2926 deum
606 2889 878 2938 Cadmigenam,⁴
908 2894 1029 2926 natum
1051 2889 1189 2926 Semela
1209 2890 1341 2926 Delrio
1427 2888 1531 2925 affare
1562 2895 1599 2926 et
1623 2889 1755 2927 Bamb.
