1942 3204
281 193 365 235 244
605 193 670 227 Ex
695 171 920 229 morsuve
945 166 1263 227 iNCERTORVM
1286 193 1495 229 FABVLIS

950 298 1141 342 XXXIV

1286 359 1425 402 uictor
1454 357 1647 402 insolens

399 434 681 491 'Ignominiae
714 437 758 478 se
790 436 935 479 dolore
967 434 1132 478 uictum
1163 450 1253 478 non
1284 434 1428 491 potuit
1459 436 1561 491 pati.

962 513 1131 556 XXXV

400 589 566 632 Ferron
599 605 655 632 an
686 585 778 633 fato
812 591 982 633 moerus
1014 589 1226 647 Argiuom
1258 590 1442 633 occidit?

949 667 1142 711 XXXVI

311 745 367 787 70
400 744 563 787 Tetuh‘t
595 745 739 787 senilis
771 745 907 788 Poeas
940 745 993 787 ad
1026 746 1191 788 caelum
1222 751 1395 787 manua

870 822 1085 865 XXXVII
1117 820 1214 880 (28)

396 899 622 943 Nocttirno
654 899 774 943 aditu
805 901 973 943 occulta
1005 900 1205 943 coluntur

392 1019 544 1052 XXXIV
570 1018 698 1053 Cicero
724 1030 789 1062 pro
815 1020 953 1052 Scauro
978 1021 998 1052 3
1024 1030 1057 1062 p.
1082 1021 1124 1052 75
1147 1019 1302 1060 Peyron.
1335 1015 1391 1060 (A.
1412 1018 1489 1051 Mai
1513 1021 1611 1052 auct.
1637 1017 1746 1051 class.
1772 1018 1809 1051 11

278 1064 360 1106 289)
388 1064 520 1107 ‘quid?
553 1065 588 1096 in
622 1066 788 1097 omnibus
819 1066 1059 1097 monumentis
1085 1064 1284 1103 Graeciae,
1317 1073 1409 1105 quae
1443 1068 1527 1097 sunt
1557 1063 1680 1098 uerbis
1705 1073 1808 1097 orna-

279 1111 376 1142 tiora
404 1120 511 1153 quam
537 1111 656 1149 rebus,
684 1110 765 1152 quis
782 1110 979 1146 inuenitur
1007 1120 1087 1142 cum
1114 1111 1160 1143 ab
1186 1109 1326 1142 Aiace
1352 1108 1560 1152 fabulisque
1582 1109 1808 1155 discesseris,

279 1157 340 1198 qui
365 1158 488 1188 tamen
514 1155 592 1197 ipse
619 1155 893 1198 ignominiae
920 1155 1091 1194 dolore,
1117 1158 1158 1187 ut
1181 1155 1234 1187 ait
1260 1156 1387 1197 poeta,
1413 1155 1566 1187 uictor
1594 1180 1602 1188 .
1623 1179 1631 1187 .
1692 1149 1806 1197 pati',

280 1204 428 1243 praeter
459 1200 718 1233 Atheniensem
751 1200 1054 1242 Themistoclem,
1088 1200 1150 1242 qui
1182 1210 1220 1232 se
1252 1201 1330 1243 ipse
1361 1203 1475 1232 morte
1501 1199 1714 1233 multauitP’
1763 1200 1807 1232 In

277 1246 373 1278 Attii
393 1245 600 1278 Philocteta
626 1245 718 1279 haec
743 1249 895 1279 narrata
919 1246 1033 1278 fuisse
1057 1246 1207 1278 conieci.
1287 1244 1422 1278 XXXV
1449 1245 1701 1285 Quintilianus
1719 1244 1808 1278 VIII

278 1292 388 1333 6,10
413 1289 563 1333 (dicitur
587 1291 630 1323 de
658 1290 960 1333 translatione)‘
972 1301 1036 1334 pro
1061 1291 1170 1324 rebus
1197 1289 1418 1322 animalibus
1443 1291 1627 1324 inanima·
1661 1290 1805 1323 ferro’

278 1347 308 1368 e.
335 1347 368 1379 q.
394 1346 422 1368 s.
472 1336 624 1378 Tragici
654 1346 798 1369 uersum
830 1337 984 1378 agnouit
1017 1337 1178 1368 Muretus
1204 1336 1288 1369 Vim
1320 1335 1424 1367 Lect.
1458 1336 1546 1368 XIX
1570 1338 1609 1377 2,
1641 1338 1679 1368 et
1711 1336 1807 1368 satis

279 1381 435 1424 quadrat
461 1392 504 1413 ex
531 1381 723 1434 Sophoclis
749 1382 959 1416 Philocteta
983 1380 1214 1432 Neoptolemi
1253 1381 1298 1414 de
1329 1380 1474 1413 Achille
1507 1381 1644 1414 dictum
1675 1392 1709 1413 u.
1740 1381 1807 1414 334

277 1393 471 1470 τέθνηκεν
498 1419 642 1469 ἀνδρὸς
668 1421 850 1468 evomas,
883 1425 982 1460 θεοῦ
1008 1419 1045 1459 δ’
1073 1436 1148 1461 υπο
1172 1438 1206 1460 κ.
1231 1437 1262 1459 τ.
1289 1426 1339 1464 L,
1365 1429 1404 1457 ut
1428 1426 1473 1458 ad
1498 1427 1594 1460 Attii
1618 1425 1806 1459 Philocte-

277 1475 350 1503 tam
383 1472 476 1504 haec
507 1471 751 1514 probabiliter
781 1473 1002 1505 referantur.
1118 1470 1274 1504 XXXVI
1304 1471 1454 1513 Pompei
1489 1474 1733 1504 commentum
1769 1471 1814 1503 in.

278 1517 393 1550 Keilii
426 1527 577 1559 gramm.
602 1517 704 1550 Latt.
731 1519 762 1552 V
788 1529 822 1561 p.
849 1518 918 1550 296
949 1516 1111 1560 ‘figurae
1142 1515 1232 1549 fiunt
1265 1526 1380 1549 causa
1411 1521 1564 1550 mnatus
1600 1542 1608 1550 .
1627 1541 1636 1550 .
1660 1541 1668 1549 .
1705 1519 1804 1559 puta:

277 1561 445 1595 tetulit
560 1572 727 1595 manus.
769 1562 935 1596 tetulit
958 1573 1023 1605 pro
1049 1574 1090 1595 eo
1117 1561 1211 1604 quod
1236 1564 1293 1594 est
1318 1561 1414 1596 tulit.
1441 1562 1567 1595 stabat
1590 1561 1653 1595 ille
1677 1570 1808 1595 uersus

276 1618 323 1640 an
350 1609 447 1640 non?
474 1608 504 1640 si
531 1609 652 1650 potuit
678 1611 778 1641 stare
803 1618 948 1647 uersus,
977 1611 1087 1650 puta·
1112 1607 1248 1640 tulit.
1297 1632 1304 1640 .
1329 1617 1499 1648 manus,
1525 1611 1562 1640 et
1585 1607 1651 1640 ille
1676 1606 1806 1639 maluit

276 1653 400 1685 dicere
427 1652 588 1685 tetulit
613 1663 677 1695 pro
697 1664 740 1686 eo
757 1654 852 1696 quod
879 1657 936 1686 est
954 1653 1050 1692 tulit,
1076 1652 1230 1696 figuram
1257 1653 1359 1693 feeit,
1386 1652 1423 1685 id
1441 1656 1497 1685 est
1514 1652 1689 1686 schemae
1714 1650 1807 1684 Con-

275 1698 389 1730 sentii
419 1708 479 1730 ars
510 1697 597 1730 ibid.
632 1709 666 1741 p.
697 1665 779 1732 38⁵7(l
794 1698 998 1742 ‘prothesis
1031 1702 1088 1731 est
1118 1697 1302 1739 syllabae:
1339 1678 1502 1731 t'etulit
1536 1722 1545 1732 .
1567 1723 1574 1730 .
1597 1722 1605 1731 .
1642 1707 1805 1730 manus.

276 1743 372 1775 dixit
397 1743 491 1776 enim
518 1743 676 1778 tetulit
700 1755 765 1788 pro
790 1755 833 1778 eo
859 1743 954 1787 quod
981 1747 1037 1777 est
1066 1743 1179 1776 tulit)
1294 1743 1469 1776 XXXVII
1494 1742 1623 1776 Cicero
1657 1742 1702 1776 de
1727 1745 1806 1774 nat.

275 1876 370 1924 Rey.
392 1875 492 1912 Piclz.
517 1874 612 1912 Gud.
638 1875 767 1912 Brux.
800 1886 875 1912 rem
904 1875 1057 1924 perfecit
1088 1885 1213 1912 manus
1243 1887 1279 1924 p.
1300 1886 1329 1912 r.
1351 1874 1372 1910 i.
1396 1875 1515 1911 Bern.
1548 1873 1700 1922 perfecit
1730 1884 1804 1910 rem

274 1943 400 1968 manus
431 1943 465 1980 p.
498 1943 527 1968 r.
559 1932 580 1968 i.
604 1930 726 1969 Rehd.
757 1931 897 1981 perficit
918 1932 1047 1968 Marius
1078 1943 1113 1980 p.
1137 1944 1165 1968 r.
1197 1932 1218 1968 i.
1242 1931 1369 1968 Marb.
1402 1930 1551 1979 perfec-it
1580 1941 1655 1966 rem
1683 1940 1805 1976 manu,

276 1999 304 2024 r.
330 2000 362 2036 p.
388 1990 410 2024 i.
433 1989 522 2025 libri
537 1990 715 2037 plerique
745 1999 821 2025 rem
850 1988 1002 2037 perfecit
1033 1999 1157 2034 manu,
1189 1999 1263 2024 rom
1294 1988 1456 2024 restituit
1483 1987 1664 2023 insaniens
1686 1985 1804 2023 Bent-

273 2046 372 2082 leius
401 2056 477 2081 rem
508 2045 644 2091 erexit,
676 2044 851 2093 proelium
883 2045 1044 2082 restituit
1074 2055 1198 2080 manus
1219 2044 1398 2080 insaniens
1422 2044 1575 2081 Grotius
1595 2043 1694 2079 Bibl.
1718 2045 1803 2079 crit.

274 2113 361 2138 nou.
384 2102 448 2139 IV
475 2101 604 2138 refecit
635 2112 733 2149 rem,
764 2112 871 2138 manu
901 2101 1061 2138 restituit
1087 2100 1266 2150 proelium
1293 2100 1476 2137 insaniens
1499 2100 1719 2148 Seyffertus

276 2158 461 2194 insaniens
482 2158 688 2205 Kayserus
709 2158 886 2195 Ciceroni
904 2159 1034 2195 tribuit
1121 2157 1172 2194 67
1195 2168 1252 2205 sq.
1276 2157 1472 2194 Ciceronis
1502 2157 1623 2194 uerba
1654 2155 1804 2203 ignomi-

273 2214 352 2251 niae
373 2214 499 2251 dolore
519 2215 635 2251 uictor
654 2214 814 2251 insolens
829 2226 869 2251 se
887 2215 1021 2251 uictum
1033 2226 1072 2250 n.
1090 2225 1126 2262 p.
1144 2225 1180 2262 p.
1204 2215 1438 2261 transposui,
1460 2224 1548 2250 nam
1559 2223 1704 2259 parum
1717 2212 1803 2259 pla·

273 2275 360 2308 cent
381 2272 530 2308 senaria·
547 2273 683 2320 quales
702 2269 919 2320 ignominiae
941 2270 973 2307 d.
992 2282 1030 2308 u.
1051 2272 1075 2307 i.
1104 2272 1110 2317 1
1145 2299 1154 2308 .
1174 2299 1182 2308 .
1202 2299 1211 2308 .
1231 2299 1239 2309 .
1268 2281 1307 2307 se
1328 2281 1364 2309 u.
1386 2281 1421 2310 n.
1438 2282 1474 2319 p.
1496 2281 1530 2318 p.
1607 2269 1659 2306 69
1682 2268 1803 2304 ferron

275 2339 320 2364 an
342 2327 416 2364 sato
438 2328 704 2366 Buechelerus
723 2328 821 2365 ferro
842 2339 885 2364 an
907 2327 981 2364 sato
1003 2329 1126 2365 Bern.
1149 2327 1283 2364 Bamb.
1305 2326 1403 2363 ferro
1433 2337 1507 2363 non
1536 2325 1610 2363 sato
1630 2325 1802 2362 Ambros.

274 2384 432 2421 Monae.
455 2385 592 2421 Bamb.
614 2397 661 2421 m.
686 2384 710 2420 2
741 2384 839 2422 ferro
869 2395 960 2421 anne
981 2384 1055 2421 sato
1076 2383 1255 2421 Muretus
1284 2383 1374 2430 sato,
1404 2394 1478 2420 non
1500 2382 1597 2419 ferro
1618 2382 1800 2430 adfirma-

273 2442 352 2478 tiua
384 2443 572 2478 sententia
604 2443 688 2479 olim
719 2442 924 2479 edideram.
1022 2451 1167 2477 moerus
1194 2440 1328 2477 Bamb.
1362 2439 1455 2476 Tur.
1485 2452 1533 2476 m.
1561 2450 1623 2485 pr.
1658 2448 1802 2475 omerus

273 2498 400 2535 Ambr.
433 2508 573 2534 maerus
603 2498 749 2546 Guelfs,
783 2510 852 2535 om.
885 2498 993 2534 Goth.
1028 2497 1132 2534 Voss.
1162 2497 1184 2533 h
1214 2506 1381 2533 emoerus
1409 2497 1518 2533 Flor.
1544 2494 1680 2532 Bamb.
1710 2493 1800 2530 m.‘2

273 2564 439 2591 emoerus
469 2553 527 2590 uel
549 2565 721 2591 numerus
748 2555 838 2592 Tur.
857 2567 904 2591 m.
924 2556 990 2591 alt.
1013 2554 1096 2591 enio
1118 2553 1195 2590 eius
1211 2553 1368 2590 Monac.
1392 2563 1538 2600 moesus
1566 2561 1636 2588 ms.
1657 2551 1804 2587 Mureti

275 2611 390 2647 uirtus
412 2613 543 2647 ceteri.
583 2610 631 2647 In
652 2613 719 2648 illa
742 2622 761 2647 c
782 2613 913 2649 uocali
927 2611 1101 2658 fortasse
1122 2609 1194 2646 heu
1214 2611 1318 2655 latet,
1343 2610 1445 2656 quod
1460 2609 1724 2656 praepositum
1746 2608 1801 2643 sic

273 2666 361 2704 heu!
394 2665 491 2703 ferro
522 2665 597 2715 (uel
626 2667 695 2704 heu
721 2667 727 2715 Ι
755 2666 891 2714 serron)
922 2679 965 2704 an
987 2667 1062 2704 fato
1084 2668 1219 2703 melius
1245 2677 1359 2714 quam
1390 2667 1575 2702 insertum
1603 2664 1727 2700 serron
1755 2673 1798 2699 an

274 2723 300 2759 f.
324 2723 395 2760 heu
416 2734 463 2760 m.
486 2724 525 2759 A.
548 2735 581 2762 0.
602 2726 772 2771 placeat.
845 2724 1009 2772 argiuum
1030 2723 1185 2760 Monac.
1208 2722 1341 2758 Bamb.
1365 2733 1412 2758 m.
1436 2720 1459 2757 2
1481 2731 1607 2768 argum
1628 2719 1798 2756 Ambros.

359 2780 412 2818 70
441 2779 547 2816 senili
566 2780 695 2817 Paris.
719 2780 869 2818 Cosinili
892 2780 1023 2818 Berol.
1046 2780 1205 2827 Pompei
1228 2779 1350 2815 senius
1374 2773 1567 2815 Consentia·
1585 2777 1740 2814 Monac.

272 2835 383 2872 Poeas
413 2836 699 2874 Lindemannus
729 2842 854 2886 poetas
884 2837 1011 2874 Paris.
1035 2836 1063 2873 C
1090 2836 1222 2873 Berol.
1253 2839 1359 2884 poeta
1389 2834 1540 2870 Pariss.
1563 2833 1644 2870 BP
1672 2830 1797 2881 (infra

272 2897 395 2940 poetas
428 2893 544 2929 Parr.
571 2893 643 2930 BC
667 2893 807 2939 Berol.)
830 2894 986 2941 Pompei
1014 2893 1128 2930 hostis
1161 2892 1384 2930 Consentius
1479 2890 1528 2928 71
1563 2888 1703 2926 occulta
1736 2898 1795 2924 co-
