1942 3204
229 183 256 223 4
744 188 905 222 LIVIVS
931 189 1237 223 ANDRONICVs

920 293 962 334 ΙΙ
995 291 1061 350 (2)

261 379 316 420 25
348 378 490 421 Nimis
522 381 593 434 pol
627 381 899 434 inpudenter:
934 383 1066 424 seruis
1098 384 1444 438 praestolabas?.
1466 419 1502 426 ..

915 483 980 524 III
1013 483 1080 540 (3)

347 567 453 625 ‘Ego
487 585 677 624 puerum
702 564 914 627 mim-ea&
926 573 1124 614 ancillae
1139 564 1344 651 subdam}x
1354 575 1590 659 lactante
1619 590 1749 631 meae,

347 646 413 687 Ne
444 647 556 688 fame
589 636 787 702 perbitat.
1715 663 1748 688 25

908 738 971 780 IV
1004 737 1070 794 (4)
1382 794 1385 798 .

1291 817 1470 871 credito,

345 890 451 931 (funi
483 888 583 931 illoc
618 891 690 932 olli
722 892 816 932 mezi
848 892 1071 933 uoluntate
1104 896 1337 947 numquam
1368 893 1537 935 limaust
1569 897 1705 948 caput.

941 991 1044 1033 INOV

227 1079 508 1120 Terentianus
540 1079 716 1121 Maurus
753 1081 881 1122 1931:

285 1156 433 1198 Liuius
465 1157 535 1197 ille
569 1159 692 1199 uetus
725 1156 852 1199 Graio
886 1158 1140 1213 cognomine
1174 1174 1274 1200 suae

284 1233 441 1274 Inserit
472 1233 599 1275 Inoni
632 1248 800 1289 uersus,
831 1236 955 1289 puto,
986 1235 1071 1276 tale
1105 1235 1316 1277 docimen:

282 1308 528 1351 Praemisso
553 1303 696 1353 heroo
719 1311 940 1366 subiungit
971 1326 1155 1367 namque
1188 1313 1376 1367 miuron,

282 1386 502 1441 Hymnum
535 1388 707 1442 quando
740 1389 894 1430 chorus
926 1388 1036 1430 festo
1070 1389 1185 1430 canit
1217 1404 1288 1431 ore
1321 1389 1502 1431 Triuiae.

281 1463 352 1505 ‘Et
383 1465 468 1505 iam
501 1479 715 1520 purpureo
749 1480 870 1507 suras
901 1466 1071 1508 include
1104 1466 1333 1521 cothurno,

281 1540 470 1582 ‘Balteus
503 1544 545 1583 et
576 1545 749 1584 reuocet
780 1543 976 1584 uolucres
1009 1543 1055 1584 in
1086 1546 1257 1598 pectore
1291 1544 1427 1598 sinus,

280 1617 527 1673 ‘Pressaque
560 1619 645 1660 iam
678 1619 857 1674 grauida
889 1620 1098 1674 crepitent
1130 1620 1208 1662 tibi
1239 1623 1362 1675 terga
1394 1620 1606 1674 pharetra.

282 1694 451 1749 ‘Derige
484 1695 761 1750 odorisequos
794 1697 846 1737 ad
880 1699 995 1738 certa
1027 1697 1183 1739 cubilia
1216 1697 1364 1739 canes.5

312 1860 348 1893 11
371 1861 462 1894 Non.
487 1863 572 1901 475,
598 1864 640 1894 32
666 1861 912 1903 ‘prestolat
936 1872 1000 1904 pro
1025 1863 1247 1904 prestolatur
1274 1888 1280 1894 .
1311 1888 1317 1893 .
1346 1865 1375 1896 .'
1466 1862 1524 1895 ΙΙΙ
1547 1862 1639 1898 Non.
1667 1865 1741 1902 153,

222 1906 264 1938 26
290 1907 562 1948 ‘peruite1·e,
588 1908 710 1948 perire
736 1930 745 1939 .
771 1931 778 1938 .
808 1911 835 1938 ‚⁷
930 1906 980 1939 1V
997 1907 1089 1940 Non.
1106 1910 1188 1947 334,
1217 1908 1235 1940 7
1262 1907 1445 1939 ‘limare
1472 1908 1584 1940 etiam
1609 1907 1744 1942 dicitur

222 1951 442 1993 coniungere
470 1976 478 1983 .
504 1976 511 1983 .
538 1955 567 1982 .’
595 1951 791 1984 Deridetur
816 1952 995 1984 limauit
1021 1957 1156 1995 caput
1180 1953 1318 1985 locutio
1342 1953 1379 1984 in
1397 1953 1522 1985 Plauti
1542 1952 1703 1985 Poenulo
1725 1954 1742 1985 Ι

221 1997 259 2036 ’2,
285 1997 328 2028 79
353 1995 418 2036 (cf.
445 2001 588 2038 quaest.
613 2007 712 2029 scen.
738 2007 772 2039 p.
797 1999 863 2029 354
889 2001 925 2029 et
950 1997 1143 2030 Ritschelii
1168 1999 1319 2038 Parerg.
1344 1998 1361 2030 I
1389 1997 1468 2039 168)

310 2042 376 2074 Ino
403 2040 459 2074 Cf.
484 2041 624 2074 Marius
650 2042 859 2075 Victorinus
884 2053 919 2084 p.
945 2043 1032 2075 2512
1058 2043 1098 2074 P.
1122 2045 1164 2076 91
1191 2043 1232 2078 G,
1259 2046 1321 2074 ‘'at
1345 2053 1423 2075 cum
1450 2043 1580 2075 Liuius
1604 2043 1742 2076 Andro-

219 2088 325 2119 nicus
359 2087 559 2128 praemisso
595 2087 809 2120 hexametro
844 2087 1047 2119 huiusmodi
1082 2088 1278 2121 subnectat,
1313 2098 1440 2120 uersus
1475 2098 1540 2129 per
1577 2088 1738 2120 ordinem

220 2131 340 2163 iambo
358 2131 594 2172 terminatos,
620 2142 752 2164 nouam
770 2133 891 2174 potius
909 2131 1005 2164 hanc
1026 2132 1200 2175 speciem'
1227 2144 1258 2166 e.
1279 2144 1311 2175 q.
1333 2142 1361 2168 s,
1381 2136 1486 2165 ‘nam
1512 2133 1555 2164 in
1579 2133 1739 2175 hymno

220 2176 394 2208 Dianae
427 2177 522 2219 apud
555 2177 707 2209 eundem
739 2178 793 2209 ita
818 2178 1054 2211 inueniuntur
1086 2178 1130 2210 in
1161 2178 1316 2210 fabula
1340 2178 1493 2210 Inone:
1535 2177 1610 2210 sed
1634 2178 1739 2210 iam’

220 2232 249 2253 e.
277 2231 309 2263 q.
343 2231 369 2253 s.
416 2221 710 2255 Transformauit
744 2223 880 2255 ueteris
916 2226 1049 2265 poetae
1080 2233 1209 2256 uersus
1246 2224 1282 2255 in
1319 2232 1421 2255 suum
1452 2232 1555 2255 usum
1585 2222 1738 2255 Caesius

219 2266 374 2299 Bassus:
401 2267 450 2300 cf.
474 2267 676 2300 Hermanni
703 2268 788 2309 epita
814 2268 846 2300 d.
872 2278 916 2303 m,
946 2267 1048 2309 127²,
1075 2269 1229 2311 Hauptii
1256 2268 1398 2302 obseru.
1424 2268 1502 2300 crit.
1530 2278 1563 2310 p.
1590 2269 1634 2300 43

305 2422 446 2459 Anciale
467 2424 574 2467 libri,
599 2434 699 2470 quae
716 2423 845 2470 forma
863 2428 1004 2470 poetae
1024 2425 1274 2470 aspirationis
1296 2423 1583 2460 consonantium
1605 2423 1739 2468 iqnuro

219 2479 414 2514 seruanda
461 2485 557 2516 erat.
596 2479 764 2515 Anchiale
799 2479 939 2516 Junius
975 2482 1013 2515 in
1052 2492 1124 2528 my.
1247 2479 1299 2516 25
1345 2477 1559 2527 inpudenter
1595 2480 1742 2516 conieci

217 2534 453 2581 inprudenter
471 2537 561 2572 libri
616 2536 731 2571 seruis
752 2536 891 2571 Iunius
910 2538 947 2571 in
976 2548 1047 2583 my.
1070 2546 1198 2572 seruus
1219 2536 1308 2572 libri
1325 2545 1428 2571 serus
1449 2533 1626 2580 Machlyo
1647 2545 1738 2570 ann.

217 2591 363 2636 pliiloll.
388 2591 494 2629 1857
523 2604 562 2638 p.
586 2591 665 2629 286
696 2594 733 2628 in
762 2597 919 2628 mentem
941 2594 1044 2628 uenit
1102 2591 1341 2640 praestolans
1363 2591 1498 2627 Bamb.
1521 2589 1738 2636 prestolaras

219 2650 339 2684 ceteri
356 2648 447 2685 libri
505 2647 555 2685 26
578 2648 737 2684 inter-ead
759 2650 902 2695 scripsi
921 2648 1053 2684 interea
1075 2649 1162 2684 libri
1217 2648 1407 2684 lactantem
1428 2646 1644 2682 Pulmerius
1667 2645 1737 2682 lae·

219 2707 351 2740 tantem
373 2705 462 2740 libri
479 2703 669 2740 lactentem
691 2705 932 2751 Bonyarsius
961 2705 1147 2740 lactentem
1169 2706 1230 2741 uel
1258 2703 1400 2740 laetanti
1433 2698 1585 2738 Vossius
1605 2701 1735 2739 lactan-

219 2759 301 2794 dum
339 2759 524 2797 Heinsius
646 2761 699 2807 cf.
722 2761 751 2797 G
770 2761 807 2796 F
833 2761 879 2796 W
900 2761 1064 2797 Mueller
1097 2762 1252 2807 prosod.
1284 2759 1411 2796 Plaut.
1443 2758 1523 2795 593
1561 2768 1617 2805 sq.

220 2814 271 2851 29
294 2816 377 2852 illoc
399 2816 460 2852 olli
482 2820 666 2864 temptaui
722 2817 802 2853 illos
824 2816 892 2853 soli
920 2818 1018 2862 libri,
1039 2819 1114 2854 nisi
1138 2818 1240 2864 quod
1265 2816 1348 2852 olim
1369 2826 1411 2851 ex
1433 2815 1556 2852 Basil.
1578 2815 1639 2851 illo
1661 2815 1736 2852 sola

219 2872 381 2909 Botlzius
412 2872 494 2919 illo⁷
533 2884 638 2909 soror
668 2871 871 2910 Mercerus
906 2873 967 2910 illo
1000 2884 1106 2909 soror
1147 2874 1299 2910 Vossius
1384 2871 1502 2908 limaui
1533 2872 1738 2910 Mer-cerus
