1942 3204
256 145 340 187 344

304 246 420 290 184(*)
434 246 524 281 Pac.
540 246 622 280 161*
635 245 712 280 Att.
728 248 771 281 54
791 248 834 280 96
852 247 914 281 150
927 244 998 278 im.

302 292 373 326 inc.
398 291 472 334 fab.
499 294 519 324 6
549 303 622 335 qua
644 291 722 325 Att.
747 293 812 324 213
838 293 901 325 557
927 289 1000 324 ine.

303 337 373 371 ine.
398 335 472 378 fab.
497 339 541 371 80
567 338 652 370 date
678 338 831 375 ferrum,
860 336 922 377 qui
947 346 1001 368 me

303 384 426 415 anima
457 383 595 426 priuem
624 380 727 417 Ewn.
755 383 817 414 169
851 381 997 423 dignum

304 428 449 470 quicum
475 431 635 460 certetur
651 426 741 460 Pac.
760 429 803 459 25
826 426 998 468 lapidem,

305 473 364 515 qui
388 473 469 515 ipsa
494 473 570 505 ieta
597 475 653 505 est
675 471 766 507 Pac.
786 473 828 504 39
854 470 998 510 malum,

305 518 376 558 Qui
399 517 498 550 illius
515 518 687 551 acerbum
704 527 764 550 cor
780 515 999 548 contundam

306 561 383 598 Att.
399 564 464 596 201
485 563 643 596 conficta
663 564 810 602 canant,
831 561 902 600 Qui
918 570 1001 592 eau-

305 618 383 641 sam
399 607 569 641 humilem
596 607 706 640 dietis
723 606 886 647 amplent
904 603 996 637 Pac.

305 655 370 686 339
396 652 486 684 cedo
520 653 581 694 qui
612 677 647 685 ..
680 651 856 684 amisistis
879 648 1000 683 Naea.

299 698 420 739 praet.
438 699 457 730 7
483 696 586 736 (uide
611 707 694 739 qua.
721 706 802 737 quo.
829 694 1000 737 quonam)

305 743 367 785 qui
383 740 472 774 Lia.
492 744 533 775 31
558 740 678 776 Naeu.
696 743 739 774 20
764 742 807 773 24
832 742 875 773 53
898 737 1001 772 Ean.

308 788 349 820 17
382 787 445 819 148
470 788 534 819 221
568 788 634 820 274
667 787 732 820 364
761 784 852 818 Pac.
884 786 926 817 23
958 787 1002 817 40

306 833 349 865 74
385 833 428 864 83
459 833 524 864 372
555 829 632 866 Att.
667 832 730 864 169
759 831 821 863 185
847 831 912 863 384
937 831 1002 862 509

308 874 403 910 602*
427 874 502 910 Iul.
521 879 540 909 2
565 875 636 910 inc.
661 875 733 909 ine.
759 873 833 916 fab.
863 876 907 908 35
940 876 1002 907 162

306 923 372 954 243
398 932 492 963 quae
509 919 610 956 Eun.
630 923 694 954 219
720 919 807 953 2532
854 917 942 952 Liu.
962 921 1002 952 19

304 964 404 999 Eam.
430 968 495 999 203
524 965 616 999 Pac.
647 967 713 999 407
746 967 809 999 527
834 963 906 998 inc.
932 962 1003 997 inc.

307 1009 380 1053 fab.
422 1013 486 1044 194
533 1021 624 1053 quae
672 1022 776 1044 nemo
825 1013 882 1043 est
930 1013 1003 1042 tam

307 1056 406 1088 firmo
446 1056 596 1098 ingenio
636 1081 643 1088 .
671 1081 679 1089 .
723 1056 808 1098 quin
844 1054 1004 1096 refugiat

308 1100 434 1134 timido
481 1111 648 1144 sanguen
690 1099 792 1134 Ewn.
833 1102 876 1133 23
917 1109 1004 1141 quo-

308 1157 385 1179 rum
409 1143 510 1179 Enn.
530 1149 572 1180 37
598 1148 663 1179 289
688 1144 763 1179 Aa.
781 1147 824 1177 46
853 1146 914 1177 176
940 1146 1004 1177 669

309 1192 439 1233 quibus
468 1189 570 1224 Eun.
597 1193 615 1224 7
650 1193 712 1223 122
746 1192 810 1223 128
843 1191 906 1222 129
940 1191 1005 1222 229

307 1238 373 1269 273
402 1234 495 1270 Pac.
528 1238 593 1269 358
625 1234 705 1269 Att:
738 1237 801 1268 110
831 1233 901 1268 inc.
933 1232 1006 1267 inc.

309 1279 383 1322 fab.
408 1282 473 1314 207
501 1291 590 1323 quos
614 1278 715 1316 Eam.
735 1282 799 1313 130
824 1281 886 1313 351
912 1277 1005 1313 Pae.

307 1327 373 1359 204
402 1324 480 1359 Att.
514 1325 587 1359 58*
621 1327 683 1358 122
721 1327 782 1358 151
815 1323 910 1358 286*
942 1325 1007 1357 530

312 1368 398 1403 Var.
433 1372 453 1403 6
485 1381 575 1413 quas
606 1368 693 1403 Lm.
726 1372 767 1402 21
802 1368 884 1412 (bis)
916 1367 1006 1404 Pac.

312 1418 352 1448 10
377 1416 420 1448 53
448 1415 541 1449 190⁸
574 1426 668 1457 quae
692 1413 798 1447 Enn.
825 1415 888 1447 149
918 1413 1008 1447 Pac.

309 1462 374 1493 297
392 1459 470 1494 Att.
487 1462 530 1494 48
547 1462 590 1493 74
608 1460 703 1500 (202)
721 1461 786 1493 432
804 1461 869 1493 601
889 1461 1007 1501 praet.

309 1507 352 1538 29
378 1508 421 1538 30
447 1506 576 1548 quibus
593 1503 684 1540 Pac.
707 1506 773 1538 245
797 1502 874 1537 Aa.
888 1505 1008 1546 praet.

311 1552 351 1583 14
367 1549 495 1593 Pomp.
514 1552 535 1583 9
560 1560 667 1593 ques
685 1548 772 1582 Liu.
793 1551 834 1582 31
854 1548 870 1567 *
886 1547 1007 1582 Naea.

311 1597 354 1628 65
368 1594 385 1612 *

266 1641 338 1683 qui
366 1638 529 1681 (interr.)
554 1638 655 1672 Erm.
683 1641 745 1673 143
775 1638 850 1673 Aa.
877 1641 920 1672 64
944 1640 1010 1672 343

309 1687 457 1719 410458
475 1687 539 1719 562
563 1683 634 1719 ino.
652 1683 725 1719 ine.
743 1683 818 1725 fab.
845 1686 888 1717 99
913 1682 1011 1717 adde

311 1731 459 1774 quinam
864 1740 872 1755 ⁴

628 1775 768 1808 referat
790 1772 911 1807 Naeu.
939 1775 979 1806 16
994 1772 1010 1790 *

312 1831 358 1853 ne
389 1821 462 1853 uim
493 1821 555 1863 qui
586 1820 723 1853 attulat
754 1817 855 1852 Eam.
880 1820 945 1852 228
980 1819 1011 1851 si

311 1866 371 1908 qui
395 1863 494 1900 Erm.
521 1867 588 1898 259
604 1863 654 1907 (²⁸)
683 1862 786 1906 (aide
811 1863 906 1906 quis)

267 1911 339 1953 qui
371 1908 524 1953 (finale)
561 1908 663 1943 Eam.
700 1910 766 1942 288
803 1912 907 1942 uetat
950 1909 1011 1951 qui

312 1966 357 1988 ne
384 1955 532 1988 attollat
554 1953 647 1988 Pac.
671 1954 739 1987 42*

267 2000 369 2042 quia
393 1998 495 2032 Eun.
514 2002 580 2033 209
597 1998 690 2033 349*
714 1998 806 2033 Pac.
826 1996 924 2042 [368]
946 1999 1011 2031 369

312 2047 378 2078 370
410 2047 473 2078 371
500 2043 577 2078 Att.
603 2046 645 2078 67
671 2046 737 2078 245
761 2041 902 2077 Santra
925 2046 945 2077 3
962 2042 1010 2086 (²⁸)

268 2091 479 2133 quianam
506 2088 583 2124 Att.
610 2091 675 2123 583

269 2145 587 2178 quemcumque
612 2133 689 2168 Att.
715 2134 780 2167 506

270 2180 483 2223 quesdam
509 2178 585 2212 Att.
612 2181 678 2213 477

271 2224 442 2268 quidem
459 2222 560 2257 Eam.
580 2226 645 2258 402
661 2223 739 2259 Aa.
760 2222 848 2256 171*
868 2222 1010 2265 quando

318 2270 464 2312 quidem
488 2267 560 2303 inc.
585 2267 657 2302 inc.
684 2267 756 2310 fab.
785 2270 849 2301 113

272 2315 415 2358 quieti
434 2323 565 2357 eorpus
612 2339 619 2346 .
643 2314 727 2346 dedi
743 2311 951 2355 Att.praet.
972 2314 1012 2345 17

272 2360 512 2402 quiescere
531 2357 694 2402 (trisyll)
711 2356 811 2392 Erm.
832 2360 894 2391 137
915 2358 1013 2400 quie-

318 2405 368 2437 ris
391 2403 462 2437 inc.
487 2402 559 2438 inc.
585 2402 660 2445 fab.
686 2406 729 2438 28

273 2450 473 2492 quietum
496 2447 575 2483 Aa.
603 2451 667 2481 199

273 2495 379 2537 quin
395 2491 516 2527 Naea.
533 2496 553 2527 9
574 2495 614 2526 14
629 2491 731 2528 Eam.
746 2496 789 2526 24
806 2495 872 2526 244
888 2492 1012 2532 3851‘3)

316 2537 393 2572 Att.
418 2541 461 2572 90
479 2541 545 2572 330
561 2541 651 2572 338*
678 2539 764 2581 quin
792 2539 902 2571 etiam
918 2536 1011 2571 Pac.

317 2586 382 2617 357
408 2584 495 2626 quin
527 2608 556 2617 ..
588 2583 781 2617 toleratis?
807 2581 895 2615 Lia.
922 2584 962 2615 13

274 2640 295 2670 q
307 2630 453 2661 ninam
472 2629 753 2661 Tantalidarum
770 2628 1014 2660 internecioni

264 2676 266 2678 '
318 2674 443 2706 modus
473 2674 631 2706 Paretur
661 2676 724 2706 aut
757 2683 933 2715 quaenam
970 2697 977 2706 .
999 2697 1006 2706 .

319 2718 465 2751 dabitur
483 2719 623 2751 satias?
647 2717 725 2751 Att.
744 2719 808 2751 657
824 2726 875 2759 sq.
902 2727 1011 2759 quae-

319 2773 403 2795 nam
433 2761 512 2797 Aa.
542 2764 584 2796 86
616 2763 787 2806 quidnam
817 2760 920 2795 Em.
947 2764 1013 2795 306

293 2850 302 2857 ι
319 2809 440 2841 neseio
458 2808 627 2850 quidnam
646 2811 703 2841 est
719 2806 808 2842 Pac.
827 2808 892 2839 294
911 2807 1012 2848 quid-

267 1787 311 1808 ne
338 1776 414 1817 qui
437 1775 524 1808 hine
555 1801 562 1808 .
584 1800 590 1807 .

887 138 948 195 qui
983 165 1027 172 —
1064 146 1143 194 quis

1082 256 1166 278 nam
1191 248 1312 278 autem
1337 245 1407 278 hoe
1431 247 1543 279 soniti
1569 248 1649 280 est?
1684 245 1790 282 Pam

1083 292 1146 323 133
1173 301 1364 332 quemnam
1388 288 1489 325 Erm.
1507 293 1574 325 298
1598 302 1776 334 quaenam

1081 333 1152 371 inc,
1176 333 1247 368 inc.
1269 333 1343 376 fab.
1364 337 1429 369 249
1455 336 1673 379 quibusnam
1697 334 1775 370 Att.

1038 426 1330 467 quinquertio
1348 424 1420 461 ine.
1439 423 1510 459 ine.
1527 423 1602 467 fab.
1619 428 1658 460 17
1677 426 1778 469 quin-

1083 471 1293 512 quertiones
1318 469 1407 503 Liu.
1432 472 1475 503 41
1550 488 1553 490 >

1039 516 1134 557 quis
1160 514 1316 557 (interr.)
1341 513 1441 548 Ean.
1463 517 1526 548 192
1544 518 1608 549 313
1624 514 1716 549 Pae.
1735 517 1776 548 41

1085 561 1148 593 148
1177 559 1255 594 Att.
1289 562 1353 594 123
1382 559 1454 594 inc.
1487 559 1558 594 isne.
1592 558 1665 602 fab.
1692 562 1709 593 1
1735 562 1778 594 97
1811 591 1819 599 ,

1084 607 1128 638 98
1153 606 1232 648 quis
1257 606 1361 638 homo
1385 603 1486 638 Eme.
1515 607 1575 638 191
1603 606 1683 648 quis
1706 605 1779 639 non

1084 651 1250 683 mortalis
1267 649 1344 684 Aa.
1363 652 1429 683 424
1455 652 1535 692 quis
1560 654 1600 683 tu
1626 661 1664 684 es
1688 661 1780 684 mor-

1084 695 1170 727 talis
1181 697 1197 728 ⁸?
1211 693 1288 729 Aa.
1297 697 1363 728 554
1373 696 1452 737 quis
1465 695 1578 728 illaec
1587 696 1668 728 est?
1679 693 1780 731 Ewn.

1085 742 1150 773 345
1177 741 1257 782 quis
1282 744 1322 773 tu
1347 751 1402 777 es,
1428 740 1581 776 mulier?
1605 739 1698 774 Pac.
1714 742 1780 774 239

1086 796 1180 826 quae
1211 784 1303 819 Ραοζ
1334 784 1406 818 59*
1439 787 1481 819 60
1511 787 1576 818 222
1606 787 1672 819 292
1701 783 1781 821 Att.

1084 831 1150 863 455
1167 832 1232 863 579
1250 829 1346 874 (580)
1364 828 1436 864 inc.
1454 828 1525 863 ino,
1543 828 1618 871 fab.
1631 831 1675 863 96
1693 831 1781 872 quid

1084 873 1204 908 Naea.
1230 878 1273 909 63
1296 873 1398 908 Em.
1420 877 1462 909 68
1485 874 1577 910 Pac.
1605 878 1646 909 17
1670 877 1714 909 35
1737 877 1781 909 58

1086 922 1152 953 383
1176 919 1253 953 Att.
1272 922 1314 954 75
1339 922 1404 953 299
1431 921 1517 962 quid
1541 924 1599 954 est
1623 931 1687 953 eur
1701 919 1779 954 Att.

1088 967 1150 998 147
1188 965 1297 1007 quid?
1335 966 1430 1007 quod
1466 963 1557 998 Pae.
1597 967 1660 999 143
1697 966 1782 1008 quid

1086 1011 1286 1043 benefacta
1316 1011 1388 1043 mei
1421 1011 1559 1051 patris?
1594 1009 1686 1047 Pae.
1719 1011 1782 1044 169

1087 1055 1174 1097 quid
1199 1055 1371 1088 tandem?
1402 1054 1492 1090 Pac.
1516 1057 1582 1088 225
1607 1054 1716 1099 quid?
1751 1057 1782 1088 si

1085 1099 1164 1133 Aa.
1190 1101 1257 1133 464
1288 1101 1374 1142 quid
1411 1100 1477 1133 hoo
1507 1101 1568 1134 hie
1600 1100 1782 1141 clamoris,

1088 1145 1172 1188 quid
1196 1145 1343 1178 tumulti
1369 1148 1450 1178 est?
1474 1143 1575 1180 Eun.
1601 1147 1665 1179 143
1697 1145 1784 1188 quid

1087 1191 1125 1222 in
1151 1191 1284 1223 eastris
1310 1191 1457 1232 strepiti
1483 1192 1565 1222 est?
1594 1188 1695 1226 Eun.
1721 1191 1786 1223 144

1088 1235 1171 1277 quid
1189 1236 1307 1268 noctis
1323 1235 1492 1268 uidetur?
1517 1233 1616 1271 Erm.
1637 1237 1699 1269 177
1720 1246 1783 1268 eu-

1087 1282 1145 1312 ius
1168 1278 1260 1316 Pac.
1279 1282 1342 1313 156
1361 1278 1519 1323 (bisyll.)
1538 1278 1616 1314 A'tt.
1635 1282 1702 1314 485
1726 1281 1787 1313 eui

1087 1324 1166 1358 Att.
1203 1324 1300 1358 474*
1339 1323 1416 1358 Att.
1451 1327 1516 1358 309
1560 1336 1663 1368 quem
1706 1323 1785 1359 Att.

1090 1372 1155 1403 232
1179 1371 1246 1404 474
1278 1381 1384 1412 quam
1413 1368 1504 1403 Pac.
1536 1372 1580 1403 50
1610 1368 1688 1404 Att.
1720 1371 1786 1404 608

1091 1415 1177 1456 quid
1212 1412 1312 1447 E‘n‘n.
1350 1416 1393 1447 58
1430 1416 1493 1448 187
1529 1417 1595 1448 270
1625 1417 1690 1448 297
1721 1417 1787 1448 390

1090 1459 1181 1493 Pac.
1200 1462 1264 1493 130
1289 1461 1354 1492 214
1379 1461 1442 1492 241
1469 1461 1535 1493 377
1559 1458 1636 1493 Att.
1654 1462 1697 1493 92
1724 1460 1788 1493 135

1092 1507 1158 1538 223
1183 1506 1249 1538 268
1274 1507 1338 1537 302
1363 1506 1430 1538 485
1453 1503 1525 1540 inc.
1550 1503 1620 1538 inc.
1644 1503 1718 1546 fab.
1744 1506 1785 1538 31

1095 1551 1156 1582 122
1183 1549 1268 1592 quid
1299 1549 1475 1582 laseiuis‘?
1502 1547 1603 1582 Eun.
1630 1552 1672 1583 36
1702 1549 1787 1592 quid

1100 1621 1135 1627 ..
1173 1595 1304 1627 rabere
1329 1596 1411 1627 uisa
1442 1596 1506 1627 es?
1541 1592 1642 1628 Eun.
1667 1597 1710 1628 39
1741 1592 1788 1635 cf.
1856 1608 1861 1609 ⁷

1093 1642 1159 1672 215
1190 1641 1255 1673 306
1290 1638 1381 1673 Pac.
1413 1641 1478 1673 385
1514 1642 1579 1673 395
1614 1638 1692 1673 Att.
1722 1641 1788 1673 353

1092 1684 1163 1718 ine.
1187 1683 1260 1717 inc.
1283 1682 1356 1725 fab.
1383 1686 1447 1717 178
1473 1686 1536 1718 180
1556 1685 1642 1728 quid
1665 1689 1789 1727 petam

1094 1729 1280 1772 praesidi?
1297 1727 1397 1762 Eun.
1413 1731 1455 1762 75
1474 1730 1559 1772 quid
1572 1730 1688 1762 subiti
1701 1729 1790 1762 mihi

1093 1775 1208 1807 febris
1235 1775 1326 1807 eiuit
1356 1774 1470 1807 mali?
1501 1772 1570 1807 Att
1606 1775 1670 1808 155
1702 1774 1788 1816 quid

1095 1820 1222 1862 capias
1239 1819 1371 1852 consili
1385 1818 1462 1854 Att.
1479 1820 1544 1853 628
1559 1819 1686 1853 dubito
1705 1819 1789 1862 quid

1094 1866 1174 1906 agis
1204 1862 1279 1897 Att.
1311 1866 1371 1897 191
1401 1875 1568 1905 exprome
1602 1865 1686 1907 quid
1715 1865 1789 1897 fers

1092 1908 1168 1943 Aa.
1192 1911 1258 1942 499
1284 1909 1378 1951 quod
1409 1907 1509 1944 Eme.
1535 1911 1600 1942 231
1628 1907 1720 1943 Pae.
1746 1910 1787 1942 51

1093 1953 1171 1988 Aa.
1203 1956 1269 1987 232
1302 1965 1370 1996 quo
1396 1952 1517 1987 Naeu.
1547 1956 1588 1987 37
1619 1952 1720 1987 Enn.
1747 1956 1790 1987 75

1095 1998 1156 2033 76*
1172 1999 1261 2032 174*
1278 1997 1369 2033 Pac.
1390 2000 1453 2032 155
1474 1999 1536 2031 156
1548 1997 1627 2033 Att.
1643 2000 1706 2032 181
1723 2000 1790 2032 635

1095 2055 1166 2086 qua
1189 2042 1280 2078 Pac.
1308 2045 1371 2077 156
1396 2045 1462 2077 237
1485 2042 1563 2079 Att.
1592 2047 1606 2075 1
1633 2042 1790 2086 Pompil.

1093 2088 1165 2122 inc.
1184 2087 1255 2122 inc.
1273 2086 1346 2128 fab.
1366 2090 1407 2122 77
1434 2089 1544 2130 quod
1569 2089 1600 2121 is
1624 2089 1791 2121 cruciatu

1095 2134 1297 2177 perbiteret
1312 2130 1412 2166 Eun.
1433 2134 1496 2166 174
1510 2131 1556 2176 (*)
1604 2133 1722 2167 habeo
1753 2158 1785 2168 ..

1095 2179 1169 2220 qui
1187 2179 1412 2220 distinguam
1427 2176 1519 2211 Pac.
1538 2180 1579 2211 61
1602 2179 1663 2221 qui
1681 2181 1789 2221 paeto

1093 2222 1183 2257 Pae.
1203 2224 1269 2255 286
1286 2234 1354 2256 nee
1379 2224 1462 2266 quei
1488 2226 1524 2255 te
1551 2223 1711 2256 adiutem
1738 2224 1791 2256 in-

1094 2269 1203 2302 uenio
1228 2266 1306 2302 Att.
1326 2270 1390 2301 103
1415 2269 1475 2301 cui
1501 2267 1564 2309 (an
1588 2268 1686 2310 qui?)
1711 2267 1788 2308 fiat,

1095 2324 1167 2347 non
1177 2314 1240 2355 qui
1255 2313 1375 2346 facias
1385 2323 1556 2356 compara
1563 2311 1641 2348 Aa.
1650 2315 1716 2346 309
1729 2313 1791 2356 qui

1054 2393 1058 2397 ,
1096 2359 1189 2401 potis
1215 2360 1293 2390 est?
1318 2356 1397 2393 Aa,
1421 2359 1487 2391 418
1536 2358 1595 2401 qui
1620 2361 1706 2391 sunt
1729 2358 1791 2390 hi‘?

1096 2402 1186 2437 Lm.
1218 2404 1259 2436 31
1300 2403 1362 2445 qui
1398 2406 1433 2435 te
1462 2404 1516 2435 sie
1553 2404 1789 2436 tractauere?

1094 2446 1194 2481 Ean.
1220 2449 1263 2481 59
1295 2457 1401 2489 ques
1439 2451 1523 2479 sunt
1559 2449 1622 2480 es?
1652 2447 1789 2490 Ignoti,

1096 2493 1221 2526 neseio
1254 2502 1342 2534 ques
1379 2493 1562 2534 ignobiles
1596 2490 1687 2526 Pac.
1724 2494 1789 2525 221

1096 2537 1228 2580 quibus
1257 2534 1357 2570 Erm-
1391 2539 1454 2570 371
1491 2535 1582 2570 Pac.
1616 2539 1679 2570 155
1713 2535 1790 2570 Aa.

1097 2585 1162 2616 180
1185 2583 1250 2616 285
1269 2583 1388 2624 praet.
1410 2584 1450 2614 12
1476 2583 1556 2624 quis
1574 2582 1661 2615 deos
1676 2581 1790 2614 infer—

1095 2639 1179 2669 nos,
1212 2628 1345 2670 quibus
1370 2627 1543 2660 caelestis
1573 2627 1700 2669 dignet
1728 2627 1790 2659 de—

1097 2673 1216 2705 corari
1243 2672 1376 2705 hostiis
1399 2670 1490 2705 Pac.
1516 2673 1581 2704 212

1051 2728 1097 2751 an
1124 2718 1223 2759 quis
1248 2717 1330 2752 est?
1354 2715 1444 2750 Pae.
1469 2718 1512 2749 25
1537 2717 1568 2748 si
1594 2716 1673 2758 quis
1696 2715 1788 2752 Pac.

1097 2765 1160 2795 130
1195 2761 1266 2795 ine.
1297 2760 1370 2795 inc.
1402 2758 1474 2803 fab.
1508 2762 1572 2793 120
1613 2763 1675 2794 150
1711 2759 1788 2796 Att.

1094 2809 1159 2840 326
1186 2811 1226 2839 ut
1256 2818 1301 2840 ne
1335 2808 1414 2849 quis
1443 2804 1522 2840 Aa.
1548 2807 1614 2838 292
1645 2806 1708 2848 qui
1746 2830 1754 2839 .
1775 2831 1783 2839 .
