1942 3204
259 191 376 225 XXIV
845 187 1194 224 COROLLARIVM

260 301 398 341 ortam
431 312 521 340 esse
555 298 764 352 suspicor,
797 297 868 352 qui
900 310 995 338 cum
1027 297 1094 338 vel
1129 295 1474 358 λουτράχηοῃ
1511 298 1650 354 λύτρα
1687 317 1778 345 esse
1811 351 1814 353 ,

261 371 369 411 lutra
402 369 482 411 sibi
513 369 795 424 persuasisset
827 365 895 424 (ut
926 368 1055 409 etiam
1086 368 1131 409 in
1164 366 1335 409 scholiis
1366 367 1694 426 Aristophaneis
1725 373 1779 415 ad

259 455 348 482 ran.
393 440 476 482 911
529 439 681 495 optimi
730 438 894 481 codices
939 438 1145 490 λουτροῖς
1192 452 1268 491 pro
1317 437 1503 490 λύτροις·
1547 441 1780 500 exhibent),

259 512 325 552 vel
345 511 485 566 ipsum
506 508 645 563 λύτρα
671 512 714 550 et
737 509 874 550 lustra
893 509 1006 550 idem
1026 523 1116 549 esse
1138 509 1362 563 statueret,
1394 508 1596 554 Latinum
1621 527 1780 556 nomen

259 582 462 624 intulerit.
526 580 743 630 Quantum
777 579 890 621 enim
929 579 979 637 de
1017 579 1085 620 his
1117 579 1335 621 vocabulis
1368 579 1610 625 dubitatum
1639 584 1780 640 fuerit,

260 667 356 694 cum
387 651 597 694 Varronis
629 651 724 692 loco
759 665 887 704 supra
917 650 1091 691 laudato
1124 649 1319 704 proditur
1350 653 1442 692 tum
1468 644 1610 694 Verrii
1639 652 1782 698 Flacci

260 723 538 765 adnotatione
576 721 769 776 quamvis
808 736 832 762 a
869 720 1003 761 Paulo
1041 719 1158 761 Festi
1204 720 1485 775 epitomatore
1523 739 1563 778 p.
1605 724 1688 766 120
1723 725 1780 767 M.

260 796 304 835 in
342 795 468 835 breve
507 794 744 835 contracta:
784 792 890 833 ‘lues
924 824 933 833 .
960 824 966 831 .
996 825 1002 831 .
1036 792 1220 832 tractum
1254 805 1277 832 a
1316 790 1477 834 Graeco
1511 792 1650 839 λύειν.
1682 794 1782 838 hinc

260 865 420 907 dictum
451 865 590 905 lutum
623 896 631 904 .
659 897 667 903 .
694 896 701 904 .
734 865 777 904 et
806 862 1003 903 lustratio
1038 876 1121 915 qua
1154 861 1254 916 quid
1282 863 1462 904 solvitur
1484 878 1532 905 ac
1564 863 1781 907 liberatur.

259 935 360 977 hinc
392 937 435 977 et
467 931 606 986 λύτρα
636 927 723 972 ἀπὸ
754 932 832 984 τῆς
860 929 1047 986 λύσεως,
1083 931 1127 973 id
1165 934 1231 974 est
1262 933 1473 975 solutione
1513 934 1616 975 auri.
1654 933 1782 986 λίτροι

261 1005 375 1047 enim
416 1005 539 1046 libra·
570 1005 662 1046 est.'
736 1002 917 1045 Videtur
968 1002 1081 1043 enim
1129 1002 1242 1044 hanc
1290 1003 1427 1057 ipsam
1478 1004 1784 1061 quaestionem,

261 1076 393 1118 Ennii
430 1075 578 1117 fabula
615 1089 719 1116 num
756 1074 893 1115 lustra
931 1087 986 1114 an
1023 1074 1135 1127 lytra
1173 1087 1228 1114 an
1265 1073 1365 1114 litra
1401 1074 1608 1130 inscripta
1642 1075 1784 1131 fuerit,

262 1147 439 1189 Verrius
471 1145 649 1187 Flaccus
682 1143 933 1186 tractavisse
966 1145 1009 1184 et
1039 1143 1288 1199 prudenter,
1319 1159 1578 1200 quamquam
1608 1160 1662 1188 ne
1693 1146 1783 1202 ipse

263 1218 433 1272 quidem
466 1217 556 1259 sine
590 1229 731 1258 errore
765 1212 869 1270 (nisi
899 1214 1115 1256 breviator
1146 1214 1290 1269 potius
1311 1213 1505 1272 erravit),
1537 1210 1728 1259 solvisse.⁴

379 1287 433 1330 V.
456 1288 537 1330 148
563 1278 850 1332 Buechelerus
876 1284 1059 1340 probata
1085 1283 1205 1326 Junii
1231 1285 1476 1327 coniectura
1504 1287 1633 1330 talem
1653 1288 1783 1341 fuisse

264 1359 431 1401 statuit:

304 1440 379 1497 qui
410 1441 586 1496 cupiant
616 1440 716 1482 dare
748 1440 867 1481 arma
897 1437 1074 1493 Achilli,
1104 1439 1154 1479 ut
1184 1424 1267 1493 ipsi
1300 1441 1503 1481 cunctent
1535 1438 1745 1497 [sumerel.

264 1524 424 1574 Quodsi
443 1538 545 1579 non,
564 1525 613 1564 ut
632 1522 806 1576 conieci,
826 1519 1118 1576 dittographia
1138 1533 1188 1562 ex
1205 1521 1422 1576 superiore
1440 1521 1573 1564 Ennii
1592 1525 1783 1580 exemplo

263 1596 372 1637 male
397 1584 708 1650 repetitastint
736 1596 784 1635 ut
812 1593 913 1647 ipse,
946 1591 1095 1633 saltem
1111 1594 1175 1632 aot
1205 1591 1520 1647 corrigendum:
1552 1608 1640 1635 non
1672 1595 1784 1637 enim

264 1666 489 1707 consilium
515 1664 628 1719 quod
655 1665 866 1719 spectent,
893 1662 965 1704 sed
998 1676 1148 1704 sensus
1169 1661 1318 1717 animi,
1343 1663 1496 1718 quibus
1521 1667 1786 1721 moveantur,

262 1736 479 1779 indicandi
511 1737 644 1777 erant.
705 1733 863 1790 Aptius
902 1733 982 1775 erit
1019 1733 1085 1775 illa·
1120 1733 1189 1774 uel
1227 1733 1265 1775 ei
1300 1733 1382 1787 ipsi
1413 1748 1442 1776 c.
1474 1748 1503 1777 s.
1541 1736 1608 1778 vel
1644 1750 1784 1779 cunc-

264 1810 364 1849 tent
393 1807 493 1860 ipsi
523 1819 717 1849 sumere.

381 1889 434 1932 V.
476 1889 557 1931 149
595 1887 683 1930 vim
725 1887 884 1928 inferat
921 1885 1149 1927 memoriae
1189 1899 1249 1927 ac·
1281 1886 1466 1929 fortasse
1509 1887 1591 1943 ipsi
1634 1891 1785 1943 poetae

266 1960 337 2014 qui
368 1960 527 2001 eminus
558 1957 742 2014 flagitet,
774 1956 873 2011 quia
905 1955 1174 1998 ‘comminus'
1206 1956 1443 2010 praecedat.

382 2041 465 2084 Pro
491 2041 640 2083 frustis
667 2054 866 2082 versuum
895 2037 1154 2093 152-154,
1186 2053 1294 2094 quae
1320 2039 1433 2096 dedi,
1463 2056 1552 2083 non
1585 2049 1783 2098 spernen-

265 2113 347 2154 dus
380 2127 482 2154 sane
514 2126 640 2167 quem
671 2110 958 2153 Buechelerus
990 2108 1129 2151 effecit
1161 2110 1369 2152 senarius:

477 2192 717 2236 sublimiter
748 2194 965 2236 flammam
995 2191 1228 2233 halitantes
1260 2193 1566 2249 quadrupedes.

384 2276 436 2318 V.
460 2275 543 2319 156
564 2291 624 2331 sq.
655 2277 717 2318 nil
749 2276 904 2318 certius
937 2290 1065 2330 quam
1096 2275 1296 2317 tenaciam
1327 2276 1423 2331 equi
1453 2277 1785 2334 intellegendam

265 2354 375 2388 esse:
421 2348 471 2388 cf.
509 2346 652 2389 Plauti
690 2346 846 2396 Casina
884 2347 970 2389 680
1008 2345 1173 2400 ‘edepol
1210 2359 1265 2387 ne
1308 2348 1373 2401 tu,
1417 2346 1456 2388 si
1491 2362 1621 2402 equos
1657 2363 1785 2405 esses,

265 2419 378 2459 esses
404 2418 690 2460 indomabilis.
723 2417 743 2458 [Γ
775 2417 867 2467 Quo
895 2415 1180 2472 argumento?
1213 2415 1233 2462 [Γ
1263 2415 1392 2458 nimis
1417 2419 1545 2460 tenax
1571 2421 1656 2474 es'3
1687 2418 1782 2462 Ovi-

265 2488 358 2529 dius
391 2503 521 2530 amor.
540 2488 606 2530 III
625 2489 673 2543 4,
708 2488 760 2531 13
792 2488 895 2530 ‘vidi
926 2501 1005 2542 ego
1034 2500 1171 2542 nuper
1190 2501 1345 2541 equum
1370 2490 1519 2530 contra
1544 2503 1621 2531 sua
1643 2489 1784 2532 vincla

263 2560 540 2620 tenacem’ye.
573 2573 611 2613 q.
644 2575 695 2613 s.;
725 2558 871 2601 Livius
896 2556 1088 2600 XXXIX
1114 2556 1189 2611 25,
1225 2549 1291 2598 13⁷
1309 2559 1372 2599 ‘ut
1397 2573 1551 2613 equum
1578 2561 1784 2616 tenacem,

266 2644 355 2671 non
393 2631 615 2684 parentem
651 2630 785 2672 frenis
822 2628 1108 2686 asperioribus
1145 2628 1442 2683 castigandum
1478 2633 1586 2672 esse'
1623 2627 1716 2686 (ubi
1747 2631 1783 2672 si

267 2700 397 2741 verba
423 2701 528 2742 ‘non
553 2690 789 2755 parentem’
822 2702 934 2742 recte
959 2715 1037 2755 pro
1070 2699 1326 2755 glossemate
1350 2699 1581 2756 habentur,
1610 2701 1783 2756 propria

263 2771 459 2812 vocabuli
503 2773 740 2813 ‘tenacem'
787 2771 907 2813 notio
951 2770 1079 2811 etiam
1122 2771 1391 2814 manifestior
1426 2768 1507 2827 fit).
1579 2770 1782 2813 Eiusdem

265 2841 432 2895 generis
466 2843 531 2883 est
562 2842 674 2897 quod
708 2841 922 2886 ‘Caesaris
953 2841 1016 2883 ira
1047 2843 1191 2884 tenax’
1232 2841 1401 2897 Ovidio,
1432 2843 1474 2883 et
1505 2842 1576 2897 qui
1606 2842 1653 2883 in
1683 2855 1780 2884 con-
