1942 3204
782 226 830 259 M,
858 225 1099 262 PAOVVIVS
1649 226 1703 266 93

820 330 926 374 XIV
958 329 1057 388 (15)

290 443 298 452 .
331 442 339 451 .
372 409 445 451 ubi
477 409 563 451 illic
592 409 686 451 est?
720 424 786 451 ule
819 408 1037 451 miseram!
1070 409 1260 463 quonam
1279 408 1389 450 elam
1411 424 1455 450 se
1476 407 1706 451 eliminat?

834 486 917 530 XV
944 484 1043 543 (20)

173 563 257 607 135
289 563 370 607 Vel
402 567 499 607 oiim
531 564 651 606 illum
685 564 832 606 uideas
864 564 1095 607 sollicitum
1128 553 1375 606 orbitfidine

835 647 942 691 XVI
974 646 1041 705 (2)

287 725 416 768 Pater
447 726 639 768 Achiuos
672 725 718 768 1‘11
749 725 929 782 CapErei
962 726 1075 768 stixis
1110 726 1252 781 pleros
1287 726 1485 781 perdidit.

806 806 936 853 XVII
968 808 1066 867 (31)

871 885 986 945 [nisi]
1020 902 1088 930 me
1120 887 1305 929 celuitur
1336 886 1544 943 suspicio,

285 964 381 1007 Ηόο
413 968 479 1007 est
510 965 615 1007 illud
648 966 762 1021 qu6d
794 966 887 1008 fore
919 966 1086 1009 occulte
1119 964 1236 1007 Geax
1268 964 1485 1021 praedixit
1517 1000 1525 1008 .
1559 1001 1566 1007 .

791 1054 944 1099 XVIII
998 1055 1054 1098 29

284 1132 478 1176 'Vtinam
498 1147 614 1175 1111110
639 1134 896 1176 matrescam
915 1053 1112 1189 ing(eni)o,
1137 1135 1186 1175 ut
1204 1136 1347 1176 metim
1367 1136 1534 1189 patrem
1556 1134 1708 1176 ulcisci

1115 1212 1286 1267 queam!

256 1340 342 1374 XIV
364 1341 456 1375 Non.
481 1343 544 1384 38,
570 1344 612 1376 31
640 1343 923 1382 ‘eliminat-e,
949 1346 1056 1376 extra
1081 1342 1193 1376 limen
1219 1343 1352 1376 eicere.
1391 1342 1431 1375 P.
1457 1342 1704 1376 Doloreste

230 1389 258 1419 .’
293 1386 395 1420 Idem
419 1388 503 1427 292,
530 1390 574 1421 25
599 1388 860 1422 ‘eliminare
892 1398 1034 1422 rursum
1059 1387 1269 1421 excludere.
1317 1387 1359 1422 P.
1386 1387 1584 1421 Duloreste
1616 1414 1623 1420 .
1643 1413 1652 1421 .
1673 1392 1702 1421 .’

256 1432 324 1466 XV
346 1432 444 1466 Non.
472 1435 553 1475 146,
584 1435 624 1467 19
649 1434 960 1467 ‘orbitudinis-
979 1444 1045 1477 pro
1072 1433 1232 1467 orbitate
1341 1433 1382 1469 P.
1407 1433 1603 1467 Duloreste
1627 1437 1704 1468 ...’

256 1477 344 1511 XVI
368 1477 582 1512 Priscianus
606 1479 639 1512 V
664 1490 698 1523 p.
725 1480 792 1514 668
817 1480 858 1512 P.
885 1479 1152 1513 ‘uetustissimi
1176 1482 1299 1512 tamen
1324 1482 1362 1512 et
1386 1479 1504 1512 altera
1528 1482 1614 1512 utra
1644 1505 1674 1513 ..
1689 1504 1698 1513 .

164 1523 336 1558 solebant
359 1523 536 1566 proferre,
563 1528 602 1558 et
625 1525 769 1568 plerus
794 1524 897 1569 plera
923 1524 1064 1568 plerum
1088 1525 1228 1568 absque
1255 1535 1338 1568 que
1365 1524 1556 1558 additione
1581 1550 1588 1557 .
1603 1549 1611 1557 .
1626 1550 1634 1558 .
1658 1525 1704 1559 P.

165 1592 204 1624 in
229 1590 428 1626 Duloreste
452 1617 460 1624 .
480 1618 488 1626 .
508 1596 538 1626 .’
570 1590 823 1636 (Paeubius
853 1593 983 1627 Bamb.
1009 1593 1116 1629 Bern.
1148 1579 1260 1626 Halb.
1294 1592 1430 1627 Carlsr.
1473 1570 1705 1627 Pacuiiius

164 1659 255 1703 Reg.
330 1642 577 1694 Duloreste
598 1661 689 1705 Reg.
708 1661 903 1695 Dolores
927 1664 970 1694 te
988 1661 1099 1704 Sang.
1120 1660 1258 1695 Carlsr.
1289 1661 1536 1695 Doloseste
1554 1662 1701 1705 Fragm.

163 1705 401 1747 Amienense)
494 1705 600 1740 XVII
624 1706 717 1740 Non.
742 1708 776 1749 7,
794 1709 815 1740 3
841 1706 1064 1740 ‘caluitur
1087 1706 1225 1740 dictum
1250 1710 1307 1740 est
1332 1707 1533 1741 frustratur
1555 1732 1562 1740 .
1578 1732 1587 1740 .
1601 1732 1610 1741 .
1624 1732 1633 1741 .
1663 1707 1703 1740 P.

164 1749 411 1784 Duloreste
441 1776 448 1784 .
469 1776 477 1783 .
497 1754 528 1786 .'
644 1751 768 1786 XVIII
791 1751 886 1785 Non.
911 1753 990 1794 137,
1016 1753 1036 1786 ’1
1068 1755 1378 1795 ‘mati-eseam,
1409 1753 1540 1785 matris
1571 1752 1702 1785 similis

164 1794 259 1829 fiam.
307 1796 348 1829 P.
381 1795 579 1830 Duloreste
604 1823 612 1830 .
632 1822 640 1830 .
662 1800 692 1830 .’
732 1797 817 1831 Η110
848 1797 1011 1831 fortasse
1047 1798 1209 1841 pertinet
1239 1797 1365 1841 glossa
1397 1798 1434 1830 in
1465 1798 1703 1831 Onomastieo

169 1841 358 1875 Labbaei:
390 1845 714 1886 ‘matteum-e,
739 1836 960 1887 μητράζειν.

280 1979 360 2018 134
390 1979 451 2017 1110
479 1981 572 2018 libri
595 1993 638 2028 p.
669 1979 751 2019 292
852 1981 1022 2030 quoniam
1052 1982 1143 2018 libri
1169 1993 1207 2028 p.
1240 1979 1321 2019 292
1420 1981 1509 2018 clam
1540 1977 1599 2032 se]
1632 1982 1702 2019 cla-

164 2047 244 2074 mor
270 2038 364 2075 libri
389 2049 430 2085 p.
463 2036 544 2075 292
575 2038 667 2074 clam
696 2037 787 2075 elam
816 2039 908 2075 libri
930 2050 974 2086 p.
1006 2037 1059 2076 38
1099 2049 1204 2086 quam
1235 2038 1383 2075 clamos·
1411 2038 1565 2076 Vossius
1602 2039 1701 2087 quia·

164 2104 246 2130 nam
283 2093 439 2131 clamore
478 2094 696 2132 Palmerius
727 2095 908 2144 Spieileq.
947 2107 1012 2142 ap.
1047 2095 1156 2132 Grut.
1189 2095 1254 2132 IV
1282 2095 1363 2133 766
1402 2106 1508 2144 quam
1547 2095 1702 2132 clamore

168 2150 330 2188 Bothius
350 2161 506 2200 quonam
528 2150 692 2188 clanculo
713 2163 753 2188 se
775 2151 1030 2189 Hermannus
1050 2162 1205 2200 quonam
1226 2151 1427 2207 clanculum
1449 2163 1488 2189 se
1510 2152 1705 2201 Berylsius

164 2206 267 2244 Mus.
288 2207 415 2246 Rhen.
439 2206 546 2246 1835
566 2220 605 2256 p.
628 2208 679 2246 77
767 2211 847 2246 An.-
878 2208 938 2245 uhi
967 2208 1029 2246 ille
1059 2207 1139 2245 est?
1169 2219 1225 2245 me
1256 2209 1422 2246 miseram
1444 2209 1580 2246 clamor
1611 2220 1701 2258 quo-

1355 2280 1362 2297 1
1387 2281 1404 2299 0
1559 2284 1563 2288 ”

165 2311 258 2347 niam
289 2310 448 2348 eliminat
467 2311 546 2348 —l
637 2311 716 2349 135
747 2322 828 2348 cum
859 2311 964 2349 ultim
985 2312 1089 2349 Leid.
1181 2311 1260 2349 136
1292 2311 1423 2348 acheus
1445 2313 1540 2360 Rey.
1571 2311 1702 2348 acheos

168 2366 302 2404 Bamb.
324 2367 444 2404 Bern.
461 2368 678 2406 Amienens.
702 2368 852 2405 achaeos
875 2368 994 2418 Sanq.
1011 2369 1184 2407 Karolir.
1208 2368 1373 2405 achaeios
1395 2369 1512 2406 Halb.
1536 2368 1702 2415 Scripsit

165 2424 297 2461 Aciuos
314 2428 432 2473 poeta
520 2419 694 2474 caphereis
715 2425 812 2474 Rey.
833 2435 936 2466 corr.
959 2438 1007 2463 m.
1030 2425 1053 2462 2
1085 2425 1252 2475 capherei
1271 2426 1417 2462 Amien.
1440 2425 1559 2462 Bern.
1581 2426 1699 2462 Hatb.

164 2480 339 2518 Karolir.
378 2480 508 2518 caterei
540 2481 658 2530 Sany.
689 2482 861 2531 capharei
897 2484 1022 2531 uulyo.
1089 2483 1148 2519 De
1187 2482 1318 2530 forma
1355 2485 1523 2531 yeuetiui
1561 2484 1615 2529 cf.
1656 2482 1697 2518 L.

163 2537 331 2574 Mueller
359 2539 407 2575 de
436 2549 481 2575 re
510 2551 559 2576 m.
581 2537 662 2576 267
780 2538 938 2588 prodidit
969 2539 1144 2588 Sanyall.
1173 2552 1220 2576 m.
1254 2539 1274 2575 1
1405 2539 1479 2576 137
1513 2550 1570 2587 sq.
1606 2539 1698 2575 Tro-

165 2594 308 2631 chaeos
338 2594 500 2632 Bothius
529 2598 707 2644 aynouit:
746 2596 801 2644 cf.
834 2596 1054 2644 Geppertus
1090 2597 1137 2633 de
1163 2598 1480 2643 pronuntiatione
1511 2597 1700 2632 sermonis

163 2650 294 2688 latini
318 2662 359 2698 p.
391 2651 492 2694 115.
525 2652 649 2689 GFW
672 2652 840 2690 Mueller
873 2654 1030 2702 prosod.
1063 2653 1193 2690 Plaut.
1225 2652 1306 2690 338
1434 2652 1511 2689 137
1544 2652 1610 2687 nisi
1642 2662 1698 2687 me

164 2707 328 2745 Bolbius
357 2718 414 2745 me
442 2709 535 2758 libri
563 2709 600 2745 ni
622 2708 873 2747 Hermannus
963 2709 1042 2747 138
1073 2712 1112 2746 in
1143 2712 1252 2747 exitu
1284 2710 1374 2757 patri
1405 2709 1582 2756 suppleri
1608 2718 1697 2755 pos—

164 2765 232 2807 sit,
263 2763 349 2801 mihi
379 2765 524 2802 addidit
545 2765 775 2813 Geppertus.
867 2765 946 2804 139
969 2766 1170 2803 matrissem
1192 2765 1259 2803 CF
1267 2766 1317 2802 W
1333 2765 1499 2802 Mueller
1517 2766 1544 2801 l.
1564 2766 1592 2801 l.
1614 2764 1696 2801 372

164 2824 400 2857 maturescam
431 2823 517 2859 olim
547 2825 713 2870 conieci,
752 2824 855 2871 quod
891 2833 939 2859 ne
968 2834 1072 2860 nunc
1102 2824 1251 2871 quidem
1283 2823 1331 2858 ab
1363 2823 1463 2858 omni
1483 2821 1697 2867 -probabili-

166 2880 244 2913 tate
279 2877 492 2916 abhorrere
522 2881 666 2916 sentio.-
704 2882 738 2917 si
772 2879 1050 2927 praeferatur,
1088 2880 1291 2916 iambicum
1332 2880 1573 2914 octonarium
1609 2879 1699 2924 fieri

165 2937 272 2969 recle
299 2936 442 2971 monuit
471 2935 685 2972 Muellerus
713 2937 740 2973 l.
770 2938 796 2973 l.
908 2946 1026 2972 meum
1057 2937 1278 2973 deleueram
1309 2936 1395 2971 olim
