1942 3204
704 795 1200 851 PRAEFATIO

306 1029 581 1071 Retractatae
631 1028 830 1071 secundis
879 1029 992 1071 curis
1042 1029 1262 1071 scaenicae
1313 1028 1455 1084 poesis
1504 1028 1721 1084 reliquiae,

186 1115 293 1156 quas
325 1103 426 1143 ante
465 1102 670 1156 quattuor
707 1101 840 1142 ferme
878 1100 1015 1143 lustra
1046 1099 1384 1143 adulescentiam
1415 1100 1485 1142 vix
1522 1113 1720 1156 egressus

185 1173 406 1227 tamquam
426 1171 639 1227 primitias
659 1171 899 1214 studiorum
919 1171 1049 1227 edidi,
1080 1172 1195 1227 quod
1215 1171 1363 1214 multis
1382 1171 1488 1213 locis
1508 1170 1719 1213 diversam

185 1245 314 1298 atque
333 1245 383 1285 ut
414 1257 538 1298 spero
570 1242 817 1298 probiorem
848 1243 990 1298 priore
1021 1243 1207 1286 formam
1238 1242 1491 1298 induerunt,
1521 1256 1612 1284 non
1643 1242 1719 1284 mi-

185 1314 351 1356 rabitur
387 1314 477 1370 qui,
515 1316 725 1369 quantum
762 1314 809 1356 in
839 1314 908 1356 his
944 1314 1100 1356 litteris
1137 1315 1234 1370 plus
1272 1307 1428 1371 viginti
1465 1327 1542 1369 per
1581 1327 1720 1356 annos

185 1385 453 1428 elaboratum
485 1385 559 1441 sit,
590 1385 735 1428 animo
767 1386 1043 1441 reputaverit.
1086 1384 1201 1428 Nam
1233 1388 1277 1428 et
1306 1386 1450 1428 fontes
1481 1383 1720 1428 frustorum

184 1457 268 1512 ipsi
298 1456 422 1500 novis
454 1457 613 1512 partim
645 1456 842 1499 codicum
874 1456 1076 1499 subsidiis
1107 1456 1310 1499 instructi
1342 1458 1471 1511 atque
1503 1455 1720 1498 emendati

185 1530 288 1571 sunt
327 1531 371 1570 et
401 1528 611 1570 sermonis
650 1528 818 1584 antiqui
850 1528 1042 1585 cognitio
1075 1543 1164 1571 una
1195 1542 1292 1570 cum
1331 1527 1559 1583 prosodiae
1596 1526 1719 1569 artis-

186 1613 268 1655 que
300 1598 503 1641 metricae
536 1599 717 1642 scientia
748 1599 979 1643 coniuncto
1011 1600 1248 1642 multorum
1285 1598 1428 1642 studio
1460 1601 1593 1656 atque
1621 1611 1719 1640 acu-

185 1670 318 1726 mine,
348 1670 570 1726 praecla‘ra
588 1670 786 1726 inprimis
806 1671 1079 1727 sospitatoris
1097 1670 1290 1714 Plautini
1310 1670 1546 1727 sagacitate
1577 1668 1720 1712 multi-

184 1742 338 1785 fariam
358 1744 484 1784 aucta
504 1743 633 1797 atque
654 1742 707 1784 ad
733 1742 1046 1798 probabiliores
1065 1757 1240 1785 normas
1266 1742 1441 1784 redacta
1459 1743 1536 1783 est.
1567 1739 1719 1796 Neque

184 1828 350 1869 eorum,
388 1827 497 1869 quae
528 1812 705 1856 iuvenili
742 1814 810 1856 vel
841 1814 1016 1856 levitate
1047 1814 1116 1856 vel
1150 1813 1400 1855 infirmitate
1431 1826 1721 1868 peccaveram,

184 1885 414 1927 defuerunt
456 1886 738 1941 correctores,
788 1885 861 1941 qui
904 1899 1012 1941 quae
1051 1885 1326 1941 protulerunt
1369 1883 1494 1926 utilia
1530 1882 1720 1938 mihique

184 1956 378 1999 nondum
414 1956 529 1999 ultro
568 1956 744 2012 cognita
782 1958 826 1999 et
862 1956 1041 1999 inventa
1078 1971 1169 1999 non
1205 1955 1302 1998 ideo
1340 1955 1483 1997 minus
1522 1954 1721 2010 gnaviter

184 2027 339 2084 collegi
371 2029 500 2082 atque
539 2027 706 2069 excussi
713 2061 725 2083 ‚
763 2028 799 2070 si
835 2028 984 2070 livoris
1022 2030 1066 2070 et
1101 2026 1387 2084 malignitatis
1424 2025 1540 2068 notis
1578 2025 1719 2067 detur-

184 2101 288 2155 pata
318 2100 464 2141 essent
495 2111 545 2140 ac
576 2100 803 2141 venenata.
864 2098 1006 2150 Quid?
1043 2098 1158 2155 quod
1188 2112 1244 2140 ne
1280 2097 1510 2140 temeraria
1547 2096 1718 2152 quidem

185 2173 229 2212 et
258 2169 422 2212 futtilia
453 2168 679 2212 doctorum
709 2169 935 2212 hominum
961 2172 1206 2214 commenta
1232 2169 1405 2212 silentio
1437 2167 1719 2224 praetermisi,

186 2255 369 2297 quorum
395 2240 803 2284 commemoratione
830 2241 865 2284 si
897 2241 959 2284 nil
991 2241 1108 2284 aliud
1140 2243 1186 2283 at
1208 2241 1293 2283 hoc
1318 2240 1471 2282 saltem
1497 2237 1719 2293 efficietur,

185 2303 234 2355 ut
256 2326 311 2354 ne
342 2311 499 2354 iterum
526 2311 766 2368 iterumque
794 2315 938 2356 vetera
964 2313 1132 2356 somnia
1157 2327 1234 2368 pro
1263 2312 1351 2354 suis
1370 2310 1594 2354 venditent
1620 2323 1718 2352 con·

185 2383 380 2425 iectoreS.
439 2381 554 2425 Nam
580 2383 745 2427 alienus
777 2383 831 2426 ab
864 2398 1012 2427 eorum
1042 2383 1218 2427 fastidio
1251 2397 1346 2425 sum
1378 2384 1421 2424 et
1453 2380 1588 2423 atroci
1620 2394 1718 2423 con-

186 2453 382 2509 fidentia,
420 2453 493 2509 qui
524 2453 673 2497 critica
710 2454 872 2498 scilicet
909 2456 1137 2498 severitate
1175 2467 1377 2496 excussos
1413 2454 1557 2495 textus
1595 2451 1718 2493 edere

185 2524 367 2581 professi
398 2539 477 2581 pro
511 2539 588 2568 suo
621 2525 799 2569 arbitrio
836 2526 904 2568 vel
942 2526 1185 2582 principum
1222 2525 1268 2567 in
1304 2524 1386 2567 hac
1425 2526 1516 2566 arte
1553 2522 1717 2565 coniec-

185 2599 304 2638 turas
336 2595 533 2653 egregias
564 2611 654 2639 non
687 2611 887 2653 spernere
918 2599 1108 2652 tantum,
1139 2596 1213 2639 sed
1242 2595 1477 2650 oblivione,
1508 2596 1717 2649 quantum

184 2667 231 2709 in
260 2666 367 2723 ipsis
398 2669 482 2723 est,
513 2681 706 2722 premere
738 2667 937 2711 audeant.

303 2736 457 2780 Grates
500 2752 602 2781 vero
639 2738 870 2794 laudesque
915 2739 1187 2795 gratissimae
1231 2737 1424 2794 agendae
1470 2738 1572 2778 sunt
1614 2735 1717 2777 viris

186 2809 335 2852 amicis
378 2812 422 2851 et
468 2809 578 2852 bene
622 2810 885 2865 volentibus,
934 2810 1007 2865 qui
1051 2810 1117 2851 vel
1161 2823 1276 2864 penu
1326 2807 1473 2849 critico
1519 2806 1715 2862 suppedi-

186 2879 318 2922 tando
368 2879 652 2923 fundamenta
701 2895 856 2936 operae
906 2895 1027 2923 meae
1077 2880 1449 2935 amplificaverunt
1491 2880 1534 2920 et
1577 2878 1716 2920 firma-
