1942 3204
255 191 339 235 250
571 193 636 226 EX
661 193 886 227 INCERTIS
912 191 1235 226 INCERTORVM
1259 191 1469 227 FABVLIS

259 298 342 342 105
374 298 467 349 Qua
497 299 632 355 ponto
666 298 719 340 ab
750 297 897 341 Helles
929 298 1057 354 atque
1090 298 1143 341 ab
1176 297 1299 340 Ionio
1332 297 1441 340 mari

373 375 566 432 Vrgetur
596 375 798 443 Isthmus.

426 466 430 470 ·
969 452 1070 496 LVI

376 530 507 581 Quasi
538 530 684 574 Helles
717 532 899 587 pontum
931 532 974 573 et
1005 531 1191 573 claustra
1236 563 1458 573 .....

961 625 1084 668 LVII

323 751 325 753 ¹
374 705 558 746 Tantalo
591 705 849 760 prognatus,
879 704 1037 760 Pelope
1069 704 1215 759 natus,
1247 704 1319 759 qui
1351 703 1569 759 quondam
1601 704 1626 745 a
1658 718 1781 746 socru

375 780 594 824 Oenomao
626 795 726 838 rege
758 779 1104 837 Hippodameam
1135 781 1270 837 raptis
1303 782 1507 823 nanetust
1537 780 1711 837 nuptiis.

877 876 1023 919 Lvm
1056 874 1153 933 (13)

261 954 343 996 110
373 953 453 996 'Ob
486 954 646 996 seelera
678 954 894 1010 animique
926 953 1213 1010 inpotentiam
1245 955 1288 996 et
1319 954 1758 1010 superbiloquentiam

258 1095 287 1117 e.
307 1096 339 1127 q.
359 1095 387 1119 s.
416 1088 563 1117 ‘seruus
588 1087 658 1117 est:
686 1085 844 1128 quinque
870 1085 1011 1118 modios
1038 1085 1178 1127 accipit
1204 1087 1241 1117 et
1257 1085 1415 1127 quinque
1433 1084 1632 1116 denarios)
1666 1084 1780 1125 Quin-

255 1129 409 1162 tilianus
426 1130 477 1161 IX
495 1133 528 1171 4,
548 1132 612 1163 140
637 1131 783 1173 ‘itaque
810 1130 1036 1173 tragoediae.
1061 1131 1124 1163 ubi
1140 1140 1292 1162 necesse
1316 1135 1390 1170 est,
1418 1129 1651 1162 adfectamus
1670 1130 1780 1161 etiam

252 1178 427 1207 tumorem
446 1186 488 1207 ex
507 1175 680 1217 spondeis
697 1179 808 1218 atque
827 1176 974 1216 iambis,
1000 1176 1152 1218 quibus’
1177 1174 1275 1217 (add.
1294 1174 1543 1218 Spaldingius,
1571 1185 1643 1209 om.
1661 1174 1779 1214 codd.)

255 1221 429 1253 ‘maxime
461 1222 689 1253 continetur:
727 1231 778 1254 en
808 1222 976 1264 impero
1009 1245 1043 1253 ..
1065 1245 1072 1253 .
1103 1220 1295 1262 Pelops.’
1344 1220 1475 1253 Cicero
1509 1223 1603 1254 orat.
1627 1221 1691 1259 49,
1723 1221 1784 1253 163

256 1266 408 1307 ‘uerba,
434 1268 475 1297 ut
499 1276 610 1308 supra
635 1266 810 1305 diximus,
835 1265 993 1309 legenda
1019 1269 1103 1298 sunt
1127 1266 1354 1308 potissimum
1379 1265 1469 1298 bene
1496 1265 1688 1307 sonantia,
1717 1264 1784 1298 sed

254 1322 299 1343 ea
323 1321 394 1343 non
412 1314 452 1343 ut
469 1315 598 1353 poetae
619 1312 803 1353 exquisita
821 1311 865 1344 ad
884 1322 1025 1351 sonum,
1054 1311 1120 1344 sed
1137 1314 1282 1353 sumpta
1301 1311 1344 1343 de
1360 1310 1490 1342 medio.
1525 1311 1621 1351 Qua
1646 1313 1783 1353 ponto

256 1356 309 1388 ab
336 1356 496 1388 Helles
522 1360 670 1399 superat
694 1357 864 1392 modum)
914 1355 968 1389 cf.
999 1356 1209 1389 Meinekius
1234 1356 1385 1398 Ephem.
1412 1355 1528 1388 Marb.
1556 1356 1643 1388 1844
1666 1366 1702 1398 p.
1729 1357 1783 1396 15,

254 1401 332 1433 Alb.
358 1401 523 1443 Langius
549 1405 692 1443 quaest.
718 1405 820 1437 metr.
849 1405 903 1443 30,
930 1401 1065 1435 Bernh.
1091 1401 1313 1434 Schmidtius
1339 1411 1427 1433 mus.
1453 1401 1569 1436 Rhen.
1594 1400 1676 1432 XVI
1703 1402 1782 1442 598,

254 1457 356 1479 meae
382 1446 539 1488 denique
565 1446 610 1479 de
635 1447 827 1489 particulis
852 1448 953 1479 Latt.
977 1447 1091 1488 symb.
1109 1458 1142 1488 p.
1161 1447 1214 1479 36.
1306 1447 1390 1480 LVI
1405 1446 1522 1478 Varro
1548 1445 1591 1478 de
1609 1445 1633 1479 l.
1654 1446 1696 1478 L.
1714 1446 1783 1478 VII

253 1493 292 1524 21
321 1493 496 1534 ‘quasi'
523 1502 554 1524 e.
575 1503 607 1535 q.
626 1503 652 1525 s.
679 1492 925 1533 ‘claustra,
953 1492 1050 1534 quod
1074 1492 1215 1524 Xerxes
1233 1491 1413 1534 quondam
1439 1501 1520 1524 eum
1536 1491 1658 1523 locum
1683 1490 1783 1523 elau-

253 1537 319 1576 sit;
346 1547 429 1569 nam
454 1540 495 1569 ut
511 1537 652 1570 Ennius
676 1539 745 1570 ait:
770 1538 874 1581 isque
899 1537 1141 1580 Hellesponto
1159 1539 1305 1579 pontem
1331 1536 1521 1569 contendit
1538 1536 1575 1568 in
1594 1535 1686 1576 alto3
1712 1536 1784 1568 nisi

253 1583 376 1624 potius
407 1582 453 1614 ab
488 1593 530 1615 eo
563 1583 656 1624 quod
682 1583 771 1615 Asia
802 1586 839 1615 et
868 1583 1015 1625 Europa
1046 1582 1109 1614 ubi
1135 1581 1298 1624 collidit,
1332 1592 1432 1614 mare
1463 1581 1562 1614 inter
1591 1581 1784 1624 angustias

254 1628 345 1660 facit
361 1628 599 1670 Propontidis
623 1628 778 1663 fauces)
816 1627 989 1670 (Cassiz
1014 1627 1359 1670 Hellespontum
1383 1628 1425 1661 Ο.
1444 1625 1646 1660 Muellerus
1671 1625 1782 1659 Cas-

251 1673 364 1705 sius:
390 1672 743 1716 Hellespontum
775 1673 969 1716 Scioppius
995 1673 1034 1706 C.
1061 1673 1239 1706 Accius:
1271 1671 1616 1714 Hellespontum
1651 1671 1783 1704 Cante-

253 1728 314 1750 rus
338 1718 431 1751 Nou.
458 1718 561 1750 Lect.
589 1719 619 1750 V
645 1720 704 1758 26,
722 1719 888 1754 Vrsinus.
918 1719 965 1751 cf.
993 1718 1160 1760 Scaliger
1187 1717 1289 1750 Coni.
1317 1728 1350 1760 p.
1376 1716 1433 1759 69)
1526 1716 1628 1750 LVII
1653 1715 1782 1750 Cicero

253 1764 362 1796 Tusc.
390 1763 484 1806 disp.
507 1764 563 1796 III
582 1765 641 1802 12,
659 1765 702 1796 26
728 1764 1020 1806 ‘aegritudinem
1043 1788 1051 1796 .
1066 1789 1074 1797 .
1090 1788 1097 1797 .
1121 1763 1347 1806 depellamus
1371 1788 1400 1796 ..
1415 1788 1423 1796 .
1447 1762 1568 1805 qualis
1593 1763 1689 1795 enim
1713 1762 1784 1795 tibi

253 1808 318 1841 ille
350 1808 498 1841 uidetur
528 1809 745 1843 Tantalo’
779 1821 811 1844 e.
842 1820 875 1852 q.
910 1820 935 1842 s.
986 1809 1107 1842 ‘Iouis
1140 1809 1212 1841 iste
1245 1807 1389 1851 quidem
1419 1818 1611 1851 pronepos.
1658 1811 1782 1840 tamne

252 1865 339 1896 ergo
370 1854 538 1887 abiectus
564 1858 710 1897 tamque
737 1853 903 1888 fractus?
950 1854 1090 1894 Nolite,
1114 1854 1254 1896 inquit,
1279 1853 1463 1896 hospites’
1490 1863 1520 1885 e.
1548 1863 1582 1895 q.
1607 1863 1634 1888 s.
1671 1850 1782 1896 [Enn.

251 1899 342 1942 Thy.
367 1898 470 1940 VIII]
514 1902 554 1932 tu
586 1902 641 1939 te,
674 1900 889 1942 Thyesta,
922 1899 1114 1932 damnabis
1144 1899 1366 1941 orbabisque
1402 1898 1484 1931 luce
1521 1901 1670 1941 propter
1706 1898 1782 1930 uim

254 1945 404 1977 sceleris
431 1944 589 1978 alieni?’
638 1945 815 1979 Numeros
845 1944 1036 1978 constituit
1060 1944 1270 1985 Bentleius,
1305 1954 1410 1986 quem
1439 1947 1564 1976 tamen
1588 1943 1782 1985 sequentia

253 1991 366 2022 etiam
391 1991 512 2023 Iouis
536 1990 625 2023 iste
652 1991 825 2033 quidem
849 2000 1074 2033 pronepos
1098 1990 1217 2021 minus
1235 1991 1335 2021 recte
1359 1992 1493 2031 poetae
1510 1988 1657 2021 dedisse
1674 1988 1780 2021 intel-

251 2034 343 2068 lexit
367 2039 451 2078 post
466 2036 659 2069 Dauisium
677 2036 830 2069 Wolfius
846 2037 878 2069 2.
906 2036 1062 2078 Sumpta
1082 2035 1240 2067 fortasse
1257 2037 1342 2068 sunt
1363 2045 1407 2066 ex
1426 2034 1535 2066 Ennii
1552 2033 1725 2075 Thyeste.

251 2080 374 2114 LVIII
400 2080 530 2113 Cicero
555 2081 662 2114 Tusc.
680 2080 773 2124 disp.
792 2081 843 2114 1v
863 2082 920 2118 16,
947 2082 991 2114 35
1015 2083 1140 2122 ‘quam
1165 2080 1239 2111 uim
1264 2079 1348 2112 mali
1372 2078 1622 2120 significantes
1647 2081 1780 2121 poetae

251 2126 515 2168 impendere
546 2127 664 2169 apud
695 2126 871 2159 inferos
903 2136 1052 2159 saxum
1083 2124 1279 2157 Tantalo
1312 2124 1454 2157 faciunt
1490 2124 1540 2156 ob
1577 2123 1780 2156 scelera’

252 2281 450 2318 per-oasgus
490 2271 596 2308 Goth.
636 2281 837 2319 peroargus
869 2269 996 2316 Guelf.
1033 2268 1314 2317 llyperoreogus
1345 2268 1548 2316 Aryenlor.
1580 2266 1779 2315 llyperoar-

254 2338 324 2375 gus
355 2328 495 2374 reliqui
589 2328 723 2375 scripta
755 2327 980 2372 Quintiliani
1007 2325 1218 2373 Aryenlor.
1250 2335 1360 2373 regna
1383 2324 1552 2370 Seneca,
1585 2325 1688 2371 quod
1714 2326 1779 2360 im-

251 2386 382 2419 merito
406 2388 535 2420 tuetur
555 2384 703 2421 Bernh.
727 2383 960 2420 Schmidlius
1058 2382 1104 2418 mi
1138 2382 1338 2420 Turnebus
1436 2381 1536 2417 licuit
1558 2380 1783 2425 Quintiliani

252 2439 384 2476 Bamb.
416 2442 545 2486 suppl.
570 2441 708 2477 Lassb.
737 2440 894 2489 Aryent.
1015 2437 1094 2476 105
1124 2443 1238 2486 ponto
1268 2436 1389 2473 llelles
1422 2438 1516 2474 Gud.
1541 2448 1562 2473 c
1586 2436 1779 2474 Ciceronis

251 2501 385 2544 pontus
417 2496 537 2532 Helles
567 2499 688 2534 ceteri
717 2495 911 2534 Ciceronis
939 2496 1029 2532 libri
1144 2493 1222 2532 107
1254 2493 1495 2541 ellespontum
1524 2494 1632 2530 Flor.
1736 2492 1779 2528 ad

251 2552 480 2600 Hellesponti
509 2553 664 2590 claustra
686 2553 861 2602 Scaliyer
882 2552 985 2590 Coni.
1006 2563 1046 2598 p.
1071 2551 1121 2589 69
1219 2549 1373 2588 Conieci
1402 2549 1509 2594 Quasi
1539 2549 1659 2586 Helles
1688 2560 1779 2597 pon-

252 2615 326 2645 tum
358 2608 513 2645 claustra
543 2610 666 2646 dicunt
686 2610 860 2646 maritima
950 2608 1028 2646 108
1049 2618 1157 2645 socru
1178 2607 1378 2644 Bentleius
1406 2617 1534 2643 socero
1555 2607 1645 2642 libri
1672 2616 1777 2642 soero

250 2667 428 2703 Klotzius
560 2666 636 2704 109
674 2667 784 2714 raptis
816 2667 912 2703 Gud.
943 2666 1038 2714 Rey.
1069 2664 1190 2701 Bern.
1222 2665 1289 2700 alii
1325 2656 1433 2700 codd.
1466 2663 1619 2700 Davisii
1652 2667 1777 2710 raptus

250 2727 286 2758 el
307 2734 430 2769 supra
457 2723 522 2759 lin.
555 2723 672 2771 ruptis
695 2722 816 2759 Rehd.
848 2723 956 2758 raetis
981 2722 1107 2758 Marb.
1130 2723 1254 2768 raptus
1275 2719 1373 2756 Pith.
1400 2720 1520 2756 oxon.
1543 2730 1643 2756 unus
1673 2723 1779 2766 raptu

250 2779 449 2815 Bentleius
563 2784 730 2816 nanetust
762 2779 979 2827 Treyderus
1009 2783 1158 2815 nanctus
1191 2775 1287 2813 Gud.
1310 2775 1404 2824 Περ.
1436 2780 1562 2812 nactus
1592 2780 1648 2811 est
1677 2775 1776 2811 Pilk.

251 2836 364 2871 nactis
386 2836 509 2872 Rehd.
541 2847 589 2872 m.
617 2848 681 2882 pr.
715 2841 841 2872 uaelus
863 2835 990 2872 Marb.
1022 2839 1148 2871 nactus
1173 2834 1354 2871 Bru-rell.
1387 2843 1471 2869 cum
1501 2834 1641 2868 ceteris
1669 2832 1778 2869 libris

251 2891 406 2928 nactu’st
436 2891 636 2929 Bentleius
722 2893 818 2929 nutis
850 2891 945 2940 Rey.
