<?xml version="1.0" encoding="UTF-8"?>
<!DOCTYPE html PUBLIC "-//W3C//DTD XHTML 1.0 Transitional//EN"
    "http://www.w3.org/TR/xhtml1/DTD/xhtml1-transitional.dtd">
<html xmlns="http://www.w3.org/1999/xhtml" xml:lang="en" lang="en">
 <head>
  <title>
</title>
<meta http-equiv="Content-Type" content="text/html;charset=utf-8" />
  <meta name='ocr-system' content='tesseract 3.04.00' />
  <meta name='ocr-capabilities' content='ocr_page ocr_carea ocr_par ocr_line ocrx_word'/>
</head>
<body>
  <div class='ocr_page' id='page_1' title='image "./romanorumpoes01ribbuoft_0015.png"; bbox 0 0 1942 3204; ppageno 0'>
   <div class='ocr_carea' id='block_1_1' title="bbox 726 215 1670 269">
    <p class='ocr_par' dir='ltr' id='par_1_1' title="bbox 726 215 1670 269">
     <span class='ocr_line' id='line_1_1' title="bbox 726 215 1670 269; baseline 0 -2"><span class='ocrx_word' id='word_1_1' title='bbox 726 215 1079 269; x_wconf 73' lang='lat' dir='ltr'>‹·(›uo1.r.Aa1vM</span> <span class='ocrx_word' id='word_1_2' title='bbox 1624 233 1670 267; x_wconf 74' lang='lat' dir='ltr'>xi</span> 
     </span>
    </p>
   </div>
   <div class='ocr_carea' id='block_1_2' title="bbox 140 342 1671 458">
    <p class='ocr_par' dir='ltr' id='par_1_2' title="bbox 140 342 1671 458">
     <span class='ocr_line' id='line_1_2' title="bbox 260 342 1671 399; baseline -0.004 -13"><span class='ocrx_word' id='word_1_3' title='bbox 260 343 311 386; x_wconf 88' lang='lat' dir='ltr'>V.</span> <span class='ocrx_word' id='word_1_4' title='bbox 343 344 395 386; x_wconf 87' lang='lat'>41</span> <span class='ocrx_word' id='word_1_5' title='bbox 442 343 651 386; x_wconf 81' lang='lat' dir='ltr'>incertum</span> <span class='ocrx_word' id='word_1_6' title='bbox 685 342 881 399; x_wconf 85' lang='lat' dir='ltr'>relinquo</span> <span class='ocrx_word' id='word_1_7' title='bbox 914 344 1056 385; x_wconf 88' lang='lat' dir='ltr'>utrum</span> <span class='ocrx_word' id='word_1_8' title='bbox 1095 342 1344 399; x_wconf 74' lang='lat' dir='ltr'>tragoediae</span> <span class='ocrx_word' id='word_1_9' title='bbox 1377 342 1433 385; x_wconf 84' lang='lat' dir='ltr'>sit</span> <span class='ocrx_word' id='word_1_10' title='bbox 1465 356 1519 384; x_wconf 79' lang='lat' dir='ltr'>an</span> <span class='ocrx_word' id='word_1_11' title='bbox 1553 357 1671 399; x_wconf 80' lang='lat' dir='ltr'>prae-</span> 
     </span>
     <span class='ocr_line' id='line_1_3' title="bbox 140 415 294 458; baseline 0 -1"><span class='ocrx_word' id='word_1_12' title='bbox 140 415 294 458; x_wconf 79' lang='lat' dir='ltr'>textae.</span> 
     </span>
    </p>
   </div>
   <div class='ocr_carea' id='block_1_3' title="bbox 133 557 1687 2974">
    <p class='ocr_par' dir='ltr' id='par_1_3' title="bbox 133 557 1676 1046">
     <span class='ocr_line' id='line_1_4' title="bbox 260 557 1673 617; baseline -0.001 -16"><span class='ocrx_word' id='word_1_13' title='bbox 260 558 387 615; x_wconf 79' lang='lat' dir='ltr'>Apud</span> <span class='ocrx_word' id='word_1_14' title='bbox 409 557 688 617; x_wconf 73' lang='lat' dir='ltr'>NAEVIVM</span> <span class='ocrx_word' id='word_1_15' title='bbox 722 557 765 600; x_wconf 87' lang='lat' dir='ltr'>iu</span> <span class='ocrx_word' id='word_1_16' title='bbox 798 572 836 599; x_wconf 88' lang='lat' dir='ltr'>v.</span> <span class='ocrx_word' id='word_1_17' title='bbox 857 560 883 599; x_wconf 82' lang='grc'>6</span> <span class='ocrx_word' id='word_1_18' title='bbox 917 571 1006 600; x_wconf 91' lang='lat' dir='ltr'>non</span> <span class='ocrx_word' id='word_1_19' title='bbox 1038 557 1302 600; x_wconf 82' lang='lat' dir='ltr'>laudaverim</span> <span class='ocrx_word' id='word_1_20' title='bbox 1336 558 1493 601; x_wconf 87' lang='lat' dir='ltr'>senarii</span> <span class='ocrx_word' id='word_1_21' title='bbox 1526 558 1570 600; x_wconf 91' lang='lat' dir='ltr'>in</span> <span class='ocrx_word' id='word_1_22' title='bbox 1603 559 1673 600; x_wconf 88' lang='lat' dir='ltr'>ad-</span> 
     </span>
     <span class='ocr_line' id='line_1_5' title="bbox 139 629 1673 687; baseline -0.002 -13"><span class='ocrx_word' id='word_1_23' title='bbox 139 631 365 674; x_wconf 79' lang='lat' dir='ltr'>notatione</span> <span class='ocrx_word' id='word_1_24' title='bbox 398 629 607 687; x_wconf 76' lang='lat' dir='ltr'>propositi</span> <span class='ocrx_word' id='word_1_25' title='bbox 640 643 860 684; x_wconf 82' lang='lat' dir='ltr'>numeros3</span> <span class='ocrx_word' id='word_1_26' title='bbox 900 629 974 671; x_wconf 83' lang='lat' dir='ltr'>sed</span> <span class='ocrx_word' id='word_1_27' title='bbox 1006 629 1040 671; x_wconf 89' lang='lat' dir='ltr'>si</span> <span class='ocrx_word' id='word_1_28' title='bbox 1073 644 1118 671; x_wconf 92' lang='lat' dir='ltr'>re</span> <span class='ocrx_word' id='word_1_29' title='bbox 1149 644 1250 672; x_wconf 88' lang='lat' dir='ltr'>vera</span> <span class='ocrx_word' id='word_1_30' title='bbox 1279 630 1426 684; x_wconf 67' lang='lat' dir='ltr'>probri</span> <span class='ocrx_word' id='word_1_31' title='bbox 1462 631 1541 673; x_wconf 73' lang='lat' dir='ltr'>scis</span> <span class='ocrx_word' id='word_1_32' title='bbox 1572 630 1673 671; x_wconf 86' lang='lat' dir='ltr'>olim</span> 
     </span>
     <span class='ocr_line' id='line_1_6' title="bbox 141 701 1675 758; baseline -0.001 -13"><span class='ocrx_word' id='word_1_33' title='bbox 141 702 187 746; x_wconf 89' lang='lat' dir='ltr'>in</span> <span class='ocrx_word' id='word_1_34' title='bbox 224 704 344 745; x_wconf 86' lang='lat' dir='ltr'>textu</span> <span class='ocrx_word' id='word_1_35' title='bbox 383 702 662 745; x_wconf 86' lang='lat' dir='ltr'>coniunctum</span> <span class='ocrx_word' id='word_1_36' title='bbox 694 701 794 756; x_wconf 84' lang='lat' dir='ltr'>fuit,</span> <span class='ocrx_word' id='word_1_37' title='bbox 832 701 980 744; x_wconf 81' lang='lat' dir='ltr'>faciles</span> <span class='ocrx_word' id='word_1_38' title='bbox 1019 702 1234 758; x_wconf 85' lang='lat' dir='ltr'>explicatu</span> <span class='ocrx_word' id='word_1_39' title='bbox 1273 704 1376 745; x_wconf 84' lang='lat' dir='ltr'>sunt</span> <span class='ocrx_word' id='word_1_40' title='bbox 1407 702 1675 757; x_wconf 70' lang='lat' dir='ltr'>corruptelae</span> 
     </span>
     <span class='ocr_line' id='line_1_7' title="bbox 133 772 1674 830; baseline -0.001 -14"><span class='ocrx_word' id='word_1_41' title='bbox 133 775 305 830; x_wconf 74' lang='lat' dir='ltr'>propris</span> <span class='ocrx_word' id='word_1_42' title='bbox 341 776 385 816; x_wconf 89' lang='lat' dir='ltr'>et</span> <span class='ocrx_word' id='word_1_43' title='bbox 418 774 612 828; x_wconf 70' lang='lat' dir='ltr'>propriis.</span> <span class='ocrx_word' id='word_1_44' title='bbox 680 772 793 815; x_wconf 86' lang='lat' dir='ltr'>Nam</span> <span class='ocrx_word' id='word_1_45' title='bbox 833 773 1088 829; x_wconf 77' lang='lat' dir='ltr'>ablativum,</span> <span class='ocrx_word' id='word_1_46' title='bbox 1134 788 1218 829; x_wconf 89' lang='lat' dir='ltr'>quo</span> <span class='ocrx_word' id='word_1_47' title='bbox 1256 774 1302 816; x_wconf 88' lang='lat' dir='ltr'>in</span> <span class='ocrx_word' id='word_1_48' title='bbox 1339 774 1422 816; x_wconf 83' lang='lat' dir='ltr'>hae</span> <span class='ocrx_word' id='word_1_49' title='bbox 1460 775 1674 816; x_wconf 81' lang='lat' dir='ltr'>structura</span> 
     </span>
     <span class='ocr_line' id='line_1_8' title="bbox 142 843 1675 901; baseline -0.001 -14"><span class='ocrx_word' id='word_1_50' title='bbox 142 860 245 887; x_wconf 88' lang='lat' dir='ltr'>usus</span> <span class='ocrx_word' id='word_1_51' title='bbox 270 847 336 887; x_wconf 87' lang='lat' dir='ltr'>est</span> <span class='ocrx_word' id='word_1_52' title='bbox 360 843 517 887; x_wconf 87' lang='lat' dir='ltr'>Accius</span> <span class='ocrx_word' id='word_1_53' title='bbox 542 860 580 886; x_wconf 88' lang='lat' dir='ltr'>v.</span> <span class='ocrx_word' id='word_1_54' title='bbox 606 844 681 900; x_wconf 82' lang='lat'>36,</span> <span class='ocrx_word' id='word_1_55' title='bbox 713 844 939 887; x_wconf 79' lang='lat' dir='ltr'>admittere</span> <span class='ocrx_word' id='word_1_56' title='bbox 970 845 1109 901; x_wconf 85' lang='lat' dir='ltr'>nolui,</span> <span class='ocrx_word' id='word_1_57' title='bbox 1141 845 1242 901; x_wconf 90' lang='lat' dir='ltr'>quia</span> <span class='ocrx_word' id='word_1_58' title='bbox 1267 846 1318 888; x_wconf 89' lang='lat' dir='ltr'>de</span> <span class='ocrx_word' id='word_1_59' title='bbox 1345 848 1496 901; x_wconf 84' lang='lat' dir='ltr'>stupro</span> <span class='ocrx_word' id='word_1_60' title='bbox 1529 847 1675 900; x_wconf 85' lang='lat' dir='ltr'>aperte</span> 
     </span>
     <span class='ocr_line' id='line_1_9' title="bbox 142 915 1676 973; baseline -0.001 -14"><span class='ocrx_word' id='word_1_61' title='bbox 142 931 283 959; x_wconf 86' lang='lat' dir='ltr'>sermo</span> <span class='ocrx_word' id='word_1_62' title='bbox 327 919 409 972; x_wconf 83' lang='lat' dir='ltr'>est,</span> <span class='ocrx_word' id='word_1_63' title='bbox 452 930 542 959; x_wconf 91' lang='lat' dir='ltr'>non</span> <span class='ocrx_word' id='word_1_64' title='bbox 586 916 638 958; x_wconf 90' lang='lat' dir='ltr'>de</span> <span class='ocrx_word' id='word_1_65' title='bbox 683 916 777 958; x_wconf 91' lang='lat' dir='ltr'>aliis</span> <span class='ocrx_word' id='word_1_66' title='bbox 823 915 1083 972; x_wconf 82' lang='lat' dir='ltr'>opprobriis3</span> <span class='ocrx_word' id='word_1_67' title='bbox 1127 919 1171 959; x_wconf 91' lang='lat' dir='ltr'>et</span> <span class='ocrx_word' id='word_1_68' title='bbox 1214 917 1462 973; x_wconf 83' lang='lat' dir='ltr'>genetivum</span> <span class='ocrx_word' id='word_1_69' title='bbox 1506 915 1676 959; x_wconf 80' lang='lat' dir='ltr'>Ennius</span> 
     </span>
     <span class='ocr_line' id='line_1_10' title="bbox 142 987 821 1046; baseline 0 -17"><span class='ocrx_word' id='word_1_70' title='bbox 142 1002 311 1044; x_wconf 90' lang='lat' dir='ltr'>quoque</span> <span class='ocrx_word' id='word_1_71' title='bbox 342 1003 380 1030; x_wconf 92' lang='lat' dir='ltr'>v.</span> <span class='ocrx_word' id='word_1_72' title='bbox 412 987 500 1030; x_wconf 82' lang='lat'>352</span> <span class='ocrx_word' id='word_1_73' title='bbox 531 988 748 1046; x_wconf 76' lang='lat' dir='ltr'>praetulit.</span> <span class='ocrx_word' id='word_1_74' title='bbox 807 1007 821 1021; x_wconf 86' lang='lat'><em>-</em></span> 
     </span>
    </p>

    <p class='ocr_par' dir='ltr' id='par_1_4' title="bbox 144 1059 1681 1617">
     <span class='ocr_line' id='line_1_11' title="bbox 262 1059 1677 1114; baseline -0.001 -12"><span class='ocrx_word' id='word_1_75' title='bbox 262 1059 316 1102; x_wconf 88' lang='lat' dir='ltr'>V.</span> <span class='ocrx_word' id='word_1_76' title='bbox 338 1060 361 1102; x_wconf 84' lang='lat'><strong>7</strong></span> <span class='ocrx_word' id='word_1_77' title='bbox 391 1059 626 1102; x_wconf 87' lang='lat' dir='ltr'>servandus</span> <span class='ocrx_word' id='word_1_78' title='bbox 652 1059 799 1114; x_wconf 90' lang='lat' dir='ltr'>utique</span> <span class='ocrx_word' id='word_1_79' title='bbox 825 1059 908 1101; x_wconf 86' lang='lat' dir='ltr'>fuit</span> <span class='ocrx_word' id='word_1_80' title='bbox 934 1060 1072 1102; x_wconf 87' lang='lat' dir='ltr'>exitus</span> <span class='ocrx_word' id='word_1_81' title='bbox 1098 1062 1297 1103; x_wconf 65' lang='lat' dir='ltr'>mmmm</span> <span class='ocrx_word' id='word_1_82' title='bbox 1327 1074 1535 1103; x_wconf 70' lang='lat' dir='ltr'>mamma.</span> <span class='ocrx_word' id='word_1_83' title='bbox 1586 1059 1677 1101; x_wconf 81' lang='lat' dir='ltr'>Iam</span> 
     </span>
     <span class='ocr_line' id='line_1_12' title="bbox 145 1131 1679 1188; baseline -0.001 -14"><span class='ocrx_word' id='word_1_84' title='bbox 145 1131 259 1187; x_wconf 83' lang='lat' dir='ltr'>quod</span> <span class='ocrx_word' id='word_1_85' title='bbox 298 1131 457 1188; x_wconf 86' lang='lat' dir='ltr'>legitur</span> <span class='ocrx_word' id='word_1_86' title='bbox 487 1131 600 1173; x_wconf 75' lang='lat' dir='ltr'>iubeo</span> <span class='ocrx_word' id='word_1_87' title='bbox 631 1133 862 1186; x_wconf 83' lang='lat' dir='ltr'>postquam</span> <span class='ocrx_word' id='word_1_88' title='bbox 894 1146 1101 1187; x_wconf 84' lang='lat' dir='ltr'>perquam</span> <span class='ocrx_word' id='word_1_89' title='bbox 1139 1132 1421 1188; x_wconf 86' lang='lat' dir='ltr'>probabiliter</span> <span class='ocrx_word' id='word_1_90' title='bbox 1451 1132 1498 1173; x_wconf 88' lang='lat' dir='ltr'>in</span> <span class='ocrx_word' id='word_1_91' title='bbox 1538 1131 1679 1173; x_wconf 69' lang='lat' dir='ltr'>nimo</span> 
     </span>
     <span class='ocr_line' id='line_1_13' title="bbox 144 1201 1678 1258; baseline -0.001 -12"><span class='ocrx_word' id='word_1_92' title='bbox 144 1202 330 1246; x_wconf 80' lang='lat' dir='ltr'>correxit</span> <span class='ocrx_word' id='word_1_93' title='bbox 354 1201 662 1258; x_wconf 82' lang='lat' dir='ltr'>Buechelerus,</span> <span class='ocrx_word' id='word_1_94' title='bbox 693 1216 743 1244; x_wconf 85' lang='lat' dir='ltr'>ex</span> <span class='ocrx_word' id='word_1_95' title='bbox 775 1202 915 1258; x_wconf 88' lang='lat' dir='ltr'>primo</span> <span class='ocrx_word' id='word_1_96' title='bbox 940 1203 1150 1245; x_wconf 86' lang='lat' dir='ltr'>vocabulo</span> <span class='ocrx_word' id='word_1_97' title='bbox 1176 1204 1312 1246; x_wconf 73' lang='lat' dir='ltr'>animi</span> <span class='ocrx_word' id='word_1_98' title='bbox 1342 1219 1431 1246; x_wconf 90' lang='lat' dir='ltr'>non</span> <span class='ocrx_word' id='word_1_99' title='bbox 1464 1203 1578 1258; x_wconf 92' lang='lat' dir='ltr'>quod</span> <span class='ocrx_word' id='word_1_100' title='bbox 1610 1202 1678 1244; x_wconf 79' lang='lat' dir='ltr'>hie</span> 
     </span>
     <span class='ocr_line' id='line_1_14' title="bbox 144 1273 1679 1331; baseline -0.001 -14"><span class='ocrx_word' id='word_1_101' title='bbox 144 1274 372 1331; x_wconf 85' lang='lat' dir='ltr'>proposuit</span> <span class='ocrx_word' id='word_1_102' title='bbox 396 1287 504 1325; x_wconf 82' lang='lat' dir='ltr'>eam,</span> <span class='ocrx_word' id='word_1_103' title='bbox 537 1273 611 1316; x_wconf 88' lang='lat' dir='ltr'>sed</span> <span class='ocrx_word' id='word_1_104' title='bbox 640 1274 802 1316; x_wconf 61' lang='lat' dir='ltr'>annuis</span> <span class='ocrx_word' id='word_1_105' title='bbox 821 1273 1076 1316; x_wconf 90' lang='lat' dir='ltr'>eliciendum</span> <span class='ocrx_word' id='word_1_106' title='bbox 1102 1289 1194 1317; x_wconf 87' lang='lat' dir='ltr'>esse</span> <span class='ocrx_word' id='word_1_107' title='bbox 1221 1275 1424 1317; x_wconf 84' lang='lat' dir='ltr'>intellexi.</span> <span class='ocrx_word' id='word_1_108' title='bbox 1461 1274 1679 1316; x_wconf 85' lang='lat' dir='ltr'>Incertum</span> 
     </span>
     <span class='ocr_line' id='line_1_15' title="bbox 144 1343 1680 1402; baseline -0.001 -14"><span class='ocrx_word' id='word_1_109' title='bbox 144 1347 291 1389; x_wconf 89' lang='lat' dir='ltr'>utrum</span> <span class='ocrx_word' id='word_1_110' title='bbox 321 1359 385 1388; x_wconf 79' lang='lat' dir='ltr'>me</span> <span class='ocrx_word' id='word_1_111' title='bbox 415 1359 512 1387; x_wconf 85' lang='lat' dir='ltr'>cum</span> <span class='ocrx_word' id='word_1_112' title='bbox 544 1343 693 1387; x_wconf 86' lang='lat' dir='ltr'>Grotio</span> <span class='ocrx_word' id='word_1_113' title='bbox 726 1349 828 1388; x_wconf 91' lang='lat' dir='ltr'>ante</span> <span class='ocrx_word' id='word_1_114' title='bbox 858 1347 1029 1388; x_wconf 75' lang='lat' dir='ltr'>memini</span> <span class='ocrx_word' id='word_1_115' title='bbox 1059 1361 1116 1388; x_wconf 90' lang='lat' dir='ltr'>an</span> <span class='ocrx_word' id='word_1_116' title='bbox 1149 1350 1184 1389; x_wconf 77' lang='lat' dir='ltr'>te</span> <span class='ocrx_word' id='word_1_117' title='bbox 1220 1350 1321 1402; x_wconf 87' lang='lat' dir='ltr'>post</span> <span class='ocrx_word' id='word_1_118' title='bbox 1357 1348 1492 1389; x_wconf 66' lang='lat' dir='ltr'>lavere</span> <span class='ocrx_word' id='word_1_119' title='bbox 1523 1345 1680 1387; x_wconf 85' lang='lat' dir='ltr'>rectius</span> 
     </span>
     <span class='ocr_line' id='line_1_16' title="bbox 147 1414 1680 1474; baseline -0.001 -14"><span class='ocrx_word' id='word_1_120' title='bbox 147 1418 411 1474; x_wconf 83' lang='lat' dir='ltr'>suppleatur.</span> <span class='ocrx_word' id='word_1_121' title='bbox 466 1414 666 1459; x_wconf 83' lang='lat' dir='ltr'>Ceterum</span> <span class='ocrx_word' id='word_1_122' title='bbox 699 1417 818 1460; x_wconf 88' lang='lat' dir='ltr'>cuius</span> <span class='ocrx_word' id='word_1_123' title='bbox 854 1418 984 1461; x_wconf 90' lang='lat' dir='ltr'>verba</span> <span class='ocrx_word' id='word_1_124' title='bbox 1017 1419 1122 1474; x_wconf 88' lang='lat' dir='ltr'>sint,</span> <span class='ocrx_word' id='word_1_125' title='bbox 1160 1419 1386 1461; x_wconf 87' lang='lat' dir='ltr'>nescimus.</span> <span class='ocrx_word' id='word_1_126' title='bbox 1455 1415 1680 1460; x_wconf 83' lang='lat' dir='ltr'>Somnium</span> 
     </span>
     <span class='ocr_line' id='line_1_17' title="bbox 148 1488 1681 1546; baseline -0.001 -15"><span class='ocrx_word' id='word_1_127' title='bbox 148 1489 320 1544; x_wconf 86' lang='lat' dir='ltr'>mulier,</span> <span class='ocrx_word' id='word_1_128' title='bbox 367 1489 551 1531; x_wconf 84' lang='lat' dir='ltr'>fortasse</span> <span class='ocrx_word' id='word_1_129' title='bbox 600 1488 777 1545; x_wconf 89' lang='lat' dir='ltr'>Danae,</span> <span class='ocrx_word' id='word_1_130' title='bbox 826 1490 871 1532; x_wconf 93' lang='lat' dir='ltr'>in</span> <span class='ocrx_word' id='word_1_131' title='bbox 922 1489 1149 1546; x_wconf 84' lang='lat' dir='ltr'>Sophoclis</span> <span class='ocrx_word' id='word_1_132' title='bbox 1199 1489 1368 1532; x_wconf 84' lang='lat' dir='ltr'>Acrisio</span> <span class='ocrx_word' id='word_1_133' title='bbox 1418 1490 1681 1531; x_wconf 87' lang='lat' dir='ltr'>narraverat.</span> 
     </span>
     <span class='ocr_line' id='line_1_18' title="bbox 146 1558 415 1617; baseline 0 -15"><span class='ocrx_word' id='word_1_134' title='bbox 146 1558 223 1616; x_wconf 88' lang='lat' dir='ltr'>(fr.</span> <span class='ocrx_word' id='word_1_135' title='bbox 254 1560 311 1603; x_wconf 87' lang='lat'>63</span> <span class='ocrx_word' id='word_1_136' title='bbox 344 1559 415 1617; x_wconf 89' lang='lat' dir='ltr'>D.)</span> 
     </span>
    </p>

    <p class='ocr_par' dir='ltr' id='par_1_5' title="bbox 146 1630 1683 1973">
     <span class='ocr_line' id='line_1_19' title="bbox 266 1630 1681 1690; baseline -0.001 -16"><span class='ocrx_word' id='word_1_137' title='bbox 266 1631 497 1674; x_wconf 69' lang='grc' dir='ltr'><em>Μαηαῦὶαε</em></span> <span class='ocrx_word' id='word_1_138' title='bbox 522 1632 566 1674; x_wconf 92' lang='lat' dir='ltr'>in</span> <span class='ocrx_word' id='word_1_139' title='bbox 587 1648 624 1674; x_wconf 94' lang='lat' dir='ltr'>v.</span> <span class='ocrx_word' id='word_1_140' title='bbox 649 1633 702 1674; x_wconf 82' lang='lat'>12</span> <span class='ocrx_word' id='word_1_141' title='bbox 722 1633 928 1690; x_wconf 86' lang='lat' dir='ltr'>intellego</span> <span class='ocrx_word' id='word_1_142' title='bbox 955 1634 1090 1689; x_wconf 83' lang='lat' dir='ltr'>Iouis,</span> <span class='ocrx_word' id='word_1_143' title='bbox 1121 1633 1162 1676; x_wconf 94' lang='lat' dir='ltr'>h.</span> <span class='ocrx_word' id='word_1_144' title='bbox 1189 1648 1224 1675; x_wconf 91' lang='lat' dir='ltr'>e.</span> <span class='ocrx_word' id='word_1_145' title='bbox 1243 1634 1409 1676; x_wconf 85' lang='lat' dir='ltr'>fulmen</span> <span class='ocrx_word' id='word_1_146' title='bbox 1435 1630 1509 1689; x_wconf 85' lang='lat' dir='ltr'>(cf.</span> <span class='ocrx_word' id='word_1_147' title='bbox 1529 1630 1681 1673; x_wconf 75' lang='lat' dir='ltr'>Festus</span> 
     </span>
     <span class='ocr_line' id='line_1_20' title="bbox 147 1700 1681 1759; baseline -0.001 -14"><span class='ocrx_word' id='word_1_148' title='bbox 147 1718 187 1758; x_wconf 93' lang='lat' dir='ltr'>p.</span> <span class='ocrx_word' id='word_1_149' title='bbox 218 1703 301 1745; x_wconf 81' lang='lat'>129</span> <span class='ocrx_word' id='word_1_150' title='bbox 327 1700 424 1758; x_wconf 86' lang='lat' dir='ltr'>M.)‚</span> <span class='ocrx_word' id='word_1_151' title='bbox 456 1703 569 1758; x_wconf 89' lang='lat' dir='ltr'>quod</span> <span class='ocrx_word' id='word_1_152' title='bbox 602 1718 787 1759; x_wconf 86' lang='lat' dir='ltr'>pronum</span> <span class='ocrx_word' id='word_1_153' title='bbox 820 1704 871 1746; x_wconf 90' lang='lat' dir='ltr'>de</span> <span class='ocrx_word' id='word_1_154' title='bbox 898 1705 1015 1747; x_wconf 89' lang='lat' dir='ltr'>caelo</span> <span class='ocrx_word' id='word_1_155' title='bbox 1048 1706 1094 1747; x_wconf 90' lang='lat' dir='ltr'>in</span> <span class='ocrx_word' id='word_1_156' title='bbox 1120 1706 1325 1748; x_wconf 88' lang='lat' dir='ltr'>auxilium</span> <span class='ocrx_word' id='word_1_157' title='bbox 1351 1707 1400 1747; x_wconf 93' lang='lat' dir='ltr'>ut</span> <span class='ocrx_word' id='word_1_158' title='bbox 1426 1703 1506 1746; x_wconf 87' lang='lat' dir='ltr'>sibi</span> <span class='ocrx_word' id='word_1_159' title='bbox 1539 1702 1681 1745; x_wconf 89' lang='lat' dir='ltr'>mitta-</span> 
     </span>
     <span class='ocr_line' id='line_1_21' title="bbox 146 1773 1681 1831; baseline -0.001 -15"><span class='ocrx_word' id='word_1_160' title='bbox 146 1776 219 1816; x_wconf 89' lang='lat' dir='ltr'>tur</span> <span class='ocrx_word' id='word_1_161' title='bbox 248 1774 413 1830; x_wconf 86' lang='lat' dir='ltr'>precari</span> <span class='ocrx_word' id='word_1_162' title='bbox 446 1773 597 1816; x_wconf 88' lang='lat' dir='ltr'>Danae</span> <span class='ocrx_word' id='word_1_163' title='bbox 630 1774 808 1818; x_wconf 89' lang='lat' dir='ltr'>videtur.</span> <span class='ocrx_word' id='word_1_164' title='bbox 864 1775 1036 1818; x_wconf 89' lang='lat' dir='ltr'>Debilia</span> <span class='ocrx_word' id='word_1_165' title='bbox 1067 1778 1169 1818; x_wconf 87' lang='lat' dir='ltr'>sunt</span> <span class='ocrx_word' id='word_1_166' title='bbox 1201 1791 1309 1831; x_wconf 91' lang='lat' dir='ltr'>quae</span> <span class='ocrx_word' id='word_1_167' title='bbox 1342 1775 1480 1818; x_wconf 91' lang='lat' dir='ltr'>amico</span> <span class='ocrx_word' id='word_1_168' title='bbox 1513 1774 1681 1817; x_wconf 87' lang='lat' dir='ltr'>cuidam</span> 
     </span>
     <span class='ocr_line' id='line_1_22' title="bbox 147 1845 1683 1902; baseline -0.001 -15"><span class='ocrx_word' id='word_1_169' title='bbox 147 1846 194 1887; x_wconf 91' lang='lat' dir='ltr'>in</span> <span class='ocrx_word' id='word_1_170' title='bbox 236 1848 425 1888; x_wconf 86' lang='lat' dir='ltr'>mentem</span> <span class='ocrx_word' id='word_1_171' title='bbox 470 1849 681 1888; x_wconf 89' lang='lat' dir='ltr'>venerunt</span> <span class='ocrx_word' id='word_1_172' title='bbox 723 1847 943 1890; x_wconf 77' lang='lat' dir='ltr'>manubias</span> <span class='ocrx_word' id='word_1_173' title='bbox 984 1848 1066 1891; x_wconf 66' lang='lat' dir='ltr'>siba·</span> <span class='ocrx_word' id='word_1_174' title='bbox 1100 1851 1217 1902; x_wconf 77' lang='lat' dir='ltr'>petat</span> <span class='ocrx_word' id='word_1_175' title='bbox 1258 1847 1343 1890; x_wconf 76' lang='lat' dir='ltr'>Pro</span> <span class='ocrx_word' id='word_1_176' title='bbox 1385 1847 1454 1889; x_wconf 78' lang='lat' dir='ltr'>mc‘</span> <span class='ocrx_word' id='word_1_177' title='bbox 1492 1845 1614 1901; x_wconf 86' lang='lat' dir='ltr'>quasi</span> <span class='ocrx_word' id='word_1_178' title='bbox 1659 1860 1683 1886; x_wconf 89' lang='lat' dir='ltr'>a</span> 
     </span>
     <span class='ocr_line' id='line_1_23' title="bbox 147 1915 915 1973; baseline 0.003 -14"><span class='ocrx_word' id='word_1_179' title='bbox 147 1916 305 1960; x_wconf 87' lang='lat' dir='ltr'>Perseo</span> <span class='ocrx_word' id='word_1_180' title='bbox 337 1917 389 1959; x_wconf 92' lang='lat' dir='ltr'>de</span> <span class='ocrx_word' id='word_1_181' title='bbox 420 1915 589 1960; x_wconf 90' lang='lat' dir='ltr'>Acrisio</span> <span class='ocrx_word' id='word_1_182' title='bbox 621 1918 915 1973; x_wconf 87' lang='lat' dir='ltr'>pronuntiata.</span> 
     </span>
    </p>

    <p class='ocr_par' dir='ltr' id='par_1_6' title="bbox 148 1988 1686 2260">
     <span class='ocr_line' id='line_1_24' title="bbox 267 1988 1686 2045; baseline -0.001 -14"><span class='ocrx_word' id='word_1_183' title='bbox 267 1988 321 2031; x_wconf 92' lang='lat' dir='ltr'>V.</span> <span class='ocrx_word' id='word_1_184' title='bbox 362 1989 416 2030; x_wconf 84' lang='grc'>19</span> <span class='ocrx_word' id='word_1_185' title='bbox 459 1989 646 2045; x_wconf 88' lang='lat' dir='ltr'>primum</span> <span class='ocrx_word' id='word_1_186' title='bbox 688 1989 734 2031; x_wconf 94' lang='lat' dir='ltr'>in</span> <span class='ocrx_word' id='word_1_187' title='bbox 777 1989 846 2031; x_wconf 84' lang='lat' dir='ltr'>his</span> <span class='ocrx_word' id='word_1_188' title='bbox 888 1990 1028 2033; x_wconf 76' lang='lat' dir='ltr'>uellwc</span> <span class='ocrx_word' id='word_1_189' title='bbox 1071 1990 1250 2033; x_wconf 88' lang='lat' dir='ltr'>ablatiui</span> <span class='ocrx_word' id='word_1_190' title='bbox 1305 1990 1490 2032; x_wconf 87' lang='lat' dir='ltr'>formam</span> <span class='ocrx_word' id='word_1_191' title='bbox 1544 1988 1686 2031; x_wconf 77' lang='lat' dir='ltr'>uelod</span> 
     </span>
     <span class='ocr_line' id='line_1_25' title="bbox 151 2060 1683 2117; baseline -0.001 -15"><span class='ocrx_word' id='word_1_192' title='bbox 151 2060 331 2117; x_wconf 82' lang='lat' dir='ltr'>agnoui3</span> <span class='ocrx_word' id='word_1_193' title='bbox 367 2062 461 2102; x_wconf 88' lang='lat' dir='ltr'>tum</span> <span class='ocrx_word' id='word_1_194' title='bbox 492 2073 582 2102; x_wconf 88' lang='lat' dir='ltr'>non</span> <span class='ocrx_word' id='word_1_195' title='bbox 613 2060 754 2117; x_wconf 85' lang='lat' dir='ltr'>magis</span> <span class='ocrx_word' id='word_1_196' title='bbox 791 2075 921 2116; x_wconf 90' lang='lat' dir='ltr'>quam</span> <span class='ocrx_word' id='word_1_197' title='bbox 953 2061 999 2103; x_wconf 90' lang='lat' dir='ltr'>in</span> <span class='ocrx_word' id='word_1_198' title='bbox 1031 2063 1148 2104; x_wconf 87' lang='lat' dir='ltr'>exitu</span> <span class='ocrx_word' id='word_1_199' title='bbox 1177 2062 1243 2115; x_wconf 74' lang='lat' dir='ltr'>fer</span> <span class='ocrx_word' id='word_1_200' title='bbox 1270 2061 1389 2115; x_wconf 78' lang='lat' dir='ltr'>foras</span> <span class='ocrx_word' id='word_1_201' title='bbox 1419 2060 1683 2103; x_wconf 88' lang='lat' dir='ltr'>adlitteratio</span> 
     </span>
     <span class='ocr_line' id='line_1_26' title="bbox 148 2127 1684 2188; baseline -0.001 -14"><span class='ocrx_word' id='word_1_202' title='bbox 148 2127 280 2175; x_wconf 78' lang='lat' dir='ltr'>uelod&#39;</span> <span class='ocrx_word' id='word_1_203' title='bbox 296 2132 483 2175; x_wconf 70' lang='lat' dir='ltr'>uicinum</span> <span class='ocrx_word' id='word_1_204' title='bbox 514 2131 722 2174; x_wconf 87' lang='lat' dir='ltr'>mutanda</span> <span class='ocrx_word' id='word_1_205' title='bbox 753 2132 848 2175; x_wconf 90' lang='lat' dir='ltr'>fuit.</span> <span class='ocrx_word' id='word_1_206' title='bbox 910 2132 1096 2176; x_wconf 87' lang='lat' dir='ltr'>Restant</span> <span class='ocrx_word' id='word_1_207' title='bbox 1126 2134 1316 2188; x_wconf 74' lang='lat' dir='ltr'>aquilone</span> <span class='ocrx_word' id='word_1_208' title='bbox 1351 2132 1533 2183; x_wconf 75' lang='lat' dir='ltr'>hortum,</span> <span class='ocrx_word' id='word_1_209' title='bbox 1571 2131 1684 2173; x_wconf 86' lang='lat' dir='ltr'>unde</span> 
     </span>
     <span class='ocr_line' id='line_1_27' title="bbox 149 2201 1684 2260; baseline -0.001 -14"><span class='ocrx_word' id='word_1_210' title='bbox 149 2203 319 2259; x_wconf 77' lang='lat' dir='ltr'>aquilo</span> <span class='ocrx_word' id='word_1_211' title='bbox 355 2203 462 2246; x_wconf 84' lang='lat' dir='ltr'>med</span> <span class='ocrx_word' id='word_1_212' title='bbox 490 2201 577 2259; x_wconf 87' lang='lat' dir='ltr'>(vel</span> <span class='ocrx_word' id='word_1_213' title='bbox 603 2202 710 2260; x_wconf 77' lang='lat' dir='ltr'>nos)</span> <span class='ocrx_word' id='word_1_214' title='bbox 747 2203 801 2246; x_wconf 76' lang='lat' dir='ltr'>in</span> <span class='ocrx_word' id='word_1_215' title='bbox 823 2206 1024 2258; x_wconf 76' lang='lat' dir='ltr'>portum</span> <span class='ocrx_word' id='word_1_216' title='bbox 1065 2208 1133 2247; x_wconf 86' lang='lat' dir='ltr'>sat</span> <span class='ocrx_word' id='word_1_217' title='bbox 1169 2205 1255 2247; x_wconf 90' lang='lat' dir='ltr'>leni</span> <span class='ocrx_word' id='word_1_218' title='bbox 1299 2204 1467 2247; x_wconf 88' lang='lat' dir='ltr'>ratione</span> <span class='ocrx_word' id='word_1_219' title='bbox 1505 2203 1684 2245; x_wconf 86' lang='lat' dir='ltr'>elicitur.</span> 
     </span>
    </p>

    <p class='ocr_par' dir='ltr' id='par_1_7' title="bbox 147 2273 1687 2974">
     <span class='ocr_line' id='line_1_28' title="bbox 269 2273 1685 2332; baseline -0.001 -15"><span class='ocrx_word' id='word_1_220' title='bbox 269 2274 419 2318; x_wconf 90' lang='lat' dir='ltr'>Potuit</span> <span class='ocrx_word' id='word_1_221' title='bbox 443 2273 671 2331; x_wconf 84' lang='lat' dir='ltr'>Iphigenia</span> <span class='ocrx_word' id='word_1_222' title='bbox 698 2275 811 2331; x_wconf 87' lang='lat' dir='ltr'>apud</span> <span class='ocrx_word' id='word_1_223' title='bbox 838 2275 1004 2319; x_wconf 88' lang='lat' dir='ltr'>Tauros</span> <span class='ocrx_word' id='word_1_224' title='bbox 1037 2277 1220 2332; x_wconf 85' lang='lat' dir='ltr'>precari,</span> <span class='ocrx_word' id='word_1_225' title='bbox 1251 2279 1300 2319; x_wconf 91' lang='lat' dir='ltr'>ut</span> <span class='ocrx_word' id='word_1_226' title='bbox 1331 2275 1420 2318; x_wconf 90' lang='lat' dir='ltr'>sive</span> <span class='ocrx_word' id='word_1_227' title='bbox 1451 2275 1551 2317; x_wconf 88' lang='lat' dir='ltr'>navi</span> <span class='ocrx_word' id='word_1_228' title='bbox 1584 2274 1685 2328; x_wconf 86' lang='lat' dir='ltr'>sive,</span> 
     </span>
     <span class='ocr_line' id='line_1_29' title="bbox 151 2345 1685 2403; baseline -0.001 -14"><span class='ocrx_word' id='word_1_229' title='bbox 151 2349 202 2389; x_wconf 90' lang='lat' dir='ltr'>ut</span> <span class='ocrx_word' id='word_1_230' title='bbox 238 2346 340 2389; x_wconf 90' lang='lat' dir='ltr'>olim</span> <span class='ocrx_word' id='word_1_231' title='bbox 378 2345 535 2388; x_wconf 82' lang='lat' dir='ltr'>Aulide</span> <span class='ocrx_word' id='word_1_232' title='bbox 571 2349 698 2402; x_wconf 90' lang='lat' dir='ltr'>rapta</span> <span class='ocrx_word' id='word_1_233' title='bbox 728 2350 838 2403; x_wconf 88' lang='lat' dir='ltr'>erat,</span> <span class='ocrx_word' id='word_1_234' title='bbox 875 2347 937 2390; x_wconf 86' lang='lat' dir='ltr'>ita</span> <span class='ocrx_word' id='word_1_235' title='bbox 973 2362 1089 2390; x_wconf 89' lang='lat' dir='ltr'>nunc</span> <span class='ocrx_word' id='word_1_236' title='bbox 1121 2347 1265 2403; x_wconf 88' lang='lat' dir='ltr'>aliqua</span> <span class='ocrx_word' id='word_1_237' title='bbox 1303 2347 1518 2403; x_wconf 90' lang='lat' dir='ltr'>aquilonis</span> <span class='ocrx_word' id='word_1_238' title='bbox 1556 2346 1597 2388; x_wconf 89' lang='lat' dir='ltr'>vi</span> <span class='ocrx_word' id='word_1_239' title='bbox 1635 2360 1685 2387; x_wconf 85' lang='lat' dir='ltr'>ex</span> 
     </span>
     <span class='ocr_line' id='line_1_30' title="bbox 154 2416 1685 2475; baseline 0 -16"><span class='ocrx_word' id='word_1_240' title='bbox 154 2416 437 2460; x_wconf 87' lang='lat' dir='ltr'>barbarorum</span> <span class='ocrx_word' id='word_1_241' title='bbox 469 2432 600 2460; x_wconf 90' lang='lat' dir='ltr'>manu</span> <span class='ocrx_word' id='word_1_242' title='bbox 630 2418 814 2461; x_wconf 86' lang='lat' dir='ltr'>liberata</span> <span class='ocrx_word' id='word_1_243' title='bbox 844 2419 890 2461; x_wconf 91' lang='lat' dir='ltr'>in</span> <span class='ocrx_word' id='word_1_244' title='bbox 921 2419 1163 2475; x_wconf 81' lang='lat' dir='ltr'>proximum</span> <span class='ocrx_word' id='word_1_245' title='bbox 1194 2432 1406 2474; x_wconf 89' lang='lat' dir='ltr'>quemque</span> <span class='ocrx_word' id='word_1_246' title='bbox 1425 2416 1685 2460; x_wconf 85' lang='lat' dir='ltr'>Graecorum</span> 
     </span>
     <span class='ocr_line' id='line_1_31' title="bbox 154 2488 1686 2546; baseline -0.001 -14"><span class='ocrx_word' id='word_1_247' title='bbox 154 2491 328 2545; x_wconf 82' lang='lat' dir='ltr'>portum</span> <span class='ocrx_word' id='word_1_248' title='bbox 365 2488 622 2544; x_wconf 89' lang='lat' dir='ltr'>deferretur,</span> <span class='ocrx_word' id='word_1_249' title='bbox 658 2488 772 2531; x_wconf 88' lang='lat' dir='ltr'>unde</span> <span class='ocrx_word' id='word_1_250' title='bbox 809 2490 855 2532; x_wconf 90' lang='lat' dir='ltr'>in</span> <span class='ocrx_word' id='word_1_251' title='bbox 892 2491 1078 2546; x_wconf 86' lang='lat' dir='ltr'>patriam</span> <span class='ocrx_word' id='word_1_252' title='bbox 1115 2490 1284 2533; x_wconf 88' lang='lat' dir='ltr'>rediret.</span> <span class='ocrx_word' id='word_1_253' title='bbox 1346 2488 1459 2532; x_wconf 90' lang='lat' dir='ltr'>Nam</span> <span class='ocrx_word' id='word_1_254' title='bbox 1498 2503 1552 2531; x_wconf 91' lang='lat' dir='ltr'>ne</span> <span class='ocrx_word' id='word_1_255' title='bbox 1591 2489 1686 2544; x_wconf 82' lang='lat' dir='ltr'>quis</span> 
     </span>
     <span class='ocr_line' id='line_1_32' title="bbox 153 2558 1685 2616; baseline -0.001 -14"><span class='ocrx_word' id='word_1_256' title='bbox 153 2560 268 2603; x_wconf 86' lang='lat' dir='ltr'>forte</span> <span class='ocrx_word' id='word_1_257' title='bbox 297 2558 526 2602; x_wconf 90' lang='lat' dir='ltr'>Aulidensi</span> <span class='ocrx_word' id='word_1_258' title='bbox 558 2573 608 2602; x_wconf 88' lang='lat' dir='ltr'>ex</span> <span class='ocrx_word' id='word_1_259' title='bbox 646 2563 774 2616; x_wconf 89' lang='lat' dir='ltr'>portu</span> <span class='ocrx_word' id='word_1_260' title='bbox 806 2559 942 2616; x_wconf 85' lang='lat' dir='ltr'>foras,</span> <span class='ocrx_word' id='word_1_261' title='bbox 978 2561 1020 2603; x_wconf 93' lang='lat' dir='ltr'>h.</span> <span class='ocrx_word' id='word_1_262' title='bbox 1051 2575 1086 2604; x_wconf 91' lang='lat' dir='ltr'>e.</span> <span class='ocrx_word' id='word_1_263' title='bbox 1119 2562 1164 2603; x_wconf 93' lang='lat' dir='ltr'>in</span> <span class='ocrx_word' id='word_1_264' title='bbox 1196 2562 1331 2603; x_wconf 85' lang='lat' dir='ltr'>altum</span> <span class='ocrx_word' id='word_1_265' title='bbox 1364 2575 1481 2603; x_wconf 89' lang='lat' dir='ltr'>mare</span> <span class='ocrx_word' id='word_1_266' title='bbox 1513 2574 1685 2602; x_wconf 91' lang='lat' dir='ltr'>cursum</span> 
     </span>
     <span class='ocr_line' id='line_1_33' title="bbox 155 2630 1687 2688; baseline -0.002 -14"><span class='ocrx_word' id='word_1_267' title='bbox 155 2631 305 2674; x_wconf 85' lang='lat' dir='ltr'>classis</span> <span class='ocrx_word' id='word_1_268' title='bbox 329 2630 521 2674; x_wconf 84' lang='lat' dir='ltr'>Achivae</span> <span class='ocrx_word' id='word_1_269' title='bbox 540 2631 914 2688; x_wconf 84' lang='lat' dir='ltr'>Agamemnonem</span> <span class='ocrx_word' id='word_1_270' title='bbox 940 2632 1007 2674; x_wconf 90' lang='lat' dir='ltr'>vel</span> <span class='ocrx_word' id='word_1_271' title='bbox 1028 2630 1309 2675; x_wconf 83' lang='lat' dir='ltr'>Calchantem</span> <span class='ocrx_word' id='word_1_272' title='bbox 1330 2635 1480 2688; x_wconf 85' lang='lat' dir='ltr'>optare</span> <span class='ocrx_word' id='word_1_273' title='bbox 1501 2630 1687 2674; x_wconf 80' lang='lat' dir='ltr'>coniciat</span> 
     </span>
     <span class='ocr_line' id='line_1_34' title="bbox 156 2699 1687 2759; baseline 0 -15"><span class='ocrx_word' id='word_1_274' title='bbox 156 2699 211 2759; x_wconf 93' lang='lat' dir='ltr'>(e.</span> <span class='ocrx_word' id='word_1_275' title='bbox 242 2716 277 2745; x_wconf 89' lang='lat' dir='ltr'>c.</span> <span class='ocrx_word' id='word_1_276' title='bbox 307 2702 467 2745; x_wconf 87' lang='lat' dir='ltr'>talibus</span> <span class='ocrx_word' id='word_1_277' title='bbox 499 2703 657 2746; x_wconf 89' lang='lat' dir='ltr'>verbis:</span> <span class='ocrx_word' id='word_1_278' title='bbox 686 2702 814 2757; x_wconf 63' lang='lat' dir='ltr'>peis-50</span> <span class='ocrx_word' id='word_1_279' title='bbox 850 2703 940 2746; x_wconf 79' lang='lat' dir='ltr'>uelo</span> <span class='ocrx_word' id='word_1_280' title='bbox 970 2703 1139 2747; x_wconf 59' lang='lat' dir='ltr'>classem</span> <span class='ocrx_word' id='word_1_281' title='bbox 1175 2704 1287 2759; x_wconf 70' lang='lat' dir='ltr'>hinc,</span> <span class='ocrx_word' id='word_1_282' title='bbox 1323 2703 1480 2757; x_wconf 71' lang='lat' dir='ltr'>aquilo,</span> <span class='ocrx_word' id='word_1_283' title='bbox 1517 2702 1627 2743; x_wconf 71' lang='lat' dir='ltr'>minc</span> <span class='ocrx_word' id='word_1_284' title='bbox 1667 2717 1687 2744; x_wconf 82' lang='lat' dir='ltr'>e</span> 
     </span>
     <span class='ocr_line' id='line_1_35' title="bbox 147 2772 1685 2831; baseline -0.001 -15"><span class='ocrx_word' id='word_1_285' title='bbox 147 2777 276 2828; x_wconf 65' lang='lat' dir='ltr'>portu</span> <span class='ocrx_word' id='word_1_286' title='bbox 298 2774 363 2827; x_wconf 80' lang='lat' dir='ltr'>fe‘r</span> <span class='ocrx_word' id='word_1_287' title='bbox 385 2772 535 2831; x_wconf 78' lang='lat' dir='ltr'>foras),</span> <span class='ocrx_word' id='word_1_288' title='bbox 562 2774 775 2830; x_wconf 88' lang='lat' dir='ltr'>aquilonis</span> <span class='ocrx_word' id='word_1_289' title='bbox 796 2775 1015 2818; x_wconf 88' lang='lat' dir='ltr'>mentione</span> <span class='ocrx_word' id='word_1_290' title='bbox 1042 2775 1312 2831; x_wconf 87' lang='lat' dir='ltr'>prohibetur,</span> <span class='ocrx_word' id='word_1_291' title='bbox 1338 2777 1387 2815; x_wconf 89' lang='lat' dir='ltr'>ut</span> <span class='ocrx_word' id='word_1_292' title='bbox 1412 2774 1484 2828; x_wconf 88' lang='lat' dir='ltr'>qui</span> <span class='ocrx_word' id='word_1_293' title='bbox 1511 2772 1685 2815; x_wconf 84' lang='lat' dir='ltr'>Troiam</span> 
     </span>
     <span class='ocr_line' id='line_1_36' title="bbox 155 2844 1686 2902; baseline 0 -16"><span class='ocrx_word' id='word_1_294' title='bbox 155 2844 464 2900; x_wconf 85' lang='lat' dir='ltr'>navigantibus</span> <span class='ocrx_word' id='word_1_295' title='bbox 501 2845 706 2889; x_wconf 88' lang='lat' dir='ltr'>adversus</span> <span class='ocrx_word' id='word_1_296' title='bbox 737 2849 868 2902; x_wconf 82' lang='lat' dir='ltr'>esset,</span> <span class='ocrx_word' id='word_1_297' title='bbox 898 2861 988 2889; x_wconf 89' lang='lat' dir='ltr'>non</span> <span class='ocrx_word' id='word_1_298' title='bbox 1020 2846 1243 2889; x_wconf 89' lang='lat' dir='ltr'>secundus.</span> <span class='ocrx_word' id='word_1_299' title='bbox 1304 2844 1406 2887; x_wconf 86' lang='lat' dir='ltr'>Fuit</span> <span class='ocrx_word' id='word_1_300' title='bbox 1443 2844 1515 2900; x_wconf 92' lang='lat' dir='ltr'>qui</span> <span class='ocrx_word' id='word_1_301' title='bbox 1547 2844 1686 2899; x_wconf 76' lang='lat' dir='ltr'>aquilo</span> 
     </span>
     <span class='ocr_line' id='line_1_37' title="bbox 157 2914 1685 2974; baseline -0.004 -12"><span class='ocrx_word' id='word_1_302' title='bbox 157 2914 271 2970; x_wconf 63' lang='lat' dir='ltr'>lonae</span> <span class='ocrx_word' id='word_1_303' title='bbox 305 2928 333 2957; x_wconf 83' lang='lat' dir='ltr'><em>a</em></span> <span class='ocrx_word' id='word_1_304' title='bbox 362 2920 488 2971; x_wconf 76' lang='lat' dir='ltr'>portu</span> <span class='ocrx_word' id='word_1_305' title='bbox 519 2921 796 2974; x_wconf 84' lang='lat' dir='ltr'>proponeret3</span> <span class='ocrx_word' id='word_1_306' title='bbox 832 2918 1077 2974; x_wconf 89' lang='lat' dir='ltr'>nuperrime</span> <span class='ocrx_word' id='word_1_307' title='bbox 1116 2915 1403 2958; x_wconf 89' lang='lat' dir='ltr'>Buechelerus</span> <span class='ocrx_word' id='word_1_308' title='bbox 1433 2914 1563 2970; x_wconf 76' lang='lat' dir='ltr'>passo‘</span> <span class='ocrx_word' id='word_1_309' title='bbox 1599 2915 1685 2957; x_wconf 71' lang='lat' dir='ltr'>uelo</span> 
     </span>
    </p>
   </div>
  </div>
 </body>
</html>
