1942 3204
731 221 1086 258 COROLLARIVM
1561 222 1589 258 Χ
1596 222 1638 257 Ll
1646 223 1673 257 X

263 329 426 374 Versus
476 330 564 373 426
615 330 873 373 sententiam
924 330 1102 373 Plautus
1152 330 1281 372 etiam
1334 330 1376 372 in
1430 317 1677 374 mercatoris

144 417 181 446 ν.
213 402 301 445 512
332 401 533 445 reddidit:
575 401 719 458 ‘quasi
757 400 874 445 dicas
905 401 1066 444 nullam
1106 402 1326 444 mulierem
1360 402 1514 444 bonam
1549 406 1674 444 esse.’

263 472 310 516 P.
347 474 440 517 136.
503 472 682 516 Glossae
721 473 872 528 applar
914 473 1175 516 testimoniis
1219 473 1317 515 addi
1356 476 1498 528 potest
1542 475 1676 516 altera

143 559 193 605 ex
217 543 406 587 Labbaei
439 544 648 600 glossario
674 544 841 587 notatio
873 545 1072 599 ‘apnades
1101 544 1365 598 θηρίκλειον
1393 541 1518 586 ἔστιν
1547 542 1678 598 γένος

143 610 508 671 ἅργυρώματος’,
551 615 663 673 quod
701 630 798 658 cum
837 614 1028 672 Scaliger
1063 616 1255 671 affidare-s*
1297 615 1455 671 corrigi
1494 617 1678 670 iusserit,

144 685 309 730 Graeca
339 687 693 743 interpretatione
725 687 994 743 probabilius
1027 687 1076 730 fit
1105 687 1288 742 aplare
1319 687 1463 729 fuisse.

263 758 385 820 Quod
423 760 467 802 in
499 759 724 815 prosodiae
758 758 983 802 Plautinae
1015 774 1055 815 p.
1088 759 1172 802 357
1214 758 1311 801 adn.
1349 759 1517 815 quaerit
1548 758 1677 801 (tFW

144 828 340 886 Mueller,
396 831 508 873 unde
558 830 774 874 Gesnerus
829 834 872 873 et
927 829 1207 873 Forcellinius
1258 830 1457 884 Pacuvii,
1521 831 1555 872 si
1613 831 1678 873 dis

142 902 299 957 placet,
344 903 472 945 verba
515 903 615 945 adeo
658 903 869 945 incoxanti
910 902 1016 944 mihi
1050 916 1125 957 pes
1167 902 1430 956 obstuqmm-at
1478 902 1678 956 habeant,

143 988 230 1015 non
269 973 439 1016 difficile
477 977 570 1017 erat
605 974 810 1030 reperire,
854 974 889 1015 si
927 973 1091 1016 Perotti
1129 973 1274 1016 Cornu
1313 972 1472 1029 Copiae
1513 989 1551 1029 p.
1592 974 1680 1016 610

141 1046 385 1101 evolvisset,
417 1045 535 1088 cuius
568 1045 706 1102 qualis
739 1045 796 1087 sit
826 1045 930 1087 fides
962 1045 1135 1088 doctum
1167 1035 1385 1087 neminem
1417 1045 1539 1100 fugit.

259 1261 503 1309 Attium,et
534 1260 741 1304 debebam
774 1263 817 1303 et
849 1261 1044 1303 volebam
1070 1259 1296 1303 ACCIVM
1329 1261 1523 1304 scribere.
1562 1259 1676 1303 Nam

139 1332 220 1375 hoc
262 1332 394 1375 fuisse
437 1336 589 1388 poetae
632 1333 769 1375 nostri
813 1348 971 1375 nomen
1015 1333 1140 1375 fidem
1185 1333 1288 1375 facit
1338 1349 1434 1375 cum
1480 1334 1675 1390 frequen-

139 1404 219 1459 tia,
256 1404 388 1446 immo
425 1404 670 1447 constantia
707 1404 834 1446 huius
871 1405 1145 1460 potissimum
1186 1405 1421 1460 scripturae
1467 1406 1510 1447 in
1556 1406 1674 1447 testi-

141 1476 316 1531 moniis,
359 1479 451 1518 tum
491 1475 811 1518 Pisaurensium
855 1476 1079 1518 titulorum
1119 1477 1371 1532 auctoritas,
1414 1477 1505 1518 ubi·
1532 1477 1675 1519 Accii

140 1550 367 1603 apparent,
417 1547 592 1590 maximi
642 1548 717 1590 illa
766 1548 990 1603 momenti,
1050 1548 1085 1590 si
1142 1548 1422 1603 probabiliter
1473 1548 1676 1590 statuitur

140 1619 376 1661 Accianum
408 1619 528 1674 (nam
561 1619 621 1661 sic
659 1618 772 1674 apud
805 1618 1115 1674 Hieronymum
1154 1620 1327 1675 dicitur)
1366 1620 1563 1674 fundum,
1602 1620 1675 1675 qui

140 1690 259 1733 iuxta
299 1690 525 1732 Pisaurum
569 1690 668 1746 fuit,
712 1705 738 1731 a
780 1693 902 1745 patre
946 1694 1098 1745 poetae
1141 1692 1295 1733 colono
1343 1706 1589 1746 possessum
1633 1695 1676 1732 et

139 1762 227 1804 filio
258 1762 465 1805 traditum
497 1762 641 1804 fuisse.

259 1845 311 1888 V.
359 1846 414 1888 10
455 1860 519 1887 mc
567 1844 836 1900 pronominis
887 1845 1187 1900 supplemento
1237 1861 1380 1888 carere
1431 1847 1504 1902 qui
1551 1847 1673 1901 volet,

139 1920 422 1972 transponere
454 1917 584 1959 verba
614 1931 711 1959 cum
742 1915 936 1959 Usenero
968 1917 1147 1972 poterit:

265 1999 415 2043 classis
446 2000 492 2042 in
523 2001 662 2042 salum
692 1999 863 2042 trahere
896 2002 939 2042 et
970 2000 1066 2042 uela
1098 2001 1325 2042 uentorum
1357 2015 1393 2044 a.
1426 2001 1451 2043 i.

141 2082 242 2126 Non
274 2083 412 2139 probo
444 2083 558 2140 quod
590 2082 876 2126 Buechelerus
908 2084 1090 2127 coniecit

262 2167 413 2210 classis
442 2167 612 2210 trahere
643 2168 688 2210 in
721 2168 860 2210 salum
890 2171 934 2210 et
964 2167 1156 2210 habenas
1189 2169 1417 2211 uentorum
1449 2184 1485 2211 a.
1518 2169 1543 2211 i.

139 2265 227 2293 non
264 2250 443 2306 inmitti,
486 2249 560 2293 sed
603 2251 815 2294 committi
858 2252 998 2294 ventis
1041 2252 1153 2307 vela,
1196 2254 1347 2294 ventos
1385 2255 1529 2294 autem
1569 2253 1671 2294 velis

139 2321 311 2377 proprie
348 2321 510 2364 inmitti
548 2336 739 2364 monens.
807 2321 890 2366 Sed
927 2324 1050 2366 navis
1088 2324 1124 2366 si
1155 2324 1295 2379 passis
1333 2324 1438 2365 velis
1478 2324 1522 2366 in
1555 2339 1671 2365 mare

140 2396 267 2449 atque
304 2393 349 2435 in
381 2396 532 2436 ventos
571 2394 684 2436 mitti
716 2396 828 2436 recte
860 2394 1032 2450 dicitur,
1070 2394 1220 2451 quidni
1251 2395 1346 2437 vela
1378 2410 1547 2451 quoque
1579 2410 1668 2437 cur-

138 2464 272 2506 rentis
309 2464 490 2507 vehiculi
527 2465 697 2508 inmitti·
733 2465 848 2508 auris
891 2465 939 2508 in
980 2467 1110 2522 paulo
1153 2466 1430 2522 exquisitiore
1475 2481 1670 2507 sermone

139 2535 356 2578 feramus?
428 2534 553 2578 Certe
589 2536 683 2579 uela
717 2540 933 2581 uentorum
971 2537 1232 2581 adlitteratio
1277 2552 1330 2579 ne
1369 2537 1562 2592 utiquam
1601 2552 1667 2577 ex-

139 2607 239 2662 pelli
271 2606 409 2650 debet.

257 2677 309 2721 V.
345 2679 397 2721 19
428 2679 548 2734 quale
577 2678 623 2722 in
654 2677 770 2722 Leid.
805 2680 887 2723 116
919 2679 1192 2737 interpretari
1223 2679 1324 2722 licet
1352 2679 1499 2732 qualei.

256 2760 309 2804 V.
334 2762 391 2804 23
418 2776 480 2818 sq.
506 2763 764 2806 sententiam
784 2778 881 2806 cum
907 2762 1210 2807 advocatorum
1238 2764 1280 2804 in
1304 2762 1443 2803 Plauti
1473 2761 1664 2804 Poenulo

140 2833 377 2888 praeceptis
403 2848 651 2888 comparare
683 2834 801 2878 iuvat
826 2850 862 2878 v.
882 2835 969 2878 513
1002 2834 1178 2877 ‘h'beros
1204 2833 1399 2875 homines
1426 2847 1503 2887 per
1521 2833 1668 2875 urbem

140 2904 306 2946 modico
338 2906 476 2960 magis
507 2908 574 2947 est
605 2920 682 2960 par
712 2905 845 2962 gradu
878 2906 958 2947 'Ire
979 2920 988 2947 z
1009 2906 1159 2947 servile
1191 2919 1284 2945 esse
1322 2902 1429 2945 duco
1462 2904 1665 2946 festinan-

209 2993 348 3019 Rmncx
358 3011 365 3025 ,
385 2992 490 3019 Senon,
511 2992 618 3025 fragm,
1359 2986 1382 3020 d
