<?xml version="1.0" encoding="UTF-8"?>
<!DOCTYPE html PUBLIC "-//W3C//DTD XHTML 1.0 Transitional//EN"
    "http://www.w3.org/TR/xhtml1/DTD/xhtml1-transitional.dtd">
<html xmlns="http://www.w3.org/1999/xhtml" xml:lang="en" lang="en">
 <head>
  <title>
</title>
<meta http-equiv="Content-Type" content="text/html;charset=utf-8" />
  <meta name='ocr-system' content='tesseract 3.04.00' />
  <meta name='ocr-capabilities' content='ocr_page ocr_carea ocr_par ocr_line ocrx_word'/>
</head>
<body>
  <div class='ocr_page' id='page_1' title='image "./romanorumpoes01ribbuoft_0134.png"; bbox 0 0 1942 3204; ppageno 0'>
   <div class='ocr_carea' id='block_1_1' title="bbox 247 156 1138 316">
    <p class='ocr_par' dir='ltr' id='par_1_1' title="bbox 247 156 1138 316">
     <span class='ocr_line' id='line_1_1' title="bbox 247 156 1138 199; baseline -0.01 0"><span class='ocrx_word' id='word_1_1' title='bbox 247 156 304 199; x_wconf 84' lang='lat'>50</span> <span class='ocrx_word' id='word_1_2' title='bbox 891 158 934 199; x_wconf 84' lang='lat' dir='ltr'>Q.</span> <span class='ocrx_word' id='word_1_3' title='bbox 958 156 1138 191; x_wconf 79' lang='lat' dir='ltr'>Evas</span> 
     </span>
     <span class='ocr_line' id='line_1_2' title="bbox 914 257 1114 316; baseline 0 -14"><span class='ocrx_word' id='word_1_4' title='bbox 914 259 1021 303; x_wconf 91' lang='lat' dir='ltr'>XIV</span> <span class='ocrx_word' id='word_1_5' title='bbox 1046 257 1114 316; x_wconf 86' lang='lat'>(6)</span> 
     </span>
    </p>
   </div>
   <div class='ocr_carea' id='block_1_2' title="bbox 366 353 1776 568">
    <p class='ocr_par' dir='ltr' id='par_1_2' title="bbox 366 353 1776 568">
     <span class='ocr_line' id='line_1_3' title="bbox 366 353 1734 412; baseline -0.001 -14"><span class='ocrx_word' id='word_1_6' title='bbox 366 356 560 412; x_wconf 71' lang='lat' dir='ltr'>Iuppiter</span> <span class='ocrx_word' id='word_1_7' title='bbox 590 358 722 411; x_wconf 76' lang='lat' dir='ltr'>tuque</span> <span class='ocrx_word' id='word_1_8' title='bbox 754 356 860 398; x_wconf 55' lang='lat' dir='ltr'>rideo</span> <span class='ocrx_word' id='word_1_9' title='bbox 893 369 1057 397; x_wconf 90' lang='lat' dir='ltr'>summe</span> <span class='ocrx_word' id='word_1_10' title='bbox 1089 353 1181 410; x_wconf 71' lang='lat'>861,</span> <span class='ocrx_word' id='word_1_11' title='bbox 1212 355 1285 410; x_wconf 91' lang='lat' dir='ltr'>qui</span> <span class='ocrx_word' id='word_1_12' title='bbox 1315 369 1382 397; x_wconf 88' lang='lat' dir='ltr'>res</span> <span class='ocrx_word' id='word_1_13' title='bbox 1414 353 1561 398; x_wconf 74' lang='lat' dir='ltr'>omnis</span> <span class='ocrx_word' id='word_1_14' title='bbox 1587 354 1734 411; x_wconf 87' lang='lat' dir='ltr'>spicis,</span> 
     </span>
     <span class='ocr_line' id='line_1_4' title="bbox 369 431 1776 490; baseline -0.001 -15"><span class='ocrx_word' id='word_1_15' title='bbox 369 431 535 488; x_wconf 78' lang='lat' dir='ltr'>Quique</span> <span class='ocrx_word' id='word_1_16' title='bbox 567 436 643 476; x_wconf 74' lang='lat' dir='ltr'>tuo</span> <span class='ocrx_word' id='word_1_17' title='bbox 678 431 805 490; x_wconf 89' lang='lat' dir='ltr'>[cum]</span> <span class='ocrx_word' id='word_1_18' title='bbox 838 433 999 475; x_wconf 81' lang='lat' dir='ltr'>himine</span> <span class='ocrx_word' id='word_1_19' title='bbox 1030 446 1147 474; x_wconf 84' lang='lat' dir='ltr'>mare</span> <span class='ocrx_word' id='word_1_20' title='bbox 1177 433 1336 474; x_wconf 76' lang='lat' dir='ltr'>terram</span> <span class='ocrx_word' id='word_1_21' title='bbox 1375 432 1540 474; x_wconf 82' lang='lat' dir='ltr'>caelum</span> <span class='ocrx_word' id='word_1_22' title='bbox 1570 431 1776 487; x_wconf 73' lang='lat' dir='ltr'>e6ntines,</span> 
     </span>
     <span class='ocr_line' id='line_1_5' title="bbox 366 507 1775 568; baseline -0.001 -16"><span class='ocrx_word' id='word_1_23' title='bbox 366 510 551 566; x_wconf 90' lang='lat' dir='ltr'>&#39;Inspice</span> <span class='ocrx_word' id='word_1_24' title='bbox 570 511 653 553; x_wconf 93' lang='lat' dir='ltr'>hoc</span> <span class='ocrx_word' id='word_1_25' title='bbox 671 510 839 553; x_wconf 77' lang='lat' dir='ltr'>facinus</span> <span class='ocrx_word' id='word_1_26' title='bbox 846 535 868 568; x_wconf 45' lang='grc' dir='ltr'>,ν</span> <span class='ocrx_word' id='word_1_27' title='bbox 887 510 1006 566; x_wconf 86' lang='lat' dir='ltr'>prius</span> <span class='ocrx_word' id='word_1_28' title='bbox 1033 524 1162 565; x_wconf 84' lang='lat' dir='ltr'>quam</span> <span class='ocrx_word' id='word_1_29' title='bbox 1179 507 1278 552; x_wconf 76' lang='lat' dir='ltr'>fiat:</span> <span class='ocrx_word' id='word_1_30' title='bbox 1310 508 1600 566; x_wconf 81' lang='lat' dir='ltr'>prohibessel‘s</span> <span class='ocrx_word' id='word_1_31' title='bbox 1620 509 1775 551; x_wconf 80' lang='lat' dir='ltr'>scelus!</span> 
     </span>
    </p>
   </div>
   <div class='ocr_carea' id='block_1_3' title="bbox 252 619 1776 785">
    <p class='ocr_par' dir='ltr' id='par_1_3' title="bbox 252 619 1776 785">
     <span class='ocr_line' id='line_1_6' title="bbox 910 619 1113 679; baseline -0.005 -15"><span class='ocrx_word' id='word_1_32' title='bbox 910 621 995 665; x_wconf 93' lang='lat' dir='ltr'>XV</span> <span class='ocrx_word' id='word_1_33' title='bbox 1015 619 1113 679; x_wconf 82' lang='lat'>(13)</span> 
     </span>
     <span class='ocr_line' id='line_1_7' title="bbox 252 715 1776 785; baseline -0.002 -25"><span class='ocrx_word' id='word_1_34' title='bbox 252 717 339 760; x_wconf 88' lang='grc'>240</span> <span class='ocrx_word' id='word_1_35' title='bbox 371 717 452 768; x_wconf 83' lang='lat' dir='ltr'>Qui</span> <span class='ocrx_word' id='word_1_36' title='bbox 474 716 566 774; x_wconf 76' lang='lat' dir='ltr'>ipse</span> <span class='ocrx_word' id='word_1_37' title='bbox 586 717 667 760; x_wconf 90' lang='lat' dir='ltr'>sibi</span> <span class='ocrx_word' id='word_1_38' title='bbox 687 717 857 774; x_wconf 76' lang='lat' dir='ltr'>sapiens</span> <span class='ocrx_word' id='word_1_39' title='bbox 881 717 1084 773; x_wconf 83' lang='lat' dir='ltr'>prodesse</span> <span class='ocrx_word' id='word_1_40' title='bbox 1108 717 1200 759; x_wconf 86' lang='lat'>11611</span> <span class='ocrx_word' id='word_1_41' title='bbox 1226 716 1335 773; x_wconf 75' lang='lat' dir='ltr'>quit,</span> <span class='ocrx_word' id='word_1_42' title='bbox 1365 715 1626 785; x_wconf 49' lang='lat' dir='ltr'>nequiquam</span> <span class='ocrx_word' id='word_1_43' title='bbox 1651 715 1776 772; x_wconf 75' lang='lat' dir='ltr'>sapit.</span> 
     </span>
    </p>
   </div>
   <div class='ocr_carea' id='block_1_4' title="bbox 960 828 1068 872">
    <p class='ocr_par' dir='ltr' id='par_1_4' title="bbox 960 828 1068 872">
     <span class='ocr_line' id='line_1_8' title="bbox 960 828 1068 872; baseline 0 0"><span class='ocrx_word' id='word_1_44' title='bbox 960 828 1068 872; x_wconf 90' lang='lat' dir='ltr'>XVI</span> 
     </span>
    </p>
   </div>
   <div class='ocr_carea' id='block_1_5' title="bbox 369 922 1777 1042">
    <p class='ocr_par' dir='ltr' id='par_1_5' title="bbox 369 922 1777 1042">
     <span class='ocr_line' id='line_1_9' title="bbox 369 922 1777 980; baseline -0.001 -12.98"><span class='ocrx_word' id='word_1_45' title='bbox 369 925 561 968; x_wconf 73' lang='lat' dir='ltr'>&#39;Vtinam</span> <span class='ocrx_word' id='word_1_46' title='bbox 592 940 647 968; x_wconf 88' lang='lat' dir='ltr'>ne</span> <span class='ocrx_word' id='word_1_47' title='bbox 679 939 901 980; x_wconf 86' lang='lat' dir='ltr'>umquam,</span> <span class='ocrx_word' id='word_1_48' title='bbox 931 923 1074 980; x_wconf 78' lang='lat' dir='ltr'>Mede,</span> <span class='ocrx_word' id='word_1_49' title='bbox 1105 922 1275 966; x_wconf 79' lang='lat' dir='ltr'>Colchis</span> <span class='ocrx_word' id='word_1_50' title='bbox 1307 923 1460 979; x_wconf 88' lang='lat' dir='ltr'>cupido</span> <span class='ocrx_word' id='word_1_51' title='bbox 1481 923 1606 966; x_wconf 88' lang='lat' dir='ltr'>corde</span> <span class='ocrx_word' id='word_1_52' title='bbox 1626 923 1777 979; x_wconf 88' lang='lat' dir='ltr'>pedem</span> 
     </span>
     <span class='ocr_line' id='line_1_10' title="bbox 1160 1000 1400 1042; baseline 0 0"><span class='ocrx_word' id='word_1_53' title='bbox 1160 1000 1400 1042; x_wconf 73' lang='lat' dir='ltr'>extulisses!</span> 
     </span>
    </p>
   </div>
   <div class='ocr_carea' id='block_1_6' title="bbox 342 1148 1779 1193">
    <p class='ocr_par' dir='ltr' id='par_1_6' title="bbox 342 1148 1779 1193">
     <span class='ocr_line' id='line_1_11' title="bbox 342 1148 1779 1193; baseline -0.003 -9"><span class='ocrx_word' id='word_1_54' title='bbox 342 1151 428 1184; x_wconf 90' lang='lat' dir='ltr'>XIV</span> <span class='ocrx_word' id='word_1_55' title='bbox 451 1151 591 1184; x_wconf 84' lang='lat' dir='ltr'>Probus</span> <span class='ocrx_word' id='word_1_56' title='bbox 614 1150 652 1182; x_wconf 92' lang='lat' dir='ltr'>in</span> <span class='ocrx_word' id='word_1_57' title='bbox 677 1150 786 1193; x_wconf 82' lang='lat' dir='ltr'>Verg.</span> <span class='ocrx_word' id='word_1_58' title='bbox 813 1149 892 1182; x_wconf 90' lang='lat' dir='ltr'>Ecl.</span> <span class='ocrx_word' id='word_1_59' title='bbox 909 1150 948 1190; x_wconf 89' lang='lat'>6,</span> <span class='ocrx_word' id='word_1_60' title='bbox 975 1151 1016 1182; x_wconf 93' lang='grc'>31</span> <span class='ocrx_word' id='word_1_61' title='bbox 1044 1160 1078 1192; x_wconf 85' lang='lat' dir='ltr'>p.</span> <span class='ocrx_word' id='word_1_62' title='bbox 1097 1150 1138 1182; x_wconf 88' lang='lat'>16</span> <span class='ocrx_word' id='word_1_63' title='bbox 1162 1148 1259 1182; x_wconf 89' lang='lat' dir='ltr'>Keil.</span> <span class='ocrx_word' id='word_1_64' title='bbox 1296 1148 1491 1181; x_wconf 78' lang='lat' dir='ltr'>‘similiter</span> <span class='ocrx_word' id='word_1_65' title='bbox 1514 1151 1551 1181; x_wconf 85' lang='lat' dir='ltr'>et</span> <span class='ocrx_word' id='word_1_66' title='bbox 1575 1148 1717 1180; x_wconf 87' lang='lat' dir='ltr'>Ennius</span> <span class='ocrx_word' id='word_1_67' title='bbox 1740 1148 1779 1180; x_wconf 87' lang='lat' dir='ltr'>in</span> 
     </span>
    </p>
   </div>
   <div class='ocr_carea' id='block_1_7' title="bbox 253 1193 1782 1284">
    <p class='ocr_par' dir='ltr' id='par_1_7' title="bbox 253 1193 1782 1284">
     <span class='ocr_line' id='line_1_12' title="bbox 253 1193 1782 1237; baseline -0.003 -8"><span class='ocrx_word' id='word_1_68' title='bbox 253 1196 410 1230; x_wconf 81' lang='lat' dir='ltr'>Medea</span> <span class='ocrx_word' id='word_1_69' title='bbox 435 1196 564 1229; x_wconf 84' lang='lat' dir='ltr'><strong>exule</strong></span> <span class='ocrx_word' id='word_1_70' title='bbox 590 1196 629 1228; x_wconf 88' lang='lat' dir='ltr'>in</span> <span class='ocrx_word' id='word_1_71' title='bbox 653 1195 710 1228; x_wconf 87' lang='lat' dir='ltr'>his</span> <span class='ocrx_word' id='word_1_72' title='bbox 735 1195 918 1227; x_wconf 84' lang='lat' dir='ltr'>uersibus:</span> <span class='ocrx_word' id='word_1_73' title='bbox 941 1195 1129 1237; x_wconf 83' lang='lat' dir='ltr'>Iuppiter’</span> <span class='ocrx_word' id='word_1_74' title='bbox 1156 1204 1186 1229; x_wconf 91' lang='lat' dir='ltr'>e.</span> <span class='ocrx_word' id='word_1_75' title='bbox 1212 1204 1245 1236; x_wconf 81' lang='lat' dir='ltr'>q.</span> <span class='ocrx_word' id='word_1_76' title='bbox 1271 1203 1298 1227; x_wconf 79' lang='lat' dir='ltr'>S.</span> <span class='ocrx_word' id='word_1_77' title='bbox 1340 1197 1446 1226; x_wconf 79' lang='lat' dir='ltr'>‘nam</span> <span class='ocrx_word' id='word_1_78' title='bbox 1470 1196 1508 1226; x_wconf 81' lang='lat' dir='ltr'>et</span> <span class='ocrx_word' id='word_1_79' title='bbox 1531 1193 1592 1226; x_wconf 86' lang='lat' dir='ltr'>hic</span> <span class='ocrx_word' id='word_1_80' title='bbox 1614 1194 1782 1236; x_wconf 78' lang='lat' dir='ltr'>Iuppiter</span> 
     </span>
     <span class='ocr_line' id='line_1_13' title="bbox 257 1238 1778 1284; baseline -0.001 -10"><span class='ocrx_word' id='word_1_81' title='bbox 257 1246 295 1275; x_wconf 82' lang='lat' dir='ltr'>et</span> <span class='ocrx_word' id='word_1_82' title='bbox 313 1241 375 1274; x_wconf 85' lang='lat' dir='ltr'>Sol</span> <span class='ocrx_word' id='word_1_83' title='bbox 394 1252 459 1284; x_wconf 89' lang='lat' dir='ltr'>pro</span> <span class='ocrx_word' id='word_1_84' title='bbox 477 1242 567 1284; x_wconf 86' lang='lat' dir='ltr'>igni,</span> <span class='ocrx_word' id='word_1_85' title='bbox 586 1242 649 1284; x_wconf 90' lang='lat' dir='ltr'>qui</span> <span class='ocrx_word' id='word_1_86' title='bbox 665 1251 764 1273; x_wconf 85' lang='lat' dir='ltr'>mare</span> <span class='ocrx_word' id='word_1_87' title='bbox 783 1244 819 1272; x_wconf 82' lang='lat' dir='ltr'>et</span> <span class='ocrx_word' id='word_1_88' title='bbox 835 1243 971 1273; x_wconf 84' lang='lat' dir='ltr'>terram</span> <span class='ocrx_word' id='word_1_89' title='bbox 989 1242 1026 1272; x_wconf 81' lang='lat' dir='ltr'>ct</span> <span class='ocrx_word' id='word_1_90' title='bbox 1041 1239 1182 1272; x_wconf 83' lang='lat' dir='ltr'>caelum</span> <span class='ocrx_word' id='word_1_91' title='bbox 1201 1239 1395 1272; x_wconf 82' lang='lat' dir='ltr'>continet.’</span> <span class='ocrx_word' id='word_1_92' title='bbox 1413 1238 1608 1282; x_wconf 80' lang='lat' dir='ltr'><strong>Euripides</strong></span> <span class='ocrx_word' id='word_1_93' title='bbox 1624 1248 1658 1273; x_wconf 83' lang='lat' dir='ltr'>n.</span> <span class='ocrx_word' id='word_1_94' title='bbox 1675 1239 1778 1272; x_wconf 82' lang='lat'>1251:</span> 
     </span>
    </p>
   </div>
   <div class='ocr_carea' id='block_1_8' title="bbox 523 1303 1306 1488">
    <p class='ocr_par' dir='ltr' id='par_1_8' title="bbox 524 1303 1021 1362">
     <span class='ocr_line' id='line_1_14' title="bbox 524 1303 1021 1362; baseline -0.006 -18"><span class='ocrx_word' id='word_1_95' title='bbox 524 1305 570 1344; x_wconf 79' lang='grc' dir='ltr'><em>ἰώ</em></span> <span class='ocrx_word' id='word_1_96' title='bbox 597 1309 655 1343; x_wconf 81' lang='grc' dir='ltr'>Γᾶ</span> <span class='ocrx_word' id='word_1_97' title='bbox 680 1320 720 1343; x_wconf 83' lang='grc' dir='ltr'>τε</span> <span class='ocrx_word' id='word_1_98' title='bbox 745 1307 811 1342; x_wconf 82' lang='grc' dir='ltr'>καὶ</span> <span class='ocrx_word' id='word_1_99' title='bbox 832 1303 1021 1362; x_wconf 81' lang='grc' dir='ltr'><strong><em>παμφαὴς</em></strong></span> 
     </span>
    </p>

    <p class='ocr_par' dir='ltr' id='par_1_9' title="bbox 523 1347 1296 1488">
     <span class='ocr_line' id='line_1_15' title="bbox 526 1347 1242 1407; baseline -0.003 -19"><span class='ocrx_word' id='word_1_100' title='bbox 526 1349 635 1407; x_wconf 74' lang='grc' dir='ltr'><strong><em>ἀκτὶς</em></strong></span> <span class='ocrx_word' id='word_1_101' title='bbox 656 1348 816 1397; x_wconf 77' lang='grc' dir='ltr'><strong><em>Ἀελίου,</em></strong></span> <span class='ocrx_word' id='word_1_102' title='bbox 842 1348 1013 1387; x_wconf 78' lang='grc' dir='ltr'><strong><em>κατίδετ’</em></strong></span> <span class='ocrx_word' id='word_1_103' title='bbox 1043 1352 1145 1386; x_wconf 79' lang='grc' dir='ltr'><em>ἴδετε</em></span> <span class='ocrx_word' id='word_1_104' title='bbox 1170 1347 1242 1386; x_wconf 78' lang='grc' dir='ltr'>τάν</span> 
     </span>
     <span class='ocr_line' id='line_1_16' title="bbox 523 1394 1225 1454; baseline -0.003 -21"><span class='ocrx_word' id='word_1_105' title='bbox 523 1394 711 1454; x_wconf 75' lang='grc' dir='ltr'><strong><em>ὀλομέναν</em></strong></span> <span class='ocrx_word' id='word_1_106' title='bbox 735 1401 919 1442; x_wconf 80' lang='grc' dir='ltr'><strong><em>γυναῖκα,</em></strong></span> <span class='ocrx_word' id='word_1_107' title='bbox 944 1397 1036 1454; x_wconf 82' lang='grc' dir='ltr'><strong><em>πρὶν</em></strong></span> <span class='ocrx_word' id='word_1_108' title='bbox 1061 1398 1225 1450; x_wconf 84' lang='grc' dir='ltr'><strong><em>φοινίαν</em></strong></span> 
     </span>
     <span class='ocr_line' id='line_1_17' title="bbox 523 1437 1306 1488; baseline -0.004 -9"><span class='ocrx_word' id='word_1_109' title='bbox 523 1442 672 1484; x_wconf 82' lang='grc' dir='ltr'><strong><em>τέκνοις</em></strong></span> <span class='ocrx_word' id='word_1_110' title='bbox 695 1443 926 1488; x_wconf 78' lang='grc' dir='ltr'><strong><em>προσβαλεῖν</em></strong></span> <span class='ocrx_word' id='word_1_111' title='bbox 951 1438 1032 1487; x_wconf 81' lang='grc' dir='ltr'><strong><em>χέρ’</em></strong></span> <span class='ocrx_word' id='word_1_112' title='bbox 1061 1437 1306 1477; x_wconf 82' lang='grc' dir='ltr'><strong><em>αὖτοκτόνον.</em></strong></span> 
     </span>
    </p>
   </div>
   <div class='ocr_carea' id='block_1_9' title="bbox 254 1511 1783 1960">
    <p class='ocr_par' dir='ltr' id='par_1_10' title="bbox 254 1511 1783 1960">
     <span class='ocr_line' id='line_1_18' title="bbox 349 1511 1781 1555; baseline -0.001 -9"><span class='ocrx_word' id='word_1_113' title='bbox 349 1515 414 1548; x_wconf 89' lang='lat' dir='ltr'>XV</span> <span class='ocrx_word' id='word_1_114' title='bbox 448 1514 577 1547; x_wconf 88' lang='lat' dir='ltr'>Cicero</span> <span class='ocrx_word' id='word_1_115' title='bbox 608 1514 654 1547; x_wconf 86' lang='lat' dir='ltr'>ad</span> <span class='ocrx_word' id='word_1_116' title='bbox 683 1513 798 1546; x_wconf 86' lang='lat' dir='ltr'>famil.</span> <span class='ocrx_word' id='word_1_117' title='bbox 830 1513 900 1547; x_wconf 89' lang='lat' dir='ltr'>VII</span> <span class='ocrx_word' id='word_1_118' title='bbox 930 1514 950 1544; x_wconf 90' lang='grc'><strong>6</strong></span> <span class='ocrx_word' id='word_1_119' title='bbox 977 1513 1037 1554; x_wconf 87' lang='lat' dir='ltr'>(cf.</span> <span class='ocrx_word' id='word_1_120' title='bbox 1063 1512 1109 1555; x_wconf 93' lang='lat' dir='ltr'>V)</span> <span class='ocrx_word' id='word_1_121' title='bbox 1138 1512 1239 1545; x_wconf 90' lang='lat' dir='ltr'>Idem</span> <span class='ocrx_word' id='word_1_122' title='bbox 1272 1512 1315 1544; x_wconf 90' lang='lat' dir='ltr'>de</span> <span class='ocrx_word' id='word_1_123' title='bbox 1347 1511 1407 1544; x_wconf 88' lang='lat' dir='ltr'>off.</span> <span class='ocrx_word' id='word_1_124' title='bbox 1430 1512 1487 1544; x_wconf 91' lang='lat' dir='ltr'>III</span> <span class='ocrx_word' id='word_1_125' title='bbox 1514 1513 1571 1554; x_wconf 83' lang='lat'>15,</span> <span class='ocrx_word' id='word_1_126' title='bbox 1595 1513 1638 1545; x_wconf 86' lang='grc'>62</span> <span class='ocrx_word' id='word_1_127' title='bbox 1668 1512 1781 1545; x_wconf 80' lang='lat' dir='ltr'>‘haec</span> 
     </span>
     <span class='ocr_line' id='line_1_19' title="bbox 261 1553 1778 1612; baseline -0.001 -20"><span class='ocrx_word' id='word_1_128' title='bbox 261 1560 458 1603; x_wconf 85' lang='lat' dir='ltr'>igiturest</span> <span class='ocrx_word' id='word_1_129' title='bbox 482 1559 547 1592; x_wconf 84' lang='lat' dir='ltr'>illa</span> <span class='ocrx_word' id='word_1_130' title='bbox 571 1560 774 1612; x_wconf 84' lang='lat' dir='ltr'>pernicies,</span> <span class='ocrx_word' id='word_1_131' title='bbox 807 1559 902 1601; x_wconf 88' lang='lat' dir='ltr'>quod</span> <span class='ocrx_word' id='word_1_132' title='bbox 929 1558 1021 1591; x_wconf 79' lang='lat' dir='ltr'>alios</span> <span class='ocrx_word' id='word_1_133' title='bbox 1044 1559 1178 1600; x_wconf 87' lang='lat' dir='ltr'>bonos,</span> <span class='ocrx_word' id='word_1_134' title='bbox 1211 1557 1305 1590; x_wconf 85' lang='lat' dir='ltr'>alios</span> <span class='ocrx_word' id='word_1_135' title='bbox 1335 1558 1527 1600; x_wconf 82' lang='lat' dir='ltr'>sapientes</span> <span class='ocrx_word' id='word_1_136' title='bbox 1556 1553 1778 1591; x_wconf 79' lang='lat' dir='ltr'>existimant.</span> 
     </span>
     <span class='ocr_line' id='line_1_20' title="bbox 254 1602 1780 1656; baseline -0.001 -19"><span class='ocrx_word' id='word_1_137' title='bbox 254 1606 309 1638; x_wconf 83' lang='lat' dir='ltr'>Ex</span> <span class='ocrx_word' id='word_1_138' title='bbox 351 1613 420 1647; x_wconf 87' lang='lat' dir='ltr'>quo</span> <span class='ocrx_word' id='word_1_139' title='bbox 460 1605 602 1637; x_wconf 89' lang='lat' dir='ltr'>Ennius</span> <span class='ocrx_word' id='word_1_140' title='bbox 638 1605 908 1647; x_wconf 82' lang='lat' dir='ltr'>nequiquam</span> <span class='ocrx_word' id='word_1_141' title='bbox 947 1613 1107 1646; x_wconf 82' lang='lat' dir='ltr'>sapere</span> <span class='ocrx_word' id='word_1_142' title='bbox 1144 1603 1413 1656; x_wconf 82' lang='lat' dir='ltr'>sapientem,</span> <span class='ocrx_word' id='word_1_143' title='bbox 1451 1603 1524 1645; x_wconf 86' lang='lat' dir='ltr'>qui</span> <span class='ocrx_word' id='word_1_144' title='bbox 1558 1602 1654 1645; x_wconf 86' lang='lat' dir='ltr'>ipse</span> <span class='ocrx_word' id='word_1_145' title='bbox 1691 1603 1780 1636; x_wconf 83' lang='lat' dir='ltr'>sibi</span> 
     </span>
     <span class='ocr_line' id='line_1_21' title="bbox 255 1647 1783 1693; baseline -0.001 -11"><span class='ocrx_word' id='word_1_146' title='bbox 255 1650 477 1693; x_wconf 82' lang='lat' dir='ltr'>prodesse</span> <span class='ocrx_word' id='word_1_147' title='bbox 502 1661 585 1683; x_wconf 91' lang='lat' dir='ltr'>non</span> <span class='ocrx_word' id='word_1_148' title='bbox 611 1651 773 1692; x_wconf 85' lang='lat' dir='ltr'>quiret.</span> <span class='ocrx_word' id='word_1_149' title='bbox 821 1649 914 1682; x_wconf 86' lang='lat' dir='ltr'>Vere</span> <span class='ocrx_word' id='word_1_150' title='bbox 939 1649 975 1681; x_wconf 92' lang='lat' dir='ltr'>id</span> <span class='ocrx_word' id='word_1_151' title='bbox 1001 1648 1156 1692; x_wconf 90' lang='lat' dir='ltr'>quidem,</span> <span class='ocrx_word' id='word_1_152' title='bbox 1182 1649 1225 1688; x_wconf 86' lang='lat' dir='ltr'>si,</span> <span class='ocrx_word' id='word_1_153' title='bbox 1251 1647 1337 1690; x_wconf 90' lang='lat' dir='ltr'>quid</span> <span class='ocrx_word' id='word_1_154' title='bbox 1361 1652 1461 1681; x_wconf 78' lang='lat' dir='ltr'>esset</span> <span class='ocrx_word' id='word_1_155' title='bbox 1484 1647 1669 1690; x_wconf 81' lang='lat' dir='ltr'>prodesse,</span> <span class='ocrx_word' id='word_1_156' title='bbox 1693 1647 1783 1680; x_wconf 87' lang='lat' dir='ltr'>mihi</span> 
     </span>
     <span class='ocr_line' id='line_1_22' title="bbox 258 1692 1779 1736; baseline -0.002 -8"><span class='ocrx_word' id='word_1_157' title='bbox 258 1706 339 1728; x_wconf 89' lang='lat' dir='ltr'>cum</span> <span class='ocrx_word' id='word_1_158' title='bbox 363 1696 483 1731; x_wconf 86' lang='lat' dir='ltr'>Ennio</span> <span class='ocrx_word' id='word_1_159' title='bbox 508 1695 749 1728; x_wconf 60' lang='lat' dir='ltr'>conueniret?</span> <span class='ocrx_word' id='word_1_160' title='bbox 797 1694 992 1727; x_wconf 78' lang='lat' dir='ltr'>Sententia</span> <span class='ocrx_word' id='word_1_161' title='bbox 1015 1693 1204 1736; x_wconf 83' lang='lat' dir='ltr'>Euripidis</span> <span class='ocrx_word' id='word_1_162' title='bbox 1230 1696 1287 1726; x_wconf 82' lang='lat' dir='ltr'>est</span> <span class='ocrx_word' id='word_1_163' title='bbox 1311 1693 1355 1726; x_wconf 90' lang='lat' dir='ltr'>fr.</span> <span class='ocrx_word' id='word_1_164' title='bbox 1382 1694 1447 1727; x_wconf 88' lang='grc'>897</span> <span class='ocrx_word' id='word_1_165' title='bbox 1464 1693 1527 1728; x_wconf 55' lang='grc' dir='ltr'>ΝΛ</span> <span class='ocrx_word' id='word_1_166' title='bbox 1552 1692 1649 1735; x_wconf 77' lang='grc' dir='ltr'>μισῶ</span> <span class='ocrx_word' id='word_1_167' title='bbox 1673 1702 1779 1736; x_wconf 85' lang='grc' dir='ltr'><strong><em>σοφι-</em></strong></span> 
     </span>
     <span class='ocr_line' id='line_1_23' title="bbox 254 1734 1781 1784; baseline -0.002 -11"><span class='ocrx_word' id='word_1_168' title='bbox 254 1735 365 1783; x_wconf 79' lang='grc' dir='ltr'><strong><em>στὴν,</em></strong></span> <span class='ocrx_word' id='word_1_169' title='bbox 392 1734 496 1779; x_wconf 78' lang='grc' dir='ltr'><strong><em>ὅστις</em></strong></span> <span class='ocrx_word' id='word_1_170' title='bbox 520 1735 590 1784; x_wconf 75' lang='grc' dir='ltr'>οὐχ</span> <span class='ocrx_word' id='word_1_171' title='bbox 614 1735 717 1783; x_wconf 76' lang='grc' dir='ltr'><strong><em>αὐτῷ</em></strong></span> <span class='ocrx_word' id='word_1_172' title='bbox 743 1735 873 1782; x_wconf 84' lang='grc' dir='ltr'><strong><em>σοφός.</em></strong></span> <span class='ocrx_word' id='word_1_173' title='bbox 967 1739 1054 1772; x_wconf 86' lang='lat' dir='ltr'>XVI</span> <span class='ocrx_word' id='word_1_174' title='bbox 1077 1738 1171 1772; x_wconf 90' lang='lat' dir='ltr'>Non.</span> <span class='ocrx_word' id='word_1_175' title='bbox 1196 1738 1274 1780; x_wconf 82' lang='lat'>297,</span> <span class='ocrx_word' id='word_1_176' title='bbox 1303 1739 1344 1771; x_wconf 85' lang='lat'>16</span> <span class='ocrx_word' id='word_1_177' title='bbox 1370 1738 1563 1771; x_wconf 76' lang='lat' dir='ltr'>‘efferre</span> <span class='ocrx_word' id='word_1_178' title='bbox 1595 1738 1781 1780; x_wconf 77' lang='lat' dir='ltr'>signifieat</span> 
     </span>
     <span class='ocr_line' id='line_1_24' title="bbox 255 1782 1781 1840; baseline -0.002 -22"><span class='ocrx_word' id='word_1_179' title='bbox 255 1786 419 1840; x_wconf 89' lang='lat' dir='ltr'>proferre</span> <span class='ocrx_word' id='word_1_180' title='bbox 444 1811 451 1818; x_wconf 92' lang='lat'>.</span> <span class='ocrx_word' id='word_1_181' title='bbox 520 1786 664 1818; x_wconf 88' lang='lat' dir='ltr'>Ennius</span> <span class='ocrx_word' id='word_1_182' title='bbox 689 1785 818 1818; x_wconf 83' lang='lat' dir='ltr'>Medea</span> <span class='ocrx_word' id='word_1_183' title='bbox 842 1786 915 1818; x_wconf 76' lang='lat'>...³</span> <span class='ocrx_word' id='word_1_184' title='bbox 956 1783 1155 1817; x_wconf 83' lang='lat' dir='ltr'>Elmsleius</span> <span class='ocrx_word' id='word_1_185' title='bbox 1179 1784 1408 1838; x_wconf 77' lang='lat' dir='ltr'>comparauit</span> <span class='ocrx_word' id='word_1_186' title='bbox 1436 1782 1624 1826; x_wconf 85' lang='lat' dir='ltr'>Euripidis</span> <span class='ocrx_word' id='word_1_187' title='bbox 1652 1793 1688 1818; x_wconf 88' lang='lat' dir='ltr'>u.</span> <span class='ocrx_word' id='word_1_188' title='bbox 1713 1784 1781 1816; x_wconf 89' lang='lat'>314</span> 
     </span>
     <span class='ocr_line' id='line_1_25' title="bbox 256 1824 1782 1874; baseline -0.003 -10"><span class='ocrx_word' id='word_1_189' title='bbox 256 1827 302 1864; x_wconf 75' lang='grc' dir='ltr'>σὺ</span> <span class='ocrx_word' id='word_1_190' title='bbox 328 1824 366 1863; x_wconf 84' lang='grc' dir='ltr'>δ’</span> <span class='ocrx_word' id='word_1_191' title='bbox 395 1826 436 1864; x_wconf 76' lang='grc' dir='ltr'>ἐκ</span> <span class='ocrx_word' id='word_1_192' title='bbox 460 1826 531 1874; x_wconf 75' lang='grc' dir='ltr'>μὲν</span> <span class='ocrx_word' id='word_1_193' title='bbox 559 1830 674 1864; x_wconf 80' lang='grc' dir='ltr'><strong><em>οἴκων</em></strong></span> <span class='ocrx_word' id='word_1_194' title='bbox 698 1829 869 1872; x_wconf 83' lang='grc' dir='ltr'><strong><em>πατρίων</em></strong></span> <span class='ocrx_word' id='word_1_195' title='bbox 894 1826 1079 1867; x_wconf 66' lang='grc' dir='ltr'><strong><em>ἔπλευσας</em></strong></span> <span class='ocrx_word' id='word_1_196' title='bbox 1100 1825 1331 1871; x_wconf 79' lang='grc' dir='ltr'><strong><em>Μαινομένᾳ</em></strong></span> <span class='ocrx_word' id='word_1_197' title='bbox 1349 1827 1500 1871; x_wconf 79' lang='grc' dir='ltr'><strong><em>κραδίᾳ.</em></strong></span> <span class='ocrx_word' id='word_1_198' title='bbox 1581 1827 1782 1861; x_wconf 80' lang='lat' dir='ltr'>Inserenda</span> 
     </span>
     <span class='ocr_line' id='line_1_26' title="bbox 260 1842 1781 1919; baseline -0.001 -11"><span class='ocrx_word' id='word_1_199' title='bbox 260 1879 458 1919; x_wconf 82' lang='lat' dir='ltr'>praeterea</span> <span class='ocrx_word' id='word_1_200' title='bbox 460 1842 567 1908; x_wconf 45' lang='lat' dir='ltr'>‘thule</span> <span class='ocrx_word' id='word_1_201' title='bbox 600 1875 750 1909; x_wconf 83' lang='lat' dir='ltr'>fabulae</span> <span class='ocrx_word' id='word_1_202' title='bbox 782 1879 867 1907; x_wconf 82' lang='lat' dir='ltr'>sunt</span> <span class='ocrx_word' id='word_1_203' title='bbox 897 1875 968 1910; x_wconf 81' lang='lat' dir='ltr'>inc.</span> <span class='ocrx_word' id='word_1_204' title='bbox 995 1884 1088 1906; x_wconf 90' lang='lat' dir='ltr'>nom.</span> <span class='ocrx_word' id='word_1_205' title='bbox 1114 1875 1227 1914; x_wconf 90' lang='lat' dir='ltr'>XXV,</span> <span class='ocrx_word' id='word_1_206' title='bbox 1250 1873 1323 1906; x_wconf 91' lang='lat' dir='ltr'>inc.</span> <span class='ocrx_word' id='word_1_207' title='bbox 1349 1874 1421 1906; x_wconf 88' lang='lat' dir='ltr'>inc.</span> <span class='ocrx_word' id='word_1_208' title='bbox 1449 1873 1522 1908; x_wconf 82' lang='lat' dir='ltr'>fab.</span> <span class='ocrx_word' id='word_1_209' title='bbox 1548 1873 1677 1916; x_wconf 87' lang='lat' dir='ltr'>XCIV,</span> <span class='ocrx_word' id='word_1_210' title='bbox 1708 1873 1781 1906; x_wconf 81' lang='lat' dir='ltr'>for-</span> 
     </span>
     <span class='ocr_line' id='line_1_27' title="bbox 265 1918 1500 1960; baseline -0.002 -7"><span class='ocrx_word' id='word_1_211' title='bbox 265 1924 364 1954; x_wconf 81' lang='lat' dir='ltr'>tasse</span> <span class='ocrx_word' id='word_1_212' title='bbox 391 1922 500 1954; x_wconf 82' lang='lat' dir='ltr'>etiam</span> <span class='ocrx_word' id='word_1_213' title='bbox 524 1921 744 1955; x_wconf 87' lang='lat' dir='ltr'>LXXXVII.</span> <span class='ocrx_word' id='word_1_214' title='bbox 770 1919 971 1953; x_wconf 90' lang='lat' dir='ltr'>LXXXIX.</span> <span class='ocrx_word' id='word_1_215' title='bbox 997 1918 1074 1952; x_wconf 88' lang='lat' dir='ltr'>XC.</span> <span class='ocrx_word' id='word_1_216' title='bbox 1100 1918 1183 1951; x_wconf 86' lang='lat' dir='ltr'>XCI</span> <span class='ocrx_word' id='word_1_217' title='bbox 1209 1918 1500 1960; x_wconf 71' lang='lat' dir='ltr'>(LXXXVIIH).</span> 
     </span>
    </p>
   </div>
   <div class='ocr_carea' id='block_1_10' title="bbox 255 2032 537 2040">
    <p class='ocr_par' dir='ltr' id='par_1_11' title="bbox 255 2032 537 2040">
     <span class='ocr_line' id='line_1_28' title="bbox 255 2032 537 2040; baseline 0 0"><span class='ocrx_word' id='word_1_218' title='bbox 255 2032 537 2040; x_wconf 95' lang='lat' dir='ltr'> </span> 
     </span>
    </p>
   </div>
   <div class='ocr_carea' id='block_1_11' title="bbox 257 2110 1855 2498">
    <p class='ocr_par' dir='ltr' id='par_1_12' title="bbox 257 2110 1855 2498">
     <span class='ocr_line' id='line_1_29' title="bbox 374 2110 1855 2160; baseline -0.002 -11"><span class='ocrx_word' id='word_1_219' title='bbox 374 2111 454 2149; x_wconf 80' lang='lat'>237</span> <span class='ocrx_word' id='word_1_220' title='bbox 494 2122 550 2160; x_wconf 84' lang='lat' dir='ltr'>sq.</span> <span class='ocrx_word' id='word_1_221' title='bbox 593 2111 784 2148; x_wconf 83' lang='lat' dir='ltr'>Numeros</span> <span class='ocrx_word' id='word_1_222' title='bbox 820 2112 976 2158; x_wconf 74' lang='lat' dir='ltr'>aynouit</span> <span class='ocrx_word' id='word_1_223' title='bbox 1024 2110 1196 2156; x_wconf 85' lang='lat' dir='ltr'>Vossius,</span> <span class='ocrx_word' id='word_1_224' title='bbox 1243 2111 1407 2146; x_wconf 81' lang='lat' dir='ltr'>creticos</span> <span class='ocrx_word' id='word_1_225' title='bbox 1441 2110 1781 2158; x_wconf 73' lang='lat' dir='ltr'>ineleyantissimos</span> <span class='ocrx_word' id='word_1_226' title='bbox 1851 2128 1855 2132; x_wconf 88' lang='lat'><em>-</em></span> 
     </span>
     <span class='ocr_line' id='line_1_30' title="bbox 260 2165 1784 2218; baseline -0.003 -12"><span class='ocrx_word' id='word_1_227' title='bbox 260 2171 379 2218; x_wconf 76' lang='lat' dir='ltr'>finxit</span> <span class='ocrx_word' id='word_1_228' title='bbox 413 2168 591 2205; x_wconf 81' lang='lat' dir='ltr'>Osannus</span> <span class='ocrx_word' id='word_1_229' title='bbox 620 2169 644 2204; x_wconf 91' lang='lat' dir='ltr'>l.</span> <span class='ocrx_word' id='word_1_230' title='bbox 674 2169 698 2204; x_wconf 92' lang='lat' dir='ltr'>l.</span> <span class='ocrx_word' id='word_1_231' title='bbox 725 2179 767 2214; x_wconf 81' lang='lat' dir='ltr'>p.</span> <span class='ocrx_word' id='word_1_232' title='bbox 804 2165 882 2204; x_wconf 84' lang='lat'>123</span> <span class='ocrx_word' id='word_1_233' title='bbox 1000 2166 1079 2204; x_wconf 83' lang='lat'>237</span> <span class='ocrx_word' id='word_1_234' title='bbox 1111 2167 1172 2214; x_wconf 92' lang='lat' dir='ltr'>qui</span> <span class='ocrx_word' id='word_1_235' title='bbox 1201 2177 1260 2202; x_wconf 87' lang='lat' dir='ltr'>res</span> <span class='ocrx_word' id='word_1_236' title='bbox 1291 2167 1405 2202; x_wconf 84' lang='lat' dir='ltr'>omnis</span> <span class='ocrx_word' id='word_1_237' title='bbox 1435 2166 1540 2212; x_wconf 81' lang='lat' dir='ltr'>libri,</span> <span class='ocrx_word' id='word_1_238' title='bbox 1579 2168 1655 2202; x_wconf 77' lang='lat' dir='ltr'>nisi</span> <span class='ocrx_word' id='word_1_239' title='bbox 1682 2167 1784 2214; x_wconf 82' lang='lat' dir='ltr'>quod</span> 
     </span>
     <span class='ocr_line' id='line_1_31' title="bbox 259 2223 1781 2272; baseline -0.002 -11"><span class='ocrx_word' id='word_1_240' title='bbox 259 2236 388 2262; x_wconf 88' lang='lat' dir='ltr'>omnes</span> <span class='ocrx_word' id='word_1_241' title='bbox 409 2225 505 2261; x_wconf 81' lang='lat' dir='ltr'>Par.</span> <span class='ocrx_word' id='word_1_242' title='bbox 538 2225 600 2272; x_wconf 91' lang='lat' dir='ltr'>qui</span> <span class='ocrx_word' id='word_1_243' title='bbox 621 2225 736 2261; x_wconf 88' lang='lat' dir='ltr'>omnis</span> <span class='ocrx_word' id='word_1_244' title='bbox 757 2234 815 2260; x_wconf 88' lang='lat' dir='ltr'>res</span> <span class='ocrx_word' id='word_1_245' title='bbox 836 2223 888 2260; x_wconf 88' lang='lat' dir='ltr'>H.</span> <span class='ocrx_word' id='word_1_246' title='bbox 909 2223 1060 2260; x_wconf 81' lang='lat' dir='ltr'>Keilius</span> <span class='ocrx_word' id='word_1_247' title='bbox 1079 2234 1137 2259; x_wconf 82' lang='lat' dir='ltr'>res</span> <span class='ocrx_word' id='word_1_248' title='bbox 1158 2223 1219 2271; x_wconf 90' lang='lat' dir='ltr'>qui</span> <span class='ocrx_word' id='word_1_249' title='bbox 1241 2233 1363 2259; x_wconf 83' lang='lat' dir='ltr'>omnes</span> <span class='ocrx_word' id='word_1_250' title='bbox 1396 2223 1548 2260; x_wconf 78' lang='lat' dir='ltr'>Vossius</span> <span class='ocrx_word' id='word_1_251' title='bbox 1577 2233 1636 2258; x_wconf 86' lang='lat' dir='ltr'>res</span> <span class='ocrx_word' id='word_1_252' title='bbox 1657 2233 1781 2259; x_wconf 89' lang='lat' dir='ltr'>omnes</span> 
     </span>
     <span class='ocr_line' id='line_1_32' title="bbox 257 2278 1711 2330; baseline -0.001 -12"><span class='ocrx_word' id='word_1_253' title='bbox 257 2282 318 2330; x_wconf 93' lang='lat' dir='ltr'>qui</span> <span class='ocrx_word' id='word_1_254' title='bbox 338 2281 538 2318; x_wconf 81' lang='lat' dir='ltr'>Porsonus</span> <span class='ocrx_word' id='word_1_255' title='bbox 614 2281 721 2329; x_wconf 88' lang='lat' dir='ltr'>spicis</span> <span class='ocrx_word' id='word_1_256' title='bbox 754 2280 946 2317; x_wconf 80' lang='lat' dir='ltr'>Vablenus</span> <span class='ocrx_word' id='word_1_257' title='bbox 966 2291 1059 2316; x_wconf 87' lang='lat' dir='ltr'>mus.</span> <span class='ocrx_word' id='word_1_258' title='bbox 1081 2280 1205 2317; x_wconf 77' lang='lat' dir='ltr'>Rhen.</span> <span class='ocrx_word' id='word_1_259' title='bbox 1229 2279 1292 2315; x_wconf 83' lang='lat' dir='ltr'>XI</span> <span class='ocrx_word' id='word_1_260' title='bbox 1303 2279 1334 2316; x_wconf 88' lang='lat' dir='ltr'><em>V</em></span> <span class='ocrx_word' id='word_1_261' title='bbox 1350 2278 1432 2317; x_wconf 86' lang='lat'>566</span> <span class='ocrx_word' id='word_1_262' title='bbox 1454 2279 1599 2327; x_wconf 86' lang='lat' dir='ltr'>inspicis</span> <span class='ocrx_word' id='word_1_263' title='bbox 1619 2279 1711 2316; x_wconf 85' lang='lat' dir='ltr'>libri</span> 
     </span>
     <span class='ocr_line' id='line_1_33' title="bbox 257 2335 1779 2375; baseline -0.002 0"><span class='ocrx_word' id='word_1_264' title='bbox 257 2337 337 2375; x_wconf 84' lang='lat'>238</span> <span class='ocrx_word' id='word_1_265' title='bbox 360 2343 423 2374; x_wconf 81' lang='lat' dir='ltr'>tuo</span> <span class='ocrx_word' id='word_1_266' title='bbox 445 2349 525 2374; x_wconf 88' lang='lat' dir='ltr'>cum</span> <span class='ocrx_word' id='word_1_267' title='bbox 556 2337 690 2374; x_wconf 89' lang='lat' dir='ltr'>lumine</span> <span class='ocrx_word' id='word_1_268' title='bbox 718 2338 816 2373; x_wconf 80' lang='lat' dir='ltr'>idem</span> <span class='ocrx_word' id='word_1_269' title='bbox 842 2337 867 2373; x_wconf 87' lang='lat' dir='ltr'>l.</span> <span class='ocrx_word' id='word_1_270' title='bbox 893 2338 917 2374; x_wconf 87' lang='lat' dir='ltr'>l.</span> <span class='ocrx_word' id='word_1_271' title='bbox 952 2342 1013 2372; x_wconf 76' lang='lat' dir='ltr'>tuo</span> <span class='ocrx_word' id='word_1_272' title='bbox 1043 2335 1178 2372; x_wconf 85' lang='lat' dir='ltr'>lumine</span> <span class='ocrx_word' id='word_1_273' title='bbox 1206 2336 1298 2373; x_wconf 87' lang='lat' dir='ltr'>libri</span> <span class='ocrx_word' id='word_1_274' title='bbox 1325 2335 1458 2372; x_wconf 86' lang='lat' dir='ltr'>lumine</span> <span class='ocrx_word' id='word_1_275' title='bbox 1489 2339 1552 2371; x_wconf 81' lang='lat' dir='ltr'>tuo</span> <span class='ocrx_word' id='word_1_276' title='bbox 1582 2335 1779 2372; x_wconf 83' lang='lat' dir='ltr'>Porsonus</span> 
     </span>
     <span class='ocr_line' id='line_1_34' title="bbox 257 2392 1751 2431; baseline -0.001 -1"><span class='ocrx_word' id='word_1_277' title='bbox 257 2393 388 2431; x_wconf 74' lang='lat' dir='ltr'>obtutu</span> <span class='ocrx_word' id='word_1_278' title='bbox 407 2394 552 2431; x_wconf 88' lang='lat' dir='ltr'>luminis</span> <span class='ocrx_word' id='word_1_279' title='bbox 574 2394 842 2430; x_wconf 78' lang='lat' dir='ltr'>Buechelerus</span> <span class='ocrx_word' id='word_1_280' title='bbox 935 2393 1042 2429; x_wconf 83' lang='lat' dir='ltr'>maria</span> <span class='ocrx_word' id='word_1_281' title='bbox 1070 2392 1271 2429; x_wconf 84' lang='lat' dir='ltr'>Porsonus</span> <span class='ocrx_word' id='word_1_282' title='bbox 1357 2397 1508 2428; x_wconf 82' lang='lat' dir='ltr'>contues</span> <span class='ocrx_word' id='word_1_283' title='bbox 1550 2392 1704 2429; x_wconf 80' lang='lat' dir='ltr'>Vossius</span> <span class='ocrx_word' id='word_1_284' title='bbox 1746 2394 1751 2401; x_wconf 86' lang='lat'>&#39;</span> 
     </span>
     <span class='ocr_line' id='line_1_35' title="bbox 259 2448 1776 2498; baseline -0.001 -12"><span class='ocrx_word' id='word_1_285' title='bbox 259 2451 392 2498; x_wconf 85' lang='lat' dir='ltr'>quique</span> <span class='ocrx_word' id='word_1_286' title='bbox 423 2450 531 2486; x_wconf 88' lang='lat' dir='ltr'>maria</span> <span class='ocrx_word' id='word_1_287' title='bbox 562 2455 691 2486; x_wconf 82' lang='lat' dir='ltr'>terram</span> <span class='ocrx_word' id='word_1_288' title='bbox 722 2449 859 2485; x_wconf 79' lang='lat' dir='ltr'>caelum</span> <span class='ocrx_word' id='word_1_289' title='bbox 889 2449 1053 2485; x_wconf 82' lang='lat' dir='ltr'>contines</span> <span class='ocrx_word' id='word_1_290' title='bbox 1083 2453 1147 2484; x_wconf 86' lang='lat' dir='ltr'>tuo</span> <span class='ocrx_word' id='word_1_291' title='bbox 1175 2448 1309 2484; x_wconf 90' lang='lat' dir='ltr'>lumine</span> <span class='ocrx_word' id='word_1_292' title='bbox 1330 2448 1606 2485; x_wconf 75' lang='lat' dir='ltr'>Fleckeisenus</span> <span class='ocrx_word' id='word_1_293' title='bbox 1625 2452 1714 2485; x_wconf 79' lang='lat' dir='ltr'>ante</span> <span class='ocrx_word' id='word_1_294' title='bbox 1733 2448 1776 2484; x_wconf 83' lang='lat' dir='ltr'>L.</span> 
     </span>
    </p>
   </div>
   <div class='ocr_carea' id='block_1_12' title="bbox 256 2502 1838 2552">
    <p class='ocr_par' dir='ltr' id='par_1_13' title="bbox 256 2502 1838 2552">
     <span class='ocr_line' id='line_1_36' title="bbox 256 2502 1838 2552; baseline -0.001 -9"><span class='ocrx_word' id='word_1_295' title='bbox 256 2507 486 2544; x_wconf 83' lang='lat' dir='ltr'>Muellerum</span> <span class='ocrx_word' id='word_1_296' title='bbox 516 2507 562 2543; x_wconf 83' lang='lat' dir='ltr'>de</span> <span class='ocrx_word' id='word_1_297' title='bbox 592 2516 635 2541; x_wconf 82' lang='lat' dir='ltr'>re</span> <span class='ocrx_word' id='word_1_298' title='bbox 664 2518 712 2542; x_wconf 88' lang='lat' dir='ltr'>m.</span> <span class='ocrx_word' id='word_1_299' title='bbox 734 2504 818 2543; x_wconf 89' lang='grc'>420</span> <span class='ocrx_word' id='word_1_300' title='bbox 922 2504 1003 2542; x_wconf 87' lang='grc'>239</span> <span class='ocrx_word' id='word_1_301' title='bbox 1035 2505 1125 2541; x_wconf 85' lang='lat' dir='ltr'>hanc</span> <span class='ocrx_word' id='word_1_302' title='bbox 1157 2506 1308 2542; x_wconf 77' lang='lat' dir='ltr'>Vossius</span> <span class='ocrx_word' id='word_1_303' title='bbox 1392 2503 1451 2540; x_wconf 73' lang='lat' dir='ltr'>fiat</span> <span class='ocrx_word' id='word_1_304' title='bbox 1480 2506 1593 2552; x_wconf 72' lang='lat' dir='ltr'>uulqo</span> <span class='ocrx_word' id='word_1_305' title='bbox 1623 2502 1663 2540; x_wconf 86' lang='lat' dir='ltr'>fit</span> <span class='ocrx_word' id='word_1_306' title='bbox 1690 2505 1781 2541; x_wconf 87' lang='lat' dir='ltr'>libri</span> <span class='ocrx_word' id='word_1_307' title='bbox 1834 2502 1838 2506; x_wconf 73' lang='grc'><strong>”</strong></span> 
     </span>
    </p>
   </div>
   <div class='ocr_carea' id='block_1_13' title="bbox 255 2559 1821 2891">
    <p class='ocr_par' dir='ltr' id='par_1_14' title="bbox 255 2559 1821 2891">
     <span class='ocr_line' id='line_1_37' title="bbox 341 2559 1777 2613; baseline -0.002 -14"><span class='ocrx_word' id='word_1_308' title='bbox 341 2562 583 2611; x_wconf 87' lang='lat' dir='ltr'>prohibesseis</span> <span class='ocrx_word' id='word_1_309' title='bbox 605 2562 885 2599; x_wconf 79' lang='lat' dir='ltr'>Fleckeisenus</span> <span class='ocrx_word' id='word_1_310' title='bbox 913 2560 1126 2610; x_wconf 88' lang='lat' dir='ltr'>prohibesse</span> <span class='ocrx_word' id='word_1_311' title='bbox 1152 2567 1190 2598; x_wconf 89' lang='lat' dir='ltr'>et</span> <span class='ocrx_word' id='word_1_312' title='bbox 1209 2561 1302 2598; x_wconf 83' lang='lat' dir='ltr'>Par.</span> <span class='ocrx_word' id='word_1_313' title='bbox 1334 2559 1548 2613; x_wconf 30' lang='lat' dir='ltr'>prohibesse</span> <span class='ocrx_word' id='word_1_314' title='bbox 1578 2560 1661 2597; x_wconf 64' lang='grc' dir='ltr'>γαί.</span> <span class='ocrx_word' id='word_1_315' title='bbox 1693 2571 1777 2608; x_wconf 88' lang='lat' dir='ltr'>pro-</span> 
     </span>
     <span class='ocr_line' id='line_1_38' title="bbox 257 2613 1777 2667; baseline -0.002 -11"><span class='ocrx_word' id='word_1_316' title='bbox 257 2618 408 2656; x_wconf 89' lang='lat' dir='ltr'>hibessis</span> <span class='ocrx_word' id='word_1_317' title='bbox 440 2619 604 2656; x_wconf 77' lang='lat' dir='ltr'>Bothius</span> <span class='ocrx_word' id='word_1_318' title='bbox 632 2617 783 2666; x_wconf 86' lang='lat' dir='ltr'>prohibe</span> <span class='ocrx_word' id='word_1_319' title='bbox 814 2619 1004 2666; x_wconf 75' lang='lat' dir='ltr'>Eynatius</span> <span class='ocrx_word' id='word_1_320' title='bbox 1041 2618 1111 2654; x_wconf 90' lang='lat' dir='ltr'>hoc</span> <span class='ocrx_word' id='word_1_321' title='bbox 1139 2615 1290 2666; x_wconf 84' lang='lat' dir='ltr'>prohibe</span> <span class='ocrx_word' id='word_1_322' title='bbox 1333 2617 1487 2654; x_wconf 87' lang='lat' dir='ltr'>Vossius</span> <span class='ocrx_word' id='word_1_323' title='bbox 1549 2613 1777 2667; x_wconf 31' lang='lat' dir='ltr'>““hfflXqui</span> 
     </span>
     <span class='ocr_line' id='line_1_39' title="bbox 257 2671 1775 2724; baseline -0.002 -12"><span class='ocrx_word' id='word_1_324' title='bbox 257 2675 357 2724; x_wconf 71' lang='lat' dir='ltr'>ipsus</span> <span class='ocrx_word' id='word_1_325' title='bbox 387 2675 452 2712; x_wconf 88' lang='lat' dir='ltr'>sibi</span> <span class='ocrx_word' id='word_1_326' title='bbox 485 2674 634 2723; x_wconf 78' lang='lat' dir='ltr'>Sapiens</span> <span class='ocrx_word' id='word_1_327' title='bbox 665 2674 846 2711; x_wconf 84' lang='lat' dir='ltr'>Columna</span> <span class='ocrx_word' id='word_1_328' title='bbox 877 2675 938 2723; x_wconf 91' lang='lat' dir='ltr'>qui</span> <span class='ocrx_word' id='word_1_329' title='bbox 967 2674 1036 2722; x_wconf 88' lang='lat' dir='ltr'>ipsi</span> <span class='ocrx_word' id='word_1_330' title='bbox 1065 2673 1131 2710; x_wconf 91' lang='lat' dir='ltr'>sibi</span> <span class='ocrx_word' id='word_1_331' title='bbox 1161 2671 1308 2722; x_wconf 79' lang='lat' dir='ltr'>Sapiens</span> <span class='ocrx_word' id='word_1_332' title='bbox 1337 2673 1562 2721; x_wconf 73' lang='lat' dir='ltr'>Spenyelius</span> <span class='ocrx_word' id='word_1_333' title='bbox 1591 2673 1644 2709; x_wconf 85' lang='lat' dir='ltr'>ad</span> <span class='ocrx_word' id='word_1_334' title='bbox 1663 2672 1775 2710; x_wconf 65' lang='lat' dir='ltr'>Caco.</span> 
     </span>
     <span class='ocr_line' id='line_1_40' title="bbox 255 2722 1821 2779; baseline -0.002 -11"><span class='ocrx_word' id='word_1_335' title='bbox 255 2743 296 2779; x_wconf 86' lang='lat' dir='ltr'>p.</span> <span class='ocrx_word' id='word_1_336' title='bbox 326 2731 351 2769; x_wconf 84' lang='lat'>8</span> <span class='ocrx_word' id='word_1_337' title='bbox 454 2731 534 2768; x_wconf 84' lang='lat'>241</span> <span class='ocrx_word' id='word_1_338' title='bbox 565 2730 666 2768; x_wconf 88' lang='lat' dir='ltr'>Mede</span> <span class='ocrx_word' id='word_1_339' title='bbox 696 2733 857 2768; x_wconf 84' lang='lat' dir='ltr'>nominis</span> <span class='ocrx_word' id='word_1_340' title='bbox 883 2731 1052 2778; x_wconf 80' lang='lat' dir='ltr'>formam</span> <span class='ocrx_word' id='word_1_341' title='bbox 1081 2731 1295 2767; x_wconf 74' lang='lat' dir='ltr'>uindicauit</span> <span class='ocrx_word' id='word_1_342' title='bbox 1323 2729 1538 2766; x_wconf 82' lang='lat' dir='ltr'>Meinelcius</span> <span class='ocrx_word' id='word_1_343' title='bbox 1567 2730 1664 2766; x_wconf 83' lang='lat' dir='ltr'>conl.</span> <span class='ocrx_word' id='word_1_344' title='bbox 1697 2729 1776 2766; x_wconf 84' lang='lat' dir='ltr'>Eu-</span> <span class='ocrx_word' id='word_1_345' title='bbox 1818 2722 1821 2725; x_wconf 9' lang='grc' dir='ltr'>ζ</span> 
     </span>
     <span class='ocr_line' id='line_1_41' title="bbox 255 2784 1776 2836; baseline -0.001 -12"><span class='ocrx_word' id='word_1_346' title='bbox 255 2788 456 2835; x_wconf 79' lang='lat' dir='ltr'>phoriom&#39;s</span> <span class='ocrx_word' id='word_1_347' title='bbox 485 2798 603 2825; x_wconf 86' lang='lat' dir='ltr'>uersu</span> <span class='ocrx_word' id='word_1_348' title='bbox 640 2790 708 2836; x_wconf 78' lang='lat' dir='ltr'>qui</span> <span class='ocrx_word' id='word_1_349' title='bbox 742 2790 781 2824; x_wconf 86' lang='lat' dir='ltr'>in</span> <span class='ocrx_word' id='word_1_350' title='bbox 819 2788 923 2824; x_wconf 83' lang='lat' dir='ltr'>illius</span> <span class='ocrx_word' id='word_1_351' title='bbox 961 2789 1066 2824; x_wconf 85' lang='lat' dir='ltr'>anal.</span> <span class='ocrx_word' id='word_1_352' title='bbox 1096 2787 1210 2824; x_wconf 80' lang='lat' dir='ltr'>Alex.</span> <span class='ocrx_word' id='word_1_353' title='bbox 1244 2798 1282 2834; x_wconf 84' lang='lat' dir='ltr'>p.</span> <span class='ocrx_word' id='word_1_354' title='bbox 1315 2785 1366 2824; x_wconf 88' lang='grc'>45</span> <span class='ocrx_word' id='word_1_355' title='bbox 1396 2787 1548 2834; x_wconf 73' lang='lat' dir='ltr'>leyitur.</span> <span class='ocrx_word' id='word_1_356' title='bbox 1635 2784 1776 2822; x_wconf 87' lang='lat' dir='ltr'>Colchis</span> 
     </span>
     <span class='ocr_line' id='line_1_42' title="bbox 257 2843 1208 2891; baseline -0.001 -11"><span class='ocrx_word' id='word_1_357' title='bbox 257 2844 411 2890; x_wconf 76' lang='lat' dir='ltr'>Lipsius</span> <span class='ocrx_word' id='word_1_358' title='bbox 442 2846 551 2891; x_wconf 80' lang='lat' dir='ltr'>epist.</span> <span class='ocrx_word' id='word_1_359' title='bbox 592 2848 739 2891; x_wconf 85' lang='lat' dir='ltr'>quaest.</span> <span class='ocrx_word' id='word_1_360' title='bbox 779 2843 845 2880; x_wconf 88' lang='lat' dir='ltr'>IV</span> <span class='ocrx_word' id='word_1_361' title='bbox 874 2843 923 2880; x_wconf 88' lang='lat'>19</span> <span class='ocrx_word' id='word_1_362' title='bbox 962 2843 1080 2879; x_wconf 86' lang='lat' dir='ltr'>cordis</span> <span class='ocrx_word' id='word_1_363' title='bbox 1116 2843 1208 2880; x_wconf 87' lang='lat' dir='ltr'>libri</span> 
     </span>
    </p>
   </div>
  </div>
 </body>
</html>
