1942 3204
282 203 364 245 238
612 205 677 238 EX
704 204 928 239 INCERTIS
953 204 1271 239 INCERTORVM
1297 206 1505 240 FABVLIS

995 308 1104 351 XIII

399 396 491 439 Iam
523 397 698 439 d6mum
730 398 909 440 itionem
940 399 1063 454 reges
1098 396 1171 455 [et]
1205 398 1583 456 Atridae'parant.

998 492 1104 536 XIV

401 580 589 623 Domum
617 581 763 623 itionis
795 582 939 637 cupidi
958 582 1185 638 imperium
1216 584 1329 639 regis
1361 599 1497 639 paene
1517 583 1809 628 inminuimus.
1843 630 1850 637 ,

936 676 1020 720 XV
1052 675 1149 735 (34)

401 764 523 814 Quod
555 761 641 806 nisi
673 765 848 822 quieris,
878 766 1091 824 M6nelae,
1121 767 1202 810 hac
1235 767 1383 811 dextra
1407 750 1593 813 occides.

925 861 1033 905 XVI
1066 861 1163 920 (59)

398 942 529 985 Proin
567 942 709 985 demet
747 943 823 985 abs
860 946 902 986 te
940 945 1135 1001 regimen
1172 945 1334 1002 ArgOS,
1378 947 1479 989 dum
1517 949 1583 990 est
1617 950 1808 1004 potestas

1349 1025 1511 1067 consili.

278 1149 373 1182 tuli.’
407 1148 604 1183 Diomedes
629 1161 664 1193 p.
681 1151 748 1184 435
765 1150 806 1184 P.
832 1152 1074 1194 ‘prosthesis’
1101 1151 1224 1194 (immo
1250 1154 1453 1197 ‘prothesis
1465 1156 1494 1198 ’)
1520 1158 1600 1188 ‘est
1624 1156 1808 1199 appositio

279 1194 459 1237 quaedam
492 1195 539 1227 ad
570 1196 789 1238 principium
821 1196 1006 1231 dictionis.
1055 1197 1205 1231 litterae
1234 1223 1243 1231 .
1263 1223 1272 1232 .
1291 1224 1300 1233 .
1329 1200 1511 1242 syllabae,
1537 1205 1595 1234 ut:
1626 1201 1809 1234 concitum

279 1244 307 1272 t.
332 1251 366 1282 g.
393 1251 459 1282 pro
483 1239 578 1276 tuli‚’
628 1239 685 1276 Cf.
710 1241 875 1276 Naekius
899 1244 992 1277 Mus.
1018 1243 1133 1278 Rhen.
1160 1245 1248 1277 1833
1270 1255 1305 1287 p.
1329 1246 1396 1278 486
1420 1245 1568 1289 (Opusc.
1594 1246 1613 1279 1
1637 1245 1732 1288 350).

278 1285 369 1319 XIII
393 1285 501 1319 Rhet.
529 1285 575 1318 ad
601 1285 760 1320 Herenn.
785 1287 839 1320 III
863 1289 919 1329 21,
939 1289 983 1322 34
1008 1292 1109 1321 ‘cum
1132 1289 1324 1322 uerborum
1349 1291 1611 1325 similitudines
1636 1291 1809 1335 imagini-

277 1331 346 1363 bus
377 1331 580 1372 exprimere
610 1330 792 1374 uolemus,
830 1333 914 1375 plus
945 1333 1088 1376 negotii
1124 1334 1364 1376 suscipiemus
1394 1340 1433 1369 et
1461 1337 1580 1379 magis
1616 1337 1804 1378 ingenium

278 1378 443 1408 nostrum
467 1376 733 1412 exercebimus.
779 1377 818 1410 id
842 1388 908 1411 nos
933 1378 1001 1412 hoc
1026 1378 1131 1412 modo
1158 1379 1279 1412 facere
1303 1382 1506 1424 oportebit:
1531 1382 1637 1414 iam'
1663 1392 1694 1414 e.
1720 1392 1754 1424 q.
1773 1392 1806 1415 s.

280 1421 342 1452 ‘in
366 1430 438 1453 uno
461 1420 541 1453 loco
566 1422 793 1454 constituere
819 1433 947 1456 manus
973 1423 1021 1462 ad⁴
1046 1423 1186 1456 caelum
1212 1424 1402 1458 tollentem
1426 1426 1647 1468 Domitium,
1679 1437 1760 1459 cum
1786 1437 1808 1459 a

281 1466 446 1508 Regibus
469 1465 622 1499 Marciis
652 1466 740 1499 loris
766 1468 953 1502 caedatur.
1000 1468 1069 1502 hoe
1094 1469 1182 1502 erit:
1207 1470 1292 1502 iam
1318 1471 1636 1505 domuitionem
1660 1482 1805 1514 reges.

281 1511 319 1542 in
345 1510 460 1544 altero
477 1510 558 1543 loco
583 1512 800 1554 Aesopum
827 1517 870 1546 et
896 1514 1118 1547 Cimbrum
1144 1514 1390 1548 subornare
1417 1517 1702 1560 Iphigeniam
1729 1527 1805 1549 ue-

277 1554 344 1588 lut
383 1559 572 1598 agentes
604 1557 970 1599 Agamemnonem
1005 1562 1048 1591 et
1078 1559 1337 1594 Menelaum.
1386 1561 1455 1594 hoc
1485 1563 1578 1595 erit:
1617 1561 1806 1595 Atridae

277 1605 454 1642 parant.
502 1600 570 1634 hoc
599 1601 705 1634 modo
735 1603 856 1635 omnia
887 1605 1003 1637 uerba
1033 1607 1139 1637 erunt
1164 1609 1366 1648 expressa.’
1413 1607 1650 1640 subornari
1682 1610 1730 1640 ut
1753 1607 1809 1646 asi

277 1645 561 1688 ephigeniam
586 1647 629 1679 in
655 1657 1012 1690 agamemnonem
1040 1653 1084 1682 et
1108 1649 1314 1692 (agatnen
1334 1650 1430 1685 tiem
1455 1652 1491 1684 it
1513 1652 1695 1692 Wuerzb.)
1721 1662 1806 1685 me-

277 1690 454 1724 nelaum
480 1692 565 1726 Par.
584 1692 775 1726 Wuerzeb.
793 1693 922 1729 Bamb.
940 1705 963 1727 a
987 1695 1097 1737 Fris„
1123 1696 1195 1727 nisi
1219 1695 1315 1738 quod
1339 1697 1558 1730 menalam
1582 1697 1675 1730 Fris.
1700 1697 1805 1730 sub-

277 1737 433 1768 ornari
463 1741 510 1770 ut
545 1736 620 1769 uel
650 1742 891 1780 uagantem
930 1739 1215 1782 ephigeniam
1247 1741 1399 1781 (ceteris
1429 1742 1587 1786 omissis)
1619 1742 1748 1778 Bamb.
1782 1743 1805 1775 b

278 1781 521 1814 subornari
551 1785 599 1814 ut
629 1781 683 1814 ad
710 1783 1013 1827 ephygeniam
1039 1785 1340 1828 aduagantem
1372 1797 1736 1830 agamemnonem
1761 1791 1822 1820 et-

277 1827 527 1859 menelaum
558 1827 681 1861 Tross.
713 1829 954 1862 subornari
985 1833 1032 1862 ut
1064 1829 1351 1873 ephigeniam
1382 1836 1622 1875 uagantem
1656 1832 1804 1875 (ceteris

278 1872 437 1913 omissis)
453 1871 537 1907 Tur.
563 1873 810 1906 subornare
833 1884 991 1917 uagam
1016 1875 1292 1918 iphigeniam
1310 1877 1461 1920 reliquis
1477 1889 1545 1911 om.
1563 1878 1686 1921 Opitz.
1702 1878 1803 1911 sub-

278 1918 428 1949 ornari
460 1917 503 1949 in
535 1918 821 1960 Iphigeniam
854 1920 1141 1961 (immolandam)
1172 1931 1194 1953 a
1225 1917 1481 1955 Calchante
1513 1923 1803 1966 Agamemno-

277 1971 371 1993 nem
398 1965 440 1994 et
465 1963 713 1995 Menelaum
738 1963 899 1998 Orellius
923 1965 969 1998 in
999 1965 1147 1998 altero
1177 1966 1274 2000 loco
1305 1968 1553 2001 subornare
1583 1968 1803 2010 Aesopum

279 2010 322 2038 et
354 2006 574 2039 Cimbrum
605 2008 647 2040 in
679 2008 779 2051 Iphi
822 2010 926 2042 enia
955 2014 1149 2053 agentes
1179 2011 1551 2054 Agamemnonem
1582 2016 1626 2046 et
1655 2012 1804 2045 Mene-

278 2050 399 2083 laum
427 2057 510 2094 post
535 2052 767 2087 Schuetzium
789 2020 977 2098 {ergkius
999 2055 1077 2088 Iud.
1104 2055 1187 2089 lect.
1213 2057 1328 2090 Marb.
1356 2061 1449 2091 aest.
1476 2059 1564 2092 1844
1587 2069 1623 2101 p.
1640 2058 1717 2100 XV,
1743 2059 1804 2101 qui

278 2107 322 2128 ex
354 2098 464 2129 Ennii
489 2098 683 2141 Iphigenia
708 2103 853 2143 sumpta
885 2110 966 2132 esse
993 2101 1160 2133 coniecit.
1274 2103 1360 2136 XIV
1384 2103 1476 2136 Non.
1501 2104 1562 2145 96,
1588 2106 1609 2136 3
1634 2103 1802 2135 ‘domu-

276 2142 452 2174 tionem.
489 2143 676 2176 Pacuuius
699 2144 900 2178 Hermiona
931 2170 939 2177 .
953 2170 961 2178 .
977 2170 984 2177 .
1009 2145 1178 2179 Lucilius
1201 2145 1263 2180 lib.
1281 2157 1387 2180 xxvx:
1413 2148 1650 2182 domutionis’
1668 2159 1700 2183 e.
1719 2159 1752 2191 q.
1772 2159 1801 2182 s.

277 2186 456 2219 Videntur
481 2189 577 2220 enim
602 2188 696 2221 haec
727 2200 772 2222 ex
803 2190 995 2232 tragoedia
1019 2194 1164 2234 sumpta
1190 2202 1285 2225 esse:
1321 2203 1405 2225 nam
1435 2193 1564 2236 inepta
1593 2193 1803 2236 obloquitur

277 2232 320 2264 L.
345 2231 500 2264 Mueller
525 2233 569 2265 de
601 2244 639 2266 re
665 2245 710 2267 m.
735 2236 820 2276 4203
852 2236 903 2268 cf.
933 2238 1128 2278 praeterea
1153 2236 1194 2269 R.
1219 2237 1464 2275 Bouterwekii
1498 2241 1657 2280 quaestt.
1682 2237 1799 2272 Lucil.

277 2287 311 2319 p.
338 2278 392 2310 38.
441 2277 612 2320 Cogitaui
638 2279 681 2312 de
708 2280 873 2323 Telepho
897 2281 1026 2313 Ennii:
1050 2281 1179 2314 eodem
1204 2283 1331 2315 rettuli
1354 2283 1399 2316 fr.
1425 2283 1501 2317 XV.
1525 2283 1624 2318 XVI.
1649 2284 1764 2316 XVII.

369 2322 435 2355 XV
461 2322 602 2356 Seneca
628 2326 734 2367 epist.
760 2327 805 2359 80
835 2324 919 2358 ‘ille
951 2326 1014 2368 qui
1043 2326 1220 2369 superbus
1252 2324 1362 2370 atque
1393 2330 1565 2371 inpotens
1596 2332 1634 2362 et
1664 2329 1802 2361 fiducia

278 2367 410 2399 uirium
436 2368 594 2400 tumidus
620 2369 689 2401 aitz
717 2370 832 2412 quod
855 2371 965 2404 nisi’
990 2381 1022 2404 e.
1047 2381 1081 2413 q.
1105 2382 1134 2405 s.
1177 2372 1366 2406 ‘diurnum
1397 2374 1550 2417 accipit,
1583 2374 1620 2406 in
1652 2377 1800 2407 centun-

278 2411 360 2445 culo
391 2411 549 2446 dormit.'
672 2414 758 2448 XVI
789 2414 1014 2449 Censorinus
1046 2417 1177 2460 fragm.
1208 2427 1241 2450 c.
1275 2419 1318 2450 14
1347 2429 1381 2461 p.
1405 2420 1449 2452 95
1477 2419 1580 2452 Iahn.
1612 2420 1714 2460 (2726
1742 2418 1800 2461 Ρ.)

389 2549 443 2587 -26
475 2550 571 2587 domi
602 2550 774 2589 ultionem
796 2558 959 2601 utroque
978 2555 1062 2591 loco
1081 2554 1171 2591 libri
1190 2554 1449 2592 domuitionem
1473 2555 1662 2594 Victorius
1688 2555 1802 2592 domi-

277 2606 416 2642 tionem
439 2607 481 2643 L.
505 2606 669 2644 Mueller
688 2610 734 2645 de
755 2620 798 2646 re
819 2622 864 2646 m.
885 2609 982 2656 420,
1007 2613 1079 2656 qui
1100 2623 1143 2658 p.
1165 2610 1247 2648 429
1279 2616 1393 2649 tolum
1416 2623 1570 2650 uersum
1601 2625 1625 2649 α
1646 2613 1801 2650 rhetore

279 2665 484 2710 confictum
507 2674 590 2700 esse
612 2665 792 2712 adfirmat
858 2671 894 2702 et
915 2665 1181 2704 Buechelerus
1210 2670 1390 2712 inseruit,
1419 2671 1502 2716 ipse
1531 2670 1598 2705 iam
1629 2669 1801 2706 uolebam

390 2719 441 2756 27
474 2719 693 2757 domutionis
721 2722 811 2758 libri
839 2722 1072 2759 domuitionis
1101 2724 1305 2761 Mer-cerus
1331 2724 1540 2762 domnionis
1568 2725 1611 2762 L.
1634 2726 1800 2763 Mueller

276 2775 302 2810 l.
332 2776 357 2811 l.
467 2787 579 2824 paene
600 2778 684 2814 edd.
715 2789 807 2825 pene
835 2779 926 2816 libri
1041 2778 1092 2817 28
1124 2780 1182 2817 De
1213 2783 1388 2829 elisione,
1419 2792 1520 2830 quae
1549 2787 1606 2818 est
1634 2784 1673 2819 in
1703 2791 1800 2819 uoce

277 2831 455 2878 Menelao,
493 2834 590 2869 dixit
620 2833 893 2871 Lachmannus
928 2837 966 2872 in
998 2836 1114 2872 Lucr.
1149 2848 1189 2883 p.
1224 2837 1301 2881 162
1445 2837 1496 2875 29
1536 2839 1640 2886 proin
1679 2838 1798 2875 demet

277 2887 554 2924 Laelemannus
585 2890 735 2937 proinde
767 2897 802 2926 ot
831 2891 919 2927 libri
1011 2892 1138 2928 consili
1170 2893 1442 2931 Lac-lemannus
1470 2894 1680 2931 consulendi
1709 2895 1800 2931 libri
