1942 3204
853 200 896 233 L.
923 198 1100 233 A'r'mvs
1662 195 1741 238 183

323 307 549 363 senuerit,
581 304 750 349 steterit
781 320 877 348 cum
912 303 1089 347 Achiuis

847 382 870 407 ²12
963 411 986 436 εκ
1078 382 1101 407 *

322 463 385 506 Re
417 462 548 505 dubia
1406 512 1411 518 ἡ

204 542 291 586 360
321 540 442 585 Haut
473 539 681 582 dubitarit
713 536 850 581 uitam
882 539 1034 582 offerre
1067 539 1145 580 nec
1178 536 1308 593 capiti
1340 537 1589 592 pepercerit.

846 617 869 641 'l‘
962 645 984 670 ,Β
1076 616 1099 640 ²1⁸

381 696 417 739 O
450 695 588 752 puter!

847 773 869 797 ἦ(
1077 771 1100 796 240

962 801 985 826 ἥδ

384 851 502 894 Haec
537 850 683 893 omnia
714 850 802 892 uidi
834 848 1092 891 inflammari

381 1006 464 1050 Pro
499 1006 541 1048 di
574 1004 844 1048 inmortales!

961 1112 984 1136 ²}ss

320 1163 355 1206 Ο
388 1162 622 1220 ingratifici
643 1159 817 1219 Argiui,
848 1162 1071 1203 inmoenes
1103 1159 1223 1215 Grai,
1254 1159 1512 1202 inmemores
1545 1160 1737 1215 benefici,

201 1242 288 1286 365
319 1240 519 1285 'Exulare
552 1238 711 1297 sinitis,
744 1239 859 1282 sistis
890 1238 1011 1295 pelli,
1042 1237 1214 1293 pulsum
1245 1236 1456 1293 patimini.

201 1385 311 1418 quem
334 1372 583 1406 temeritatem
609 1371 774 1410 solebat,
804 1373 870 1403 aut
900 1379 1058 1403 errorem
1093 1371 1259 1402 senatus:
1290 1365 1388 1412 [364]
1421 1368 1503 1401 Non
1535 1372 1616 1402 erat
1647 1369 1736 1402 illud

157 1422 163 1429 '
200 1419 347 1464 quidem
370 1428 498 1452 uerum
521 1443 530 1452 .
545 1443 553 1451 .
568 1442 575 1450 .
600 1417 665 1451 sed
689 1421 814 1450 tamen
838 1415 929 1449 illud
952 1414 1103 1458 scripsit
1128 1413 1395 1447 disertissimus
1418 1417 1532 1457 poeta
1562 1425 1626 1458 pro
1660 1426 1735 1456 me3

202 1466 280 1510 egit
304 1465 529 1499 fortissimus
554 1466 676 1502 actor,
703 1472 776 1495 non
802 1461 919 1495 solum
943 1463 1132 1504 optumus,
1159 1459 1202 1493 de
1229 1470 1305 1501 me,
1331 1470 1412 1492 cum
1439 1470 1561 1493 omnes
1588 1460 1736 1494 ordines

200 1511 488 1551 demonstraret,
519 1513 705 1546 senatum,
737 1509 884 1550 equites
915 1507 1116 1547 Romanos,
1153 1506 1367 1538 uniuersum
1396 1505 1570 1549 populum
1601 1505 1734 1539 Roma-

200 1567 285 1590 num
315 1559 510 1589 accusaret
541 1552 670 1598 [365].’
719 1553 858 1586 Ibidem
891 1552 952 1594 58,
986 1552 1050 1585 123
1081 1554 1141 1583 ‘et
1173 1551 1342 1594 quoniam
1374 1550 1446 1584 huc
1476 1562 1532 1584 me
1563 1553 1736 1594 prouexit

201 1602 337 1643 oratio,
370 1601 502 1635 histrio
533 1610 659 1634 casum
690 1609 809 1632 meum
841 1599 983 1631 totiens
1013 1596 1327 1636 eonlacrumaust,
1365 1607 1447 1630 cum
1477 1598 1532 1629 ita
1566 1596 1737 1630 dolenter

202 1651 331 1692 ageret
355 1655 505 1680 causam
529 1655 663 1686 meam,
695 1648 737 1677 ut
767 1654 838 1677 uox
864 1643 943 1677 eius
973 1641 1040 1675 ills.
1066 1641 1263 1685 praeclara
1286 1637 1452 1675 lacrimis
1481 1642 1733 1685 impediretur.

200 1693 327 1737 Neque
352 1694 503 1736 poetae,
535 1700 687 1734 quorum
713 1699 781 1733 ego
806 1699 950 1732 semper
974 1687 1124 1731 ingenia
1151 1687 1282 1731 dilexi,
1318 1688 1476 1731 tempori
1501 1688 1735 1722 meo.defue-

200 1742 304 1773 runt:
330 1748 447 1781 eaque
473 1736 629 1781 populns
652 1736 837 1769 Romanus
863 1744 937 1768 non
961 1733 1076 1767 solum
1103 1733 1252 1776 plausu,
1278 1732 1344 1766 sed
1370 1733 1482 1766 etiam
1506 1734 1646 1777 gemitu
1671 1744 1735 1767 suo

201 1783 464 1828 comprobauit.
507 1783 632 1815 Vtrum
658 1781 772 1825 igitur
795 1780 887 1814 haec
911 1780 1096 1822 Aesopum
1121 1779 1244 1822 potius
1275 1789 1340 1822 pro
1371 1789 1426 1811 me
1456 1783 1523 1812 aut
1553 1778 1733 1812 Accium

201 1831 324 1864 dicere
351 1829 533 1873 oportuit,
559 1828 591 1860 si
615 1826 772 1871 populus
788 1827 974 1860 Romanus
990 1825 1086 1858 liber
1110 1828 1226 1866 esset,
1253 1835 1300 1858 an
1319 1825 1506 1868 principes
1523 1823 1734 1858 ciuitatis?’

201 1875 414 1909 Scholiasta
438 1873 633 1907 Bobiensis
664 1871 711 1906 ad
737 1882 820 1915 cap.
847 1872 890 1905 56
922 1875 1104 1904 ‘summus
1135 1868 1290 1913 artifex]
1324 1872 1431 1903 actor
1461 1869 1536 1903 illis
1561 1870 1735 1913 tempori-

201 1922 269 1955 bus
300 1919 553 1954 nobilissimus
584 1918 807 1962 tragicarum
844 1916 1054 1950 fabularum
1091 1915 1259 1959 Aesopus
1295 1917 1416 1958 egisse
1452 1915 1600 1948 uidetur
1634 1916 1734 1949 Accii

199 1966 380 2007 subulam,
412 1975 506 2009 quae
538 1963 711 1998 scribitur
744 1964 949 2006 Eurysace,
980 1963 1034 1995 ita
1064 1965 1106 1994 ut
1137 1971 1204 2005 per
1235 1971 1379 1995 omnem
1404 1961 1563 1994 actionis
1590 1971 1733 1994 cursum

200 2017 364 2056 tempora
394 2011 449 2044 rei
480 2009 651 2054 publicae
682 2007 997 2052 significarentur,
1031 2011 1069 2040 et
1101 2007 1248 2050 quidem
1273 2006 1464 2040 Ciceronis
1496 2007 1647 2039 fortuna
1672 2007 1733 2040 de-

201 2057 437 2101 ploraretur.’
483 2054 587 2088 Idem
618 2054 665 2089 ad
696 2066 778 2098 cap.
804 2056 847 2088 57
880 2058 923 2088 ‘o
955 2057 1134 2088 immunes
1160 2051 1266 2096 Grai]
1305 2056 1342 2086 et
1372 2052 1466 2086 haec
1496 2053 1612 2085 uerba
1649 2057 1735 2086 sunt

200 2102 245 2136 de
271 2101 484 2145 tragoedia,
512 2101 551 2134 in
577 2110 650 2144 qua
672 2100 823 2133 uerbum
848 2100 949 2133 istud
974 2101 1184 2133 inmunes
1208 2099 1375 2142 ingratos
1398 2098 1600 2142 siguificat,
1627 2108 1733 2141 quein

200 2148 393 2182 admodum
419 2141 682 2192 [λειτουργοὺς
707 2146 730 2179 i.
756 2143 806 2190 α]
832 2146 1020 2180 munificos
1045 2144 1222 2178 dicebant
1247 2154 1328 2186 eos,
1360 2144 1422 2187 qui
1453 2144 1550 2187 grati
1582 2146 1620 2177 et
1644 2143 1733 2177 libe>

200 2194 298 2228 rales
322 2193 546 2227 extitissent.
593 2193 693 2236 Ergo
722 2201 854 2225 uersus
883 2202 1009 2225 omnes
1040 2189 1172 2234 tragici
1201 2189 1249 2223 ad
1272 2189 1391 2234 ipsum
1417 2189 1633 2223 Ciceronem
1662 2214 1669 2222 .
1690 2214 1699 2223 .
1719 2214 1727 2221 .

200 2241 484 2279 conuertuntur3
516 2241 558 2271 ut
587 2237 690 2271 aliud
721 2237 868 2280 quidem
897 2237 935 2270 in
967 2246 1079 2280 opere
1109 2236 1256 2279 poetico
1282 2235 1412 2277 fuerit,
1443 2234 1547 2268 aliud
1578 2245 1666 2269 uero
1697 2236 1733 2268 iu

200 2284 478 2329 ipsius-actoris
501 2282 863 2327 significationibus)
905 2282 963 2316 Cf.
989 2284 1132 2326 quaest.
1159 2291 1259 2315 scen.
1286 2292 1319 2324 p.
1345 2282 1410 2315 328
1436 2291 1489 2323 sq.

313 2404 396 2443 360
426 2404 514 2441 haut
542 2402 750 2442 Maduicus
773 2403 913 2451 Opusc.
937 2404 1050 2441 acad.
1069 2414 1109 2450 p.
1133 2399 1215 2439 495
1246 2413 1268 2438 τοι
1283 2407 1323 2438 ut
1354 2400 1444 2449 (fuit
1465 2400 1541 2448 aul)
1562 2401 1657 2438 Par.
1692 2406 1734 2437 ιιι

200 2459 342 2501 Gemb‘l.
373 2457 439 2498 nec
470 2459 727 2509 Heruayiana
824 2460 933 2497 uitam
966 2459 1221 2509 Nauyeriana
1253 2458 1346 2494 uiam
1376 2459 1471 2495 Par.
1505 2458 1646 2495 Gembl.

199 2530 311 2570 peper
340 2518 436 2555 Par.
459 2529 508 2554 m.
533 2519 553 2556 1
586 2519 749 2567 pepercit
780 2517 920 2556 Gembl.
944 2518 1037 2554 Par.
1060 2529 1108 2554 m.
1132 2514 1156 2551 2
1252 2514 1479 2553 357-360
1509 2515 1733 2563 Seyfferlus

198 2578 323 2625 Epist.
352 2577 439 2614 crit.
469 2575 523 2612 ad
550 2575 588 2614 C.
610 2574 805 2613 Halmium
828 2586 872 2623 p.
904 2574 957 2612 65
988 2576 1044 2612 sic
1076 2574 1364 2611 reconcinnare
1393 2573 1537 2610 studuit
1547 2589 1556 2607 .·
1592 2571 1733 2619 quaeri·

199 2644 299 2681 mus,
329 2636 431 2670 certo
461 2631 579 2670 animo
601 2632 662 2681 qui
691 2643 767 2670 rem
789 2630 966 2681 publicam
986 2630 1137 2675 adiurit,
1170 2634 1303 2666 statum
1330 2629 1336 2678 Ι
1363 2628 1560 2674 statuerit,
1590 2628 1733 2664 steterit

199 2701 280 2727 cum
311 2689 470 2735 Achiuis,
500 2698 540 2728 re
569 2688 674 2726 dubia
697 2688 791 2726 haud
811 2687 1032 2726 dubitauerit
1058 2686 1064 2737 Ι
1091 2687 1205 2725 vitam
1237 2697 1310 2724 non
1334 2686 1481 2723 inuitam
1515 2685 1645 2721 oss'errc
1666 2695 1732 2720 nec

200 2747 307 2795 capiti
336 2747 539 2795 pepercerit
642 2745 722 2784 361
745 2756 801 2795 sq.
835 2748 998 2793 repetita
1030 2756 1082 2783 ex
1113 2745 1230 2782 Ennii
1250 2742 1521 2780 Andromacha
1553 2742 1730 2778 acclama-

199 2805 332 2841 lotide:
354 2815 390 2840 ιι.
413 2802 466 2841 81
489 2808 526 2841 et
546 2802 599 2842 86
677 2802 760 2842 364
782 2813 804 2839 ο
825 2802 922 2841 Bob.
942 2803 1034 2840 Par.
1059 2812 1148 2839 uero
1171 2802 1312 2839 Gembe.
1393 2798 1496 2847 argui
1518 2799 1612 2835 Par.
1635 2810 1682 2834 m.
1709 2798 1728 2834 1

286 2870 308 2896 ο
338 2860 515 2897 immunes
538 2860 631 2897 Bob.
664 2860 788 2897 inanes
808 2859 901 2897 Par.
927 2860 1069 2897 Gcmbl.
1158 2856 1237 2903 Graj
1259 2856 1533 2894 Laclamannus
1553 2857 1590 2892 in
1615 2854 1730 2892 Lucr.

200 2928 239 2965 p.
268 2915 345 2954 163
441 2915 523 2955 365
555 2916 671 2955 sinitis
702 2916 943 2955 Ascensiana
975 2921 1009 2953 et
1043 2916 1294 2965 Naicqeriana
1325 2912 1432 2949 sinite
1463 2912 1557 2949 Pur.
1588 2912 1728 2950 Gembl.
