1942 3204
244 167 325 203 Lvl
708 155 713 158 ’
833 163 1182 200 GOROLLARIVM

242 261 412 330 aliquid.
456 273 576 317 Nihil
607 273 738 329 igitur
768 272 964 327 impedit,
997 272 1100 328 quin
1130 273 1270 327 priore
1301 287 1425 316 versu
1455 287 1536 316 esse
1567 273 1761 327 supplea—

243 350 323 388 tur.
386 344 615 400 Proposuit
651 343 933 386 Buechelerus
970 346 1138 399 praeter
1168 358 1235 398 ea,
1267 358 1374 400 quae
1411 344 1456 386 in
1488 343 1761 386 adnotatione

247 417 360 472 dedi,
373 471 379 473 Π
391 417 521 459 etiam
551 416 665 457 hunc
697 414 912 457 senarium

525 487 624 529 deos
657 485 867 540 mortalis,
899 485 1107 540 Phoenix,
1140 485 1253 527 uitae
1287 485 1480 540 [iudices]

245 559 384 602 Probe
415 558 527 601 idem
561 557 695 602 sensit
724 557 926 612 languere
957 570 1091 611 saepe,
1128 559 1171 599 et
1207 557 1442 612 praeferam
1479 558 1570 612 ipse
1599 570 1763 611 semper,

248 631 282 673 si
314 630 440 672 liceat
470 644 546 685 per
570 642 788 682 numeros,
820 628 974 683 quibus
1000 627 1094 670 vide
1121 643 1176 669 an
1202 628 1261 670 sic
1292 627 1570 684 probabiliter
1601 642 1760 670 accom-

246 701 458 744 modetur:
849 757 860 760 -
1724 691 1730 699 ⁸

456 769 707 813 reminiscor
738 784 905 825 semper
936 771 978 813 et
1008 770 1123 812 istud
1154 770 1302 813 itidem
1333 771 1411 812 uos
1442 771 1540 813 uolo

458 839 714 884 meminisse.

361 925 573 968 Versuum
600 924 684 966 337
714 939 773 978 sq.
799 924 1039 978 exemplum
1065 925 1190 979 plane
1214 924 1432 980 geminum
1457 924 1589 966 habes
1621 922 1762 977 Capti-

243 1012 393 1040 vorum
424 995 566 1038 Plauti
598 1009 635 1036 v.
665 995 751 1037 408
785 997 1034 1050 ‘numquam
1066 995 1148 1038 erit
1177 998 1267 1037 tam
1299 1010 1469 1050 avarus,
1500 994 1604 1050 quin
1635 1008 1765 1036 manu

243 1072 285 1110 te
318 1068 488 1110 emittat
519 1066 701 1122 gratiis.'
1144 1118 1145 1121 Ἴ

362 1138 412 1180 V.
428 1138 525 1180 340.
557 1137 792 1179 Probatum
805 1136 930 1179 bonis
944 1136 1187 1180 auctoribus
1206 1131 1765 1193 participium'inuisitatam‚

243 1210 310 1252 cui
342 1211 467 1265 plane
500 1221 738 1263 congruens
769 1208 971 1262 eyreyiam
1002 1207 1248 1250 adiunctum
1280 1210 1363 1263 est,
1394 1208 1512 1252 nolui
1543 1210 1617 1250 aut
1646 1221 1764 1262 prae—

245 1281 355 1323 senti
398 1279 568 1322 inuisito
612 1282 697 1321 aut‘
734 1279 985 1334 imperativo
1027 1280 1203 1322 ineoissita
1246 1281 1429 1334 mutare,
1481 1279 1580 1335 quia
1628 1293 1765 1334 neque

245 1352 298 1394 ad
331 1351 519 1394 subitum
551 1345 599 1392 ac
630 1350 816 1405 primum
848 1352 1123 1405 conspectum
1155 1351 1335 1406 quadrat
1364 1351 1540 1393 verbum
1571 1351 1764 1405 frequen-

244 1423 426 1465 tativum
446 1436 582 1477 neque
609 1421 916 1463 exclamatione
942 1425 1035 1476 ‘pro
1055 1421 1099 1464 di
1122 1421 1386 1464 inmortales’
1414 1421 1593 1464 alterum
1612 1420 1765 1462 excita-

246 1509 352 1548 muS,
372 1495 420 1535 ut
439 1493 583 1535 oculos
603 1492 648 1534 in
668 1490 1052 1547 aliquid'intendat.
1085 1491 1147 1535 Of.
1169 1492 1311 1535 Plauti
1323 1492 1557 1534 Trinumm.
1579 1490 1664 1533 765
1687 1505 1766 1546 sq.:

440 1564 569 1606 homo
601 1562 861 1605 conducatur
893 1563 1046 1619 aliquis
1077 1564 1163 1605 iam
1196 1565 1404 1619 quantum
1434 1564 1576 1618 potest
1608 1612 1618 1620 Ο

439 1635 591 1690 ignota
621 1634 746 1688 facie,
778 1647 884 1689 quae
916 1632 986 1676 hi'c
1016 1649 1105 1677 non
1135 1634 1310 1677 uisitata
1342 1634 1408 1677 sit.

364 1717 416 1760 V.
436 1718 533 1760 347.
569 1716 636 1760 Ex
666 1717 794 1759 variis
826 1717 1077 1759 commentis
1108 1720 1199 1759 tam
1230 1717 1335 1760 meis
1368 1731 1495 1773 quam
1520 1715 1767 1758 Buecheleri

246 1788 355 1844 elegi
388 1789 500 1844 quod
532 1790 575 1830 et
605 1789 650 1830 in
682 1791 981 1844 argumentum
1011 1788 1180 1831 fabulae
1211 1803 1313 1843 prae
1341 1788 1437 1830 aliis
1469 1787 1695 1843 quadraret
1725 1789 1768 1828 et

250 1875 421 1902 sensum
452 1874 529 1914 per
559 1874 603 1901 se
634 1859 835 1901 idoneum
866 1859 1098 1914 praeberet.
1141 1859 1205 1902 Ac
1235 1873 1289 1901 ne
1321 1859 1416 1914 quis
1448 1860 1591 1914 spreta
1620 1872 1766 1899 rursus

250 1945 327 1984 pro
360 1930 447 1972 suis
479 1932 698 1985 recoquat‚
728 1929 791 1972 illi
823 1930 952 1972 etiam
982 1929 1087 1972 haec
1117 1930 1164 1972 in
1194 1932 1381 1972 mentem
1411 1931 1633 1972 venerant:

674 2014 723 2053 ut
754 2011 961 2054 desiderio
994 2015 1208 2055 amantem
1239 2013 1501 2068 incenderet,

462 2083 608 2126 turbat
639 2083 835 2139 uulgum,
865 2083 1014 2125 urbem
1046 2084 1215 2139 euertit,
1246 2099 1301 2126 m.
1333 2084 1370 2126 d.

250 2179 368 2221 Idem
399 2178 444 2219 in
475 2178 542 2220 his
573 2178 766 2232 diffidam
790 2181 927 2220 ante-m
956 2179 1088 2221 latere
1119 2179 1370 2233 difffidmttem
1401 2178 1639 2234 suspicatus
1666 2180 1766 2219 erat.
1792 2167 1798 2170 ”

250 2250 459 2306 Bergkius
491 2264 590 2291 vero
629 2264 706 2291 sua
744 2249 955 2305 quomodo
994 2264 1090 2291 cum
1120 2250 1349 2306 Eurysacis
1386 2250 1531 2292 fabula
1561 2248 1768 2302 conciliet,

248 2321 340 2376 ipse
376 2321 547 2375 viderit,
585 2320 657 2375 qui
694 2320 918 2362 memorati
954 2320 999 2362 in
1036 2321 1182 2363 Iliadis
1219 2320 1259 2362 K
1296 2321 1382 2364 268
1415 2336 1505 2376 sqq.
1536 2317 1766 2375 Amphida—

250 2391 407 2433 mantis
445 2390 634 2446 Cytherii
671 2391 761 2432 fata
797 2390 947 2433 ceteris
985 2377 1206 2447 incognita
1242 2392 1354 2434 felici
1391 2392 1572 2434 forsitan
1602 2390 1768 2446 virgula

250 2462 478 2505 recluserit.

367 2545 420 2587 In
456 2545 765 2588 constituendis
803 2544 994 2588 versibus
1033 2545 1280 2590 351—355
1317 2547 1371 2589 ab
1414 2546 1501 2602 his,
1543 2559 1650 2601 quac
1690 2559 1767 2600 pro

251 2619 364 2658 certo
395 2616 674 2658 fundamento
706 2617 935 2670 habebam,
965 2616 1180 2671 profectus
1214 2633 1319 2660 sum.
1365 2616 1576 2660 Numeros
1608 2616 1768 2658 scilicet

251 2687 456 2729 iambicos
489 2687 678 2728 senarios
716 2689 906 2741 praestat
937 2690 979 2729 et
1008 2702 1046 2730 v.
1077 2687 1164 2730 354
1197 2688 1256 2730 sic
1288 2690 1336 2730 ut
1371 2688 1527 2743 legitur
1563 2701 1588 2728 a
1624 2685 1767 2729 Nonio

250 2773 289 2812 p.
326 2759 408 2799 173
446 2759 666 2812 excerptus
699 2760 741 2799 et
779 2757 851 2813 qui
889 2758 1079 2815 sequitur
1109 2758 1207 2801 355.
1268 2758 1382 2801 Nam
1418 2758 1532 2800 hunc
1569 2757 1682 2813 quod
1714 2772 1765 2798 ex

254 2829 337 2870 alio
376 2829 563 2871 eiusdem
606 2828 774 2870 fabulae
817 2828 910 2871 loco
947 2829 1129 2884 petitum
1166 2844 1257 2872 esse
1294 2829 1339 2871 L.
1378 2828 1606 2871 Muellerus
1649 2842 1767 2882 prae-
