1942 3204
255 207 338 250 252
570 209 637 241 EX
661 207 889 243 INCERTIS
915 206 1235 242 INCERTORVM
1261 207 1465 243 FABVLIS

947 312 1093 355 LXIII

260 389 343 432 115
373 389 536 432 Nostra
566 390 737 433 miseria
769 393 817 433 tu
849 405 893 432 es
925 404 1109 447 magnus
1153 423 1162 432 .
1207 423 1216 433 .
1261 424 1269 432 .
1303 392 1323 432 ’.
1367 423 1376 432 .
1420 423 1430 432 .
1475 423 1484 432 .

895 468 918 493 a
1009 497 1032 522 ἧς
1123 467 1146 493 εκ

372 543 567 586 Eandem
611 545 814 588 uirtutem
857 543 986 587 istam
1030 545 1175 587 ueniet
1213 546 1393 601 tempus
1443 560 1540 587 cum
1589 544 1780 601 grauiter

726 612 732 618 ¹
1340 636 1497 678 gemes.

893 683 916 707 ἈΚ
1008 683 1030 707 ἦ(
1122 682 1145 707 *

376 757 425 799 Si
452 773 590 813 neque
622 759 738 815 leges
773 757 845 816 [te]
879 774 1017 814 neque
1049 774 1189 802 mores
1222 760 1384 816 cogunt
1427 792 1650 801 .....

747 835 890 879 LXIV
923 834 1033 893 (Att.
1063 836 1210 892 Pelop.
1242 834 1288 893 8)

375 909 474 954 'Vbi
493 926 572 954 neo
591 912 894 974 Pelopidarum
912 928 1071 956 nomen
1090 914 1168 956 nec
1187 913 1303 955 faeta
1323 915 1398 955 aut
1416 913 1578 955 famam
1597 913 1780 956 audiam.

258 1007 488 1039 malitias.’
536 1008 626 1040 Non.
654 1008 734 1048 189,
761 1009 781 1040 9
807 1008 1191 1051 ‘uersutiloquax.
1235 1008 1365 1040 Cicero
1392 1007 1436 1040 ‹le
1463 1010 1607 1040 oratore
1633 1007 1694 1040 lib.
1712 1018 1779 1040 111:

261 1055 429 1084 annon'
457 1063 486 1084 e,
512 1063 545 1095 q.
573 1063 599 1088 s.
625 1052 784 1085 ‘uidetis
810 1054 903 1085 enim
929 1057 964 1084 et
988 1054 1268 1096 uersutiloquax
1293 1056 1330 1086 et
1436 1063 1517 1085 csse
1542 1053 1684 1086 uerba.'
1701 1058 1705 1062 ”
1725 1052 1781 1087 Cf.

258 1098 350 1129 Attii
374 1108 407 1133 u.
433 1098 511 1133 694.
623 1097 747 1131 LXIII
772 1098 899 1131 Cicero
925 1099 968 1131 ad
995 1099 1070 1133 Att.
1096 1099 1131 1132 ΙΙ
1159 1101 1216 1141 19,
1243 1101 1264 1131 3
1296 1099 1442 1141 ‘populi
1473 1108 1601 1130 sensus
1626 1098 1781 1130 maxime

259 1143 405 1175 theatro
431 1147 469 1175 et
495 1142 720 1185 spectaculis
747 1147 964 1186 perspectus
997 1151 1062 1180 cst.
1111 1155 1194 1176 nam
1221 1143 1490 1185 gladiatoribus
1516 1153 1588 1186 qua
1614 1143 1781 1176 dominns

259 1198 331 1228 qua
357 1187 529 1220 aduocati
562 1187 682 1221 sibilis
713 1189 908 1221 conscissi:
942 1189 1060 1222 ludis
1091 1189 1457 1232 Apollinaribus’
1491 1187 1539 1229 (a.
1565 1189 1645 1228 695)
1683 1188 1781 1221 ‘Di-

258 1232 410 1276 philus
435 1232 679 1276 tragoedus
704 1234 748 1274 in
773 1237 970 1267 nostrum
994 1234 1251 1277 Pompeium
1270 1234 1540 1276 petulanter
1564 1234 1782 1266 inuectus

259 1282 344 1311 est:
370 1281 548 1311 nostra'
575 1289 606 1312 e.
633 1289 664 1321 q.
692 1289 722 1312 s.
772 1279 942 1312 ‘miliens
967 1282 1116 1312 coactus
1140 1283 1195 1312 est
1226 1279 1358 1313 dicere.
1409 1278 1622 1312 Eandem'
1649 1289 1680 1314 e.
1699 1289 1733 1322 q.
1753 1289 1782 1312 s.

258 1324 394 1355 ‘totius
426 1323 558 1356 theatri
590 1323 747 1356 clamore
779 1325 887 1364 dixit,
919 1325 1080 1367 itemque
1111 1328 1249 1357 cetera.
1298 1334 1382 1356 nam
1413 1323 1593 1356 eiusmodi
1625 1327 1710 1356 sunt
1747 1324 1782 1356 ei

257 1378 406 1411 uersus,
433 1372 474 1401 ut
498 1369 536 1400 in
561 1372 704 1411 tempus
730 1371 775 1402 ab
801 1370 949 1402 inimico
967 1370 1117 1412 Pompei
1141 1371 1268 1412 scripti
1295 1380 1376 1403 esse
1400 1369 1605 1402 uideantur.
1638 1369 1682 1401 Si
1707 1379 1782 1401 ne-

258 1416 415 1456 que'‘e.
441 1425 475 1457 q.
501 1424 528 1446 s.
577 1417 637 1446 ‘et
669 1417 796 1447 cetera
825 1425 957 1458 magno
989 1426 1070 1447 cum
1100 1415 1247 1448 fremitu
1283 1420 1320 1448 et
1351 1414 1509 1447 clamore
1547 1417 1632 1447 sunt
1669 1414 1780 1446 dicta.

258 1460 397 1491 Caesar
428 1469 508 1490 cum
540 1460 706 1492 uenisset
738 1463 878 1492 mortuo
909 1459 1061 1503 plausu,
1093 1460 1204 1493 Curio
1233 1460 1330 1492 filius
1362 1464 1418 1492 est
1448 1461 1650 1492 insecutus.
1696 1459 1781 1491 huic

257 1504 311 1536 ita
343 1503 509 1546 plausum
543 1508 617 1545 est,
655 1508 697 1536 ut
728 1505 835 1538 salua
874 1516 911 1538 re
943 1505 1090 1548 publica
1119 1506 1295 1548 Pompeio
1326 1505 1452 1547 plaudi
1486 1504 1643 1539 solebat.
1697 1503 1783 1537 tulit

256 1549 396 1582 Caesar
426 1549 602 1592 grauiter.
662 1549 811 1583 litterae
845 1549 1008 1593 Capuam
1047 1551 1092 1583 ad
1130 1551 1343 1593 Pompeium
1385 1549 1511 1582 uolare
1549 1549 1779 1582 dicebantur.

257 1594 395 1626 inimici
420 1598 526 1627 erant
546 1595 748 1637 equitibus,
775 1596 837 1636 qui
855 1596 1004 1629 Curioni
1020 1599 1162 1629 stantes
1180 1596 1409 1638 plauserant,
1434 1595 1559 1628 hostes
1585 1594 1780 1627 omnibus.’

257 1640 427 1672 Valerius
451 1641 634 1672 Maximus
657 1640 708 1674 VI
724 1642 756 1681 2,
775 1642 795 1673 9
821 1641 1014 1684 ‘Diphilus
1039 1641 1256 1684 tragoedus,
1285 1651 1365 1673 eum
1389 1639 1662 1683 Apollinaribus
1685 1639 1782 1672 ludis

257 1687 354 1717 inter
380 1688 502 1721 actum
526 1685 574 1717 ad
600 1695 680 1718 eum
706 1696 849 1719 uersum
875 1687 1058 1727 uenisset,
1083 1687 1121 1719 in
1148 1696 1218 1728 quo
1236 1686 1328 1719 haec
1346 1686 1532 1719 sententia
1551 1685 1780 1719 continetur:

257 1730 444 1762 miseria
468 1733 622 1763 nostra
654 1741 841 1774 magnus
874 1734 948 1774 est,
982 1731 1139 1764 derectis
1170 1732 1208 1764 in
1232 1732 1446 1774 Pompeium
1470 1731 1643 1774 Magnum
1667 1730 1783 1762 mani—

259 1776 327 1807 bus
350 1776 621 1818 pronuntiauit,
653 1779 922 1819 reuocatusque
954 1777 1177 1819 aliquotiens
1210 1788 1232 1809 a
1256 1776 1389 1820 populo
1421 1776 1501 1808 sine
1526 1775 1603 1808 ulla
1627 1778 1779 1808 cuncta—

255 1822 357 1853 tione
383 1821 517 1854 nimiae
542 1820 645 1853 illum
677 1825 714 1854 et
744 1822 991 1855 intolerabilis
1016 1823 1208 1865 potentiae
1238 1832 1339 1854 reum
1363 1824 1470 1864 gestu
1501 1822 1782 1864 perseueranter

259 1866 346 1908 egit.
386 1866 513 1898 eadem
541 1866 748 1909 petulantia
772 1877 859 1900 usus
885 1871 941 1901 est
965 1868 1002 1900 in
1028 1878 1073 1900 ea
1091 1878 1234 1910 quoque
1258 1870 1384 1910 parte:
1411 1866 1622 1899 uirtutem
1649 1867 1780 1898 istam

264 1936 273 1944 .
291 1937 299 1944 .
321 1936 329 1943 .
359 1914 536 1954 gemes.'
584 1911 640 1944 Cf.
667 1913 816 1955 Lipsius
842 1913 927 1947 Var.
953 1913 1055 1946 Lect.
1081 1913 1099 1944 I
1125 1914 1176 1945 11.
1218 1913 1350 1945 Parum
1375 1911 1584 1955 probabilia
1608 1911 1782 1943 disseruit

258 1956 507 1989 Firnhaberus
532 1956 664 1990 Philol.
684 1957 734 1990 VI
750 1959 816 1991 372
835 1968 889 2000 sq.
970 1957 1091 1991 LXIV
1116 1957 1247 1990 Cicero
1273 1957 1321 1990 ad
1346 1957 1433 1989 fam.
1457 1956 1528 1990 VII
1551 1958 1606 1995 30,
1633 1958 1651 1988 1
1678 1956 1780 1988 ‘hinc

261 2002 341 2043 ipse
368 2002 552 2034 euolare
577 2003 685 2045 cupio
712 2006 749 2035 et
774 2002 898 2045 aliquo
923 2003 1135 2045 peruenire,
1161 2003 1237 2035 ubi
1261 2012 1339 2034 nec
1363 2001 1680 2044 Pelopidarum
1703 2011 1781 2034 no-

257 2057 353 2078 men
378 2058 460 2080 nec
492 2047 620 2079 facta
646 2048 849 2082 audiam.’
898 2048 997 2081 Idem
1022 2047 1070 2080 ad
1094 2048 1180 2082 fam.
1206 2048 1276 2080 VII
1300 2049 1343 2080 28
1369 2046 1546 2090 ‘pedibus
1579 2057 1618 2079 es
1651 2055 1782 2078 conse·

264 2095 370 2125 cutus
395 2096 436 2125 ut
461 2093 511 2125 ibi
533 2102 650 2134 esseS,
675 2093 743 2125 ubi
768 2104 846 2126 nec
872 2093 1201 2136 Pelopidarum,
1227 2093 1323 2125 nosti
1337 2094 1488 2125 cetera.’
1522 2090 1622 2124 Idem
1638 2091 1686 2123 ad
1703 2092 1780 2126 Att.

258 2135 326 2169 XV
352 2138 411 2178 11,
437 2139 457 2170 3
489 2137 638 2179 ‘itaque
670 2138 741 2171 etsi
771 2148 816 2170 ne
850 2142 961 2171 antea
986 2137 1130 2181 quidem
1155 2137 1338 2178 dubitaui,
1371 2140 1495 2169 tamen
1523 2146 1620 2169 nunc
1646 2146 1689 2168 eo
1713 2137 1781 2169 mi-

259 2192 338 2219 nus,
365 2182 549 2215 euolare
574 2183 661 2215 hinc
676 2183 788 2225 idque
806 2194 911 2225 quam
931 2183 1101 2226 primum,
1128 2183 1202 2215 ubi
1219 2193 1298 2215 nec
1315 2181 1631 2224 Pelopidarum
1655 2182 1781 2214 facta

259 2237 404 2269 neque
431 2228 589 2260 famam
617 2228 821 2261 audiam.’
870 2228 926 2261 Cf.
953 2228 1048 2262 idem
1080 2228 1126 2261 ad
1150 2228 1223 2261 Att.
1248 2228 1300 2260 IX
1327 2229 1386 2267 10,
1411 2228 1431 2259 2
1469 2226 1570 2259 ‘dies
1601 2231 1638 2259 et
1661 2227 1782 2259 noctis

259 2276 444 2315 tamquam
470 2273 552 2305 auis
577 2273 641 2306 illa
665 2284 764 2306 mare
789 2277 984 2317 prospecto
1010 2273 1194 2307 euolare
1220 2273 1359 2315 cupio.'
1407 2272 1506 2305 Idem
1531 2271 1578 2304 ad
1603 2271 1677 2304 Att.
1695 2271 1780 2314 XIV

259 2392 427 2440 tuloquas
448 2393 604 2430 Abrine.
671 2392 817 2429 milicias
839 2393 923 2430 Erl.
946 2392 980 2439 b)
1010 2403 1141 2429 annum
1163 2392 1268 2428 nouis
1288 2391 1394 2428 huius
1425 2402 1480 2428 me
1500 2386 1781 2439 '‘uersuiiloqu‘ax

260 2448 391 2485 malitia
422 2448 571 2486 Nonius
600 2460 673 2486 non
704 2449 850 2485 nouisse
881 2450 986 2486 huius
1017 2460 1073 2485 me
1105 2460 1140 2485 u.
1163 2460 1209 2484 m.
1233 2449 1397 2486 Bolhius
1426 2459 1516 2484 anne
1545 2458 1618 2484 non
1646 2446 1781 2484 nouisti

259 2506 408 2542 huiusce
438 2516 472 2541 u.
495 2516 542 2541 m.
570 2506 729 2543 Beier-us
746 2506 878 2554 praef.
898 2506 1041 2555 sraym.
1073 2505 1148 2543 Cic.
1177 2510 1275 2542 orat.
1299 2516 1341 2552 p.
1363 2505 1470 2542 XVI
1495 2515 1613 2540 annon
1643 2503 1779 2540 nouisti

259 2562 365 2598 huius
397 2572 432 2597 u.
464 2561 536 2598 m.?
567 2563 651 2598 olim
681 2564 824 2609 scripsi
851 2562 936 2599 mim
966 2563 1068 2599 uenis
1099 2562 1205 2598 huius
1237 2572 1331 2597 uers.
1365 2571 1421 2596 me
1451 2560 1601 2596 malitias
1631 2559 1779 2596 fallere?

256 2620 349 2656 lusit
379 2618 635 2666 Kiesslinqius
729 2618 808 2655 115
839 2619 978 2656 miseria
999 2623 1123 2655 nostra
1151 2629 1302 2666 magnus
1334 2622 1390 2653 est
1422 2617 1597 2654 Valerius
1699 2616 1778 2653 116

259 2686 380 2724 gemas
414 2675 556 2712 Valerii
573 2675 694 2711 Bern.
806 2675 884 2712 117
917 2681 952 2712 tc
983 2687 1050 2712 om.
1072 2676 1161 2712 libri
1251 2674 1281 2710 si
1310 2677 1494 2710 mutatum
1523 2673 1576 2708 sic
1606 2672 1782 2709 Ciceroni

260 2733 385 2777 reddi,
428 2735 558 2767 celera
597 2730 715 2779 ne'que
755 2731 856 2779 leges
895 2743 1013 2779 neque
1043 2730 1160 2768 mores
1198 2742 1228 2767 c.
1260 2732 1472 2777 septenarii
1506 2729 1778 2766 hemistichium

260 2788 397 2824 haberi
423 2789 506 2824 uult
536 2787 802 2825 Buecheler-us
895 2788 972 2825 119
1004 2780 1171 2824 euolandi
1201 2787 1318 2824 uerbo
1347 2797 1437 2823 num
1459 2789 1578 2832 poeta
1610 2796 1703 2822 usus
1732 2786 1779 2822 sit

259 2847 470 2880 incertum.-
507 2845 592 2881 olim
621 2846 661 2881 in
692 2846 951 2882 antecedentis
983 2846 1168 2882 uersiculi
1196 2844 1371 2881 clausula
1402 2841 1542 2878 euclem
1572 2852 1778 2889 posueram

356 2901 512 2937 Versum
540 2901 636 2948 fecit
658 2901 836 2948 Botlzius,
870 2903 938 2938 sed
966 2903 1092 2939 nescio
1123 2913 1174 2938 an
1196 2900 1419 2938 concinnius
1449 2900 1496 2936 sit
1507 2915 1517 2934 .·
1547 2897 1687 2935 (molem
1718 2897 1778 2934 ubi
