1942 3204
214 173 268 214 68
853 175 897 214 Q.
924 173 1100 207 ENNIVS

335 277 494 334 cantu,
524 279 762 334 plausuque
793 280 995 334 premunt
1026 279 1128 320 alas.

841 373 993 417 XXIII
1025 372 1122 431 (51)

332 451 421 494 E6s
451 451 596 493 reduci
627 451 756 506 quam
786 452 988 508 relinqui,
1019 450 1173 494 deuehi
1205 465 1333 507 quam
1364 450 1502 492 deseri

331 528 479 571 Malui.
1149 521 1189 557 ⁸

849 623 999 667 XXIV
1020 622 1116 682 (64)

216 707 303 749 360
335 706 534 749 'Animus
566 721 694 763 aeger
725 708 892 763 semper
923 709 1054 750 errat:
1085 708 1224 763 neque
1255 707 1348 763 poti
1378 721 1516 762 neque
1547 705 1712 762 perpeti

331 784 451 827 P6tis
483 787 549 827 est
580 818 796 827 ......
828 788 982 841 cupere
1013 800 1249 840 numquam
1281 785 1448 827 desinit.

870 880 997 923 XXV
1018 878 1085 938 (2)

331 956 407 1000 ‘Vt
436 956 516 999 tibi
548 957 715 1009 Titanis
748 957 896 1000 Triuia
927 958 1091 1001 dederit
1122 958 1300 1013 stirpem
1329 956 1515 999 liberum

547 1034 698 1078 XXVI
729 1033 861 1092 (Eun.
880 1035 992 1078 Med.
1016 1036 1070 1078 16
1102 1036 1184 1077 ine.
1206 1037 1315 1077 auct.
1339 1033 1412 1091 15)

331 1111 482 1168 Neque
513 1114 638 1155 tuum
668 1128 873 1169 umquam
903 1114 951 1155 in
981 1113 1192 1170 gremium
1223 1113 1403 1155 extollas
1433 1109 1669 1154 liberorum
1695 1125 1746 1152 ex

1186 1192 1230 1233 te
1262 1205 1409 1247 genus.

228 1321 319 1365 galli
346 1324 484 1354 canant
514 1346 521 1354 .
542 1321 669 1363 ..qui
695 1321 841 1374 quidem
866 1321 1014 1354 silentio
1038 1321 1176 1362 noetis,
1207 1323 1248 1354 ut
1272 1322 1325 1353 ait
1348 1321 1509 1359 Ennius,
1542 1319 1691 1352 fauent’
1717 1329 1748 1352 e.

225 1378 257 1410 q.
285 1377 313 1400 8.
354 1366 545 1400 Pertinere
570 1367 715 1400 conieci
738 1366 787 1399 ad
811 1369 1034 1409 anapaestos
1065 1367 1127 1410 qui
1151 1366 1368 1420 Iphigeniae
1393 1366 1499 1398 initio
1523 1365 1750 1398 canebantur

218 1411 320 1463 (cf.1
339 1416 377 1445 et
393 1412 469 1464 ΙΙ),
475 1412 576 1445 facta
593 1412 639 1444 ad
658 1411 845 1455 exemplar
861 1412 1139 1455 Euripideorum
1155 1422 1191 1444 u.
1210 1413 1229 1446 9
1247 1405 1390 1446 οὔκουν
1408 1405 1583 1454 φθόγγος
1607 1403 1644 1454 γ’
1662 1403 1747 1443 οὔτ’

223 1451 396 1500 ὀρνίθων
421 1451 511 1491 οὔτε
535 1451 737 1501 θαλάσσης
763 1460 800 1490 et
826 1459 890 1490 156
915 1456 976 1491 ἴθι
1003 1457 1196 1492 λευκαίνει
1220 1468 1255 1490 κ.
1279 1468 1310 1490 τ.
1336 1458 1368 1491 λ.
1451 1456 1577 1488 XXIII
1599 1455 1747 1489 Diome—

215 1503 281 1536 des
303 1514 338 1546 p.
361 1504 427 1536 441
453 1503 494 1535 Ρ.
521 1503 863 1536 ‘homoeoteleuton
885 1528 893 1536 .
909 1527 939 1535 ..
962 1506 1004 1536 ut
1027 1502 1126 1546 apud
1151 1503 1436 1536 Ε1111111111;808’
1463 1512 1493 1537 e.
1521 1512 1553 1544 q.
1578 1511 1606 1534 s.
1649 1500 1745 1534 Cha—

215 1548 325 1581 risius
349 1548 401 1582 IV
424 1559 459 1591 p.
483 1549 548 1581 251
572 1549 613 1581 P.
653 1547 994 1581 ‘homoeoteleuton
1022 1573 1030 1582 .
1054 1573 1062 1580 .
1081 1573 1089 1582 .
1119 1551 1178 1581 ut.
1209 1548 1297 1581 hos'
1324 1558 1356 1580 e.
1382 1557 1416 1590 q.
1442 1557 1473 1581 s.
1519 1546 1658 1580 Donati
1687 1555 1746 1578 ars

217 1604 368 1637 gramm.
394 1604 430 1636 p.
459 1595 545 1627 1774
569 1594 611 1627 Ρ.
646 1592 812 1636 (gramm.
837 1594 939 1626 Latt.
965 1593 1017 1626 IV
1041 1595 1107 1627 398
1133 1593 1192 1635 Κ.)
1227 1592 1568 1627 ‘homoeoteleuton
1592 1616 1600 1626 .
1620 1616 1629 1625 .
1650 1616 1658 1623 .
1686 1593 1745 1624 ut:

220 1642 305 1671 eos'
333 1649 364 1674 e.
393 1649 426 1681 q.
452 1649 480 1672 8.
530 1638 584 1671 Ad
609 1639 841 1682 Iphigeniam
866 1639 1004 1672 rettuli.
1086 1638 1207 1672 XXIV
1232 1638 1359 1671 Cicero
1384 1638 1494 1672 Tusc.
1519 1638 1612 1680 disp
1638 1636 1745 1678 1113,

219 1686 277 1717 5(
290 1687 329 1716 at
354 1687 391 1717 et
415 1684 531 1717 morbi
555 1684 840 1727 perniciosiores
864 1684 1061 1738 pluresque
1086 1687 1171 1717 sunt
1196 1685 1309 1716 animi
1333 1693 1439 1727 quam
1461 1683 1634 1726 corporis.
1664 1682 1747 1714 Hoc

219 1730 315 1762 enim
348 1730 451 1772 ipso'
486 1727 555 1770 (sic
585 1729 738 1763 Bakius.
781 1730 842 1762 ‘hi
873 1731 968 1763 enim
993 1730 1085 1772 ipsi'
1119 1727 1239 1771 codd.)
1273 1729 1413 1763 ‘odiosi
1444 1731 1543 1770 sunt,
1577 1727 1673 1771 quod
1701 1726 1747 1758 ad

217 1776 378 1807 animum
404 1774 590 1818 pertinent
617 1785 767 1818 eumque
794 1775 1015 1815 sollicitant,
1049 1776 1262 1818 animusque
1289 1783 1418 1817 aeger,
1449 1776 1490 1806 ut
1514 1774 1567 1806 ait
1591 1772 1745 1812 Ennius,

217 1823 379 1863 semper'
409 1831 438 1853 e.
465 1830 499 1863 q.
525 1830 554 1852 s.
589 1820 644 1855 Cf.
660 1831 694 1854 u.
715 1822 780 1854 190
870 1820 973 1854 XXV
996 1799 1110 1853 Varro
1136 1820 1181 1852 de
1208 1820 1230 1852 1.
1256 1820 1299 1854 L.
1324 1819 1396 1853 VII
1421 1820 1526 1854 16M.
1563 1818 1745 1850 ‘Enniusz

218 1868 258 1898 ut
282 1865 374 1898 tibi’
403 1876 434 1899 e.
461 1876 494 1908 q.
523 1876 550 1898 s.
584 1865 790 1898 ‘Titanis
815 1866 978 1899 Triuia
1001 1866 1126 1898 Diana
1152 1868 1228 1898 est’
1254 1875 1283 1898 e.
1312 1875 1344 1907 q.
1373 1875 1400 1901 8.
1438 1863 1587 1897 Medeae
1618 1862 1747 1896 tribuit

218 1911 260 1946 O.
285 1909 485 1943 Muellerus
511 1911 607 1943 conl.
633 1911 819 1954 Euripidis
843 1921 879 1943 u.
907 1912 988 1944 714.

487 1961 606 2006 οὕτως
632 1964 723 2009 ἔρως
748 1977 808 2001 σοι
831 1963 939 2021 πρὸς,
952 1966 1059 2001 θεῶν
1082 1961 1311 2020 τελεσφόρος

490 2009 641 2056 γένοιτο
665 2012 839 2056 παίδων,
865 2007 1008 2052 καύτὸς
1033 2006 1160 2057 ολβιος
1183 2009 1337 2052 θάνοις.

312 2069 434 2103 XXVI
459 2068 590 2102 Cicero
609 2069 789 2112 01111146,
810 2071 874 2103 155
899 2071 1045 2113 ‘itaque
1070 2070 1166 2103 idem
1192 2073 1319 2113 poeta,
1346 2070 1409 2113 qui
1425 2069 1639 2103 inusitatius
1664 2079 1745 2102 eon-

219 2118 384 2148 traxerat
410 2113 486 2158 [44]
513 2140 521 2148 .
535 2141 543 2149 .
560 2140 567 2148 .
591 2118 628 2148 et
648 2113 723 2159 [51]
750 2140 758 2149 .
773 2140 780 2148 .
794 2140 802 2148 .
833 2126 906 2148 non
931 2116 1023 2148 dicit
1046 2115 1219 2158 liberum,
1245 2119 1285 2148 ut
1301 2115 1468 2159 plerique
1484 2115 1665 2158 loquimur
1687 2139 1695 2147 .
1710 2139 1717 2146 .
1732 2140 1740 2148 .

217 2161 282 2194 sed
305 2163 346 2193 ut
370 2161 435 2193 isti
458 2160 607 2200 uolunt:
634 2170 754 2204 neque
780 2163 902 2194 tuum>
929 2172 960 2194 e.
980 2171 1014 2203 q.
1033 2171 1063 2195 s.
1089 2186 1096 2194 .
1111 2186 1119 2194 .
1134 2186 1141 2194 .
1180 2161 1244 2194 ‘At
1267 2161 1331 2194 ille
1349 2161 1445 2194 alter
1468 2162 1506 2194 in
1523 2160 1662 2203 Chryse
1685 2185 1692 2192 .
1708 2185 1715 2193 .
1731 2185 1739 2193 .

217 2306 368 2342 cedenti
401 2306 595 2342 uersiculo
633 2310 739 2342 nocte
776 2305 899 2342 silenti
928 2307 990 2343 uel
1019 2307 1140 2343 simile
1175 2308 1298 2343 noetis
1327 2307 1506 2343 indicium
1539 2303 1630 2352 fuit.

220 2363 337 2398 raucis
367 2363 431 2399 uel
460 2363 554 2398 rauis
587 2365 684 2400 coni.
715 2361 968 2411 Bottinyerus
1082 2363 1163 2400 357
1195 2368 1320 2399 cantus
1349 2363 1454 2400 Leid.
1477 2361 1549 2397 AB
1586 2360 1741 2398 Vindob.

217 2431 264 2455 m.
291 2430 354 2466 pr.
473 2423 579 2455 cantu
618 2420 788 2456 datiuum
819 2429 902 2456 esse
934 2424 1022 2467 post
1051 2419 1234 2456 Rathium
1273 2423 1309 2456 et
1337 2420 1405 2456 Fr.
1436 2418 1651 2455 Iacobsium
1686 2419 1744 2454 in—

218 2476 366 2512 lellexit
395 2475 646 2513 Foercsclzius
675 2481 825 2523 quaest.
860 2476 956 2513 Tull.
989 2476 1039 2512 II
1063 2476 1088 2514 8
1175 2476 1351 2524 lausuque
1380 2476 1483 2512 Leid.
1514 2474 1548 2511 A
1590 2473 1743 2511 Vindob.

217 2543 267 2568 m.
293 2543 359 2580 pr.
497 2531 576 2569 358
608 2533 675 2569 hos
707 2533 903 2570 Charisius
1026 2538 1063 2569 te
1092 2532 1174 2569 duci
1203 2533 1393 2570 Diomedis
1421 2531 1575 2569 Monac.
1618 2528 1745 2566 deduci

217 2588 311 2624 Par.
333 2587 402 2624 AB
441 2589 541 2625 reuei
569 2589 714 2626 Donati
742 2587 901 2626 Samen.
933 2601 978 2626 m.
999 2601 1063 2637 pr.
1171 2601 1276 2637 quam
1305 2589 1460 2638 relinqui
1489 2599 1560 2626 om.
1593 2586 1742 2623 Diome-

219 2646 277 2681 dis
305 2645 396 2682 libri
433 2656 539 2693 quam
575 2645 780 2694 relinquere
809 2646 954 2683 Donati
982 2646 1140 2684 Samen.
1171 2659 1218 2683 m.
1246 2658 1311 2693 pr.
1352 2644 1601 2697 (scriptumne
1636 2642 1743 2679 relin-

220 2701 302 2748 quei
328 2699 447 2751 fuit?)
565 2702 686 2738 deuihi
717 2703 906 2740 Diomedis
935 2702 1089 2740 Monac.
1122 2703 1227 2739 deuei
1255 2704 1350 2740 Par.
1381 2702 1434 2751 A,
1473 2701 1616 2738 Donati
1643 2698 1742 2736 San-

219 2762 292 2794 len.
322 2770 370 2796 m.
395 2769 462 2805 pr.
550 2758 685 2795 deserit
703 2759 895 2796 Diomedis
923 2759 1080 2796 Monac.
1167 2759 1248 2796 359
1280 2759 1405 2796 maluit
1434 2758 1624 2796 Diomedis
1642 2756 1739 2792 Par.

220 2813 258 2849 B
344 2813 427 2852 360
457 2811 552 2865 poti]
584 2815 658 2862 pati
687 2816 780 2853 libri
844 2816 943 2853 ’361
975 2817 1072 2865 potis
1093 2811 1167 2866 est]
1199 2820 1322 2864 potest
1342 2816 1431 2853 libri
1515 2813 1596 2851 363
1627 2822 1743 2860 neque

219 2875 320 2906 tuum
352 2870 447 2908 Gud.
471 2882 493 2907 c
523 2882 640 2920 neque
671 2876 711 2908 tu
742 2875 864 2910 ceteri
888 2874 981 2910 libri
998 2884 1090 2910 neue
1111 2877 1150 2909 tu
1171 2873 1467 2915 Fleckeisenus,
1497 2871 1566 2908 sed
1584 2870 1638 2918 cf.
1661 2868 1740 2907 311
