1942 3204
252 174 370 210 LVIII
839 174 1187 219 COROLLARIVM

251 283 477 338 intellexit,
508 284 603 326 item
628 284 873 326 adverbium
898 299 986 326 non
1011 283 1243 339 Ciceronis,
1276 286 1349 327 sed
1379 269 1528 341 poetae
1555 302 1664 343 esse,
1695 287 1767 344 qui
1805 341 1807 343 ι

252 354 494 396 institutam
531 355 631 397 novi
668 355 850 397 monstri
888 355 1215 409 descriptionem
1253 354 1296 398 et
1327 371 1421 399 cum
1458 358 1644 412 piscibus
1681 360 1766 402 illis

251 425 612 480 comparationem
651 427 861 480 absolvat,
898 426 1182 468 necessarium
1225 427 1306 469 fuit
1343 428 1385 469 id
1427 429 1567 484 ipsum
1609 430 1768 486 inferri,

252 497 364 552 quod
407 497 474 540 his
519 512 614 539 cum
657 497 730 539 illo
774 511 996 539 commune
1034 496 1181 539 haberi
1224 501 1379 552 posset.
1449 498 1541 548 Quo
1578 501 1767 555 profecto

251 582 388 622 neque
420 570 570 612 cantus
602 570 846 623 nautarum,
878 568 952 623 qui.
975 583 1071 610 cum
1098 567 1258 611 Silvani
1286 570 1396 611 melo
1429 570 1660 626 confertur,
1690 587 1768 615 nec

250 638 390 681 inanis
440 642 581 682 motus
631 640 977 682 commemoratio
1029 639 1282 694 quadrabat:
1332 642 1496 682 mutum
1544 656 1643 684 vero
1685 643 1767 685 dici

252 709 426 752 minime
464 725 542 765 par
573 713 680 765 erat,
719 711 836 752 cuius
870 711 1034 753 sonitus
1066 710 1292 753 audiretur.
1353 710 1501 766 Neque
1539 703 1767 769 quidquam

250 781 420 822 conlato
452 796 488 823 v.
521 780 603 823 551
645 781 977 836 demonstratur,
1014 782 1087 824 ubi
1119 784 1289 823 antrum
1326 793 1402 837 per
1433 797 1476 824 se
1508 786 1674 826 mutum
1704 799 1766 827 re-

251 852 442 894 sonando
481 867 603 895 voces
641 853 795 895 referre
834 855 1051 895 narratur:
1090 853 1226 908 qualis
1264 853 1377 895 enim
1413 854 1548 896 nostri
1586 856 1768 898 monstri

250 925 405 965 natura
437 923 492 965 sit
522 924 694 979 ignorat
724 926 881 978 pastor.
935 923 1176 966 Similitudo
1208 925 1320 966 inter
1350 939 1501 967 navem
1533 928 1576 967 et
1606 927 1766 982 delphi-

249 1009 352 1036 num
385 1009 434 1036 ea
465 994 631 1036 videtur
661 994 819 1049 notari,
851 994 963 1050 quod
994 996 1133 1036 rostro
1165 997 1208 1037 et
1237 995 1307 1037 hic
1339 998 1381 1037 et
1411 995 1486 1037 illa
1515 996 1767 1039 frementem

247 1065 421 1107 fluctum
453 1066 700 1120 persulcans
738 1068 780 1107 et
817 1065 938 1120 quasi
969 1066 1181 1108 insultans
1218 1066 1343 1108 undis
1375 1067 1570 1109 alacriter
1599 1082 1766 1122 promo-

249 1136 337 1178 veri
370 1136 567 1178 cernitur.
629 1136 777 1191 Itaque
809 1138 926 1187 alto,
963 1137 1070 1178 mari
1102 1137 1207 1191 scil,
1237 1138 1417 1179 mulcta
1454 1137 1620 1192 scripsi,
1661 1138 1701 1180 h.
1732 1154 1766 1181 e.

250 1207 464 1262 fluctibus,
496 1208 595 1249 dum
627 1207 836 1262 procedit,
867 1207 1019 1249 leniter
1049 1210 1164 1250 tacta
1189 1210 1315 1263 atque
1346 1199 1532 1262 inpulsa,
1562 1209 1688 1263 plane
1720 1212 1768 1252 ut

247 1278 415 1323 Ennius
455 1294 552 1320 ann.
585 1278 669 1320 257
693 1279 954 1320 -‘mulserat’
994 1279 1134 1334 inquit
1176 1278 1279 1320 ‘huc
1315 1293 1467 1320 navem
1505 1281 1766 1334 compulsam

247 1349 444 1391 fluctibus
482 1351 672 1404 pontus.'
737 1348 940 1391 Dativum
977 1350 1079 1392 melo
1116 1365 1212 1392 cum
1248 1350 1497 1392 consimilem
1534 1365 1635 1392 voce
1667 1365 1764 1393 con-

247 1420 439 1462 iunctum
477 1420 713 1462 sublimiori
752 1434 928 1475 poeseos
967 1421 1111 1476 generi
1149 1435 1244 1463 cum
1276 1420 1509 1463 Ritschclio
1548 1436 1689 1476 opusc.
1722 1422 1765 1464 II

249 1491 331 1532 581
366 1491 614 1533 tribuemus.
948 1499 954 1505 “

364 1561 415 1604 V.
446 1563 545 1605 422.
583 1562 776 1604 Probans
808 1561 1091 1605 Buechelerus
1123 1578 1230 1618 quae
1262 1563 1421 1605 conieci
1452 1563 1566 1605 tituli
1597 1565 1642 1606 in
1673 1564 1765 1608 CIL

246 1633 266 1674 I
298 1648 338 1674 n.
375 1634 487 1676 1010
518 1648 686 1676 versum
717 1633 900 1676 conferri
930 1634 1055 1675 iussit

424 1704 520 1746 uiue
552 1703 599 1746 in
631 1704 719 1747 dies
752 1707 794 1746 et
824 1705 970 1759 horas,
1001 1719 1101 1746 nam
1132 1705 1353 1760 proprium
1384 1706 1449 1746 e'st
1478 1705 1596 1746 nihil.

247 1773 457 1816 Vocabuli
486 1777 707 1830 proprium
738 1776 957 1818 notionem
988 1778 1157 1830 praeter
1187 1791 1223 1818 v.
1254 1776 1334 1818 159
1367 1775 1593 1817 inlustrare
1624 1776 1763 1830 possis

247 1845 376 1887 etiam
408 1846 551 1889 Plauti
589 1847 703 1889 Trin.
740 1847 852 1890 1130
889 1849 932 1888 et
962 1861 1086 1888 merc.
1119 1846 1223 1900 338,
1260 1845 1428 1887 Afranii
1459 1861 1495 1887 v.
1527 1847 1632 1901 358,
1670 1847 1763 1889 aliis

246 1917 461 1971 exemplis.

363 1987 414 2029 V.
440 1989 525 2030 433
564 1988 743 2030 Useneri
769 1988 1008 2031 emendatio
1034 1989 1171 2030 credin
1202 1989 1329 2043 paulo
1350 1988 1478 2030 etiam
1503 1989 1764 2042 probabilior

166 2114 169 2116 ‚
245 2059 294 2099 fit
324 2058 543 2102 Leidensis
579 2060 661 2101 116
694 2060 904 2115 scriptura
933 2060 1084 2102 crediti.

363 2129 415 2172 V.
447 2130 534 2173 435
564 2132 670 2173 inter
699 2130 813 2172 Leid.
850 2131 932 2173 116
965 2145 1131 2185 quoque
1163 2130 1304 2172 habet.

363 2199 415 2242 V.
447 2201 544 2244 436.
607 2201 808 2251 Quamvis
846 2201 999 2243 litteris
1031 2201 1223 2243 codicum
1254 2202 1542 2244 commendari
1572 2201 1764 2244 videatur

245 2271 496 2314 Buecheleri
527 2273 786 2328 coniectura,
817 2275 962 2314 tamen
992 2273 1100 2315 ensis
1129 2286 1217 2314 non
1248 2272 1303 2327 ei,
1339 2272 1385 2313 in
1423 2286 1548 2327 quem
1578 2272 1762 2327 impetus

244 2343 380 2397 fieret,
418 2342 581 2385 dandus
620 2346 728 2398 erat,
767 2344 840 2385 sed
877 2343 933 2398 ei,
977 2343 1049 2398 qui
1086 2343 1312 2385 advorsum
1356 2345 1591 2397 occuparet.
1658 2343 1760 2385 Pro-

242 2413 390 2454 barem
428 2414 559 2469 igitur
596 2415 631 2456 si
669 2415 880 2470 legeretur
919 2413 1182 2467 ‘dbuiumque
1216 2414 1304 2456 ensi
1341 2414 1569 2455 aduersum
1600 2415 1761 2469 aptus',

242 2484 315 2525 sed
345 2484 449 2526 haec
480 2485 650 2541 longius
683 2485 812 2527 etiam
844 2499 972 2539 quam
1001 2486 1151 2527 nostra
1182 2484 1384 2526 recedunt
1415 2499 1440 2526 a
1470 2484 1686 2527 memoria.

358 2554 410 2596 V.
436 2555 521 2597 439
553 2557 714 2598 aderit
750 2559 904 2609 tempus
935 2555 980 2596 in
1011 2555 1211 2597 vaticinio
1244 2555 1404 2597 dictum
1435 2557 1483 2596 ut
1513 2555 1558 2597 in
1584 2554 1758 2597 Bacchi-

241 2626 342 2667 dum
361 2625 503 2667 Plauti
523 2641 559 2668 v.
579 2627 664 2668 417
699 2627 806 2668 ‘iam
839 2626 975 2667 aderit
1005 2628 1192 2681 tempus,
1224 2641 1352 2681 quom
1384 2640 1474 2668 sese
1507 2626 1635 2667 etiam
1666 2627 1758 2681 ipse

242 2696 417 2751 oderit’,
450 2697 701 2751 quibuscum
733 2697 783 2739 cf.
815 2712 866 2738 ex
896 2697 1050 2752 hecyra
1075 2697 1262 2739 Terentii
1292 2711 1329 2738 v.
1355 2696 1440 2738 543
1474 2698 1539 2738 ‘at
1569 2696 1641 2750 pol
1672 2697 1758 2739 iam

242 2767 394 2821 aderit,
428 2782 471 2809 se
504 2782 669 2823 quoque
702 2767 830 2809 etiam
862 2783 990 2823 quom
1028 2768 1206 2821 oderit'3
1243 2767 1347 2808 item
1377 2766 1490 2821 apud
1520 2764 1758 2822 Vergilium

241 2838 313 2881 ecl.
340 2837 403 2881 IV
434 2839 490 2881 48
525 2838 683 2881 ‘aderit
714 2838 800 2881 iam
830 2841 1041 2894 tempus’,
1073 2841 1115 2880 et
1146 2838 1258 2893 apud
1284 2837 1481 2883 Ovidium
1512 2837 1558 2878 in
1588 2839 1756 2880 metam.
