1942 3204
228 163 284 205 62
868 165 910 206 Q.
935 165 1114 200 Eumvs

230 267 313 309 317
346 267 448 310 Non
479 268 594 323 potis
627 268 781 310 accedi.

867 346 890 371 ἧς
1094 346 1118 371 *

980 375 1004 400 21:

228 421 311 464 321
854 479 857 483 .
1075 423 1148 478 qui
1176 423 1305 466 §.lteri
1336 423 1512 467 exitium
1542 428 1686 482 parat,

348 498 462 541 Eum
499 498 607 542 scire
648 502 838 556 oportet,
881 498 965 542 ssbi
1002 502 1202 556 paratum
1239 501 1404 557 pestem
1447 504 1496 544 ut
1532 503 1761 559 participet

1197 592 1358 633 parem.

869 654 893 679 >lt
1096 653 1121 679 ἧς

982 683 1006 708 tl<

873 742 1108 787 Patricoles
1375 788 1378 791 ,

350 819 563 875 Elo‘quere
596 821 793 876 eloquere
824 822 892 862 res
922 819 1135 877 Argiuum
1167 821 1330 875 proelio
1362 823 1411 863 ut
1441 836 1486 863 se
1518 822 1712 865 sustinet.

869 909 1114 965 Eurypylus

349 985 451 1028 Non
482 987 596 1041 potis
627 987 758 1029 ecfari
787 988 959 1029 trintum
985 987 1128 1042 dictis,
1159 987 1368 1041 quxintum
1399 987 1525 1030 factis
1557 989 1759 1044 suppetit.

869 1065 892 1090 ²1²
1096 1063 1119 1088 ³1<

981 1094 1006 1118 tle

231 1140 318 1182 325
349 1140 449 1183 'Vbi
481 1140 657 1183 fortuna
687 1141 887 1183 Hectoris
924 1143 1118 1183 nostram
1156 1156 1297 1183 acrem
1333 1142 1469 1184 ficiem
1506 1143 1758 1186 inclinatum

1202 1216 1349 1275 [dedit]

232 1348 329 1370 nem
355 1339 606 1371 exercitum
630 1337 734 1371 uide
761 1348 885 1381 quam
912 1347 997 1370 non
1029 1336 1260 1371 flebiliter
1289 1337 1586 1381 respondeat’
1612 1337 1762 1381 (Certe

231 1383 501 1426 Eurypylus
531 1383 604 1416 hic
639 1383 813 1426 quidem
850 1385 918 1415 est
951 1382 1168 1415 hominem
1201 1383 1453 1416 exercitum
1483 1383 1558 1416 ubi
1593 1387 1760 1418 tantum

230 1427 382 1461 luctus
409 1430 708 1461 continuatur
732 1428 827 1466 libri,
855 1428 928 1461 nisi
945 1428 1038 1470 quod
1065 1428 1364 1461 exercitatum
1388 1425 1501 1460 Bernss
1515 1432 1551 1461 et
1569 1428 1634 1461 alii
1658 1429 1761 1464 codd.

233 1473 321 1506 boni
354 1476 449 1507 teste
483 1474 632 1507 Orelli0.
686 1473 853 1506 luctum
884 1473 1179 1507 continuatus
1208 1473 1298 1516 Reg.
1329 1473 1423 1508 Gud.
1453 1474 1564 1507 BruX.
1641 1475 1763 1508 Verba

231 1522 356 1551 certe
387 1544 395 1551 .
415 1545 422 1551 .
444 1545 454 1554 .
485 1520 734 1551 exercitum
758 1518 928 1551 Patroclo
959 1517 1061 1551 dedit
1090 1518 1302 1561 Bentleius,
1332 1519 1421 1551 item
1452 1518 1573 1552 deleto
1604 1523 1672 1552 est
1702 1520 1764 1553 'ri-

235 1564 396 1597 scherus.
456 1567 579 1597 certe
617 1564 873 1607 Eurypylus
914 1564 987 1596 hic
1023 1564 1206 1606 quidem.
1262 1564 1344 1596 beu
1380 1565 1643 1607 exercitum,
1679 1565 1762 1599 Vbi

232 1612 408 1642 tantum
434 1610 586 1643 luctus
612 1611 929 1643 continuatur!
963 1611 1004 1642 ut
1020 1608 1184 1642 Patrocli
1206 1610 1319 1643 uerba
1334 1608 1552 1652 placuerunt
1568 1609 1762 1652 Seyfferto.

240 1654 300 1687 Me
326 1655 363 1686 in
388 1654 605 1698 separandis
630 1658 764 1698 poetae
789 1655 913 1687 uerbis
938 1658 1085 1687 secutus
1103 1654 1293 1688 Vahlenus
1317 1654 1508 1688 Ciceronis
1531 1654 1614 1688 cola
1635 1654 1765 1689 ultima.

241 1700 295 1732 sic
322 1700 583 1733 conformauit:
612 1700 831 1732 hominem
859 1700 1122 1732 exercitum!
1147 1700 1223 1733 ubi
1248 1699 1425 1733 tandem
1451 1699 1597 1733 luctus
1621 1702 1762 1734 conti·

238 1748 359 1778 nuat.
399 1746 501 1778 uide
528 1756 558 1780 e.
584 1755 618 1787 q.
645 1755 674 1777 s.
706 1745 780 1777 Alii
804 1745 880 1778 alia
904 1744 1137 1787 protulerunt
1160 1745 1284 1788 rudia,
1311 1746 1484 1783 obscura,
1510 1746 1764 1789 incommoda.)

238 1793 249 1809 ‘
265 1791 446 1824 rationem
472 1791 582 1824 etiam
608 1790 775 1829 adferat,
804 1801 873 1823 cur
902 1800 1020 1832 aequo
1044 1790 1165 1823 animo
1189 1790 1259 1823 sibi
1285 1790 1471 1823 ferendum
1498 1790 1567 1822 sit:
1599 1791 1673 1833 qui
1703 1791 1764 1824 ει]-

232 1838 247 1867 t
263 1836 329 1868 eri
430 1847 590 1879 parem.
637 1835 804 1869 Abducet
826 1835 1050 1873 Patricoles,
1083 1835 1209 1875 credo,
1239 1838 1281 1868 ut
1306 1835 1470 1868 conlocet
1501 1835 1539 1867 in
1564 1836 1693 1877 cubili,
1722 1840 1764 1870 ut

233 1881 366 1914 uolnus
391 1881 541 1924 obliget,
582 1882 614 1913 si
639 1881 784 1923 quidem
807 1880 915 1913 homo
940 1884 1049 1921 esset,
1075 1880 1139 1912 sed
1163 1880 1254 1913 nihil
1280 1881 1357 1912 uidi
1381 1881 1529 1912 minus.'
1554 1880 1623 1921 (sic
1640 1882 1762 1915 Victo—

231 1926 328 1958 rius:
351 1926 545 1958 uidimus
571 1924 682 1968 libri.)
717 1926 883 1966 ‘Quaerit
900 1925 995 1958 enim
1011 1925 1096 1967 quid
1113 1929 1235 1958 actum
1255 1926 1320 1958 sit:
1347 1925 1559 1968 eloquere
1581 1950 1591 1959 .
1606 1951 1614 1959 .
1629 1951 1637 1960 .
1661 1937 1761 1970 sup-

230 1971 362 2013 petit.
410 1972 587 2004 Laberis’
619 1969 690 2013 (sic
715 1970 916 2003 Bentleius.
941 1970 1118 2003 laboris
1142 1968 1262 2012 libri):
1296 1971 1462 2012 ‘quiesce
1487 1971 1602 2013 igitur
1626 1975 1664 2004 et
1686 1972 1762 2005 uol-

165 2046 179 2059 ,
231 2026 299 2048 nus
327 2016 473 2060 alliga.'
521 2015 737 2059 (Laberis
768 2040 776 2048 .
796 2040 805 2048 .
826 2040 834 2048 .
865 2015 1031 2057 alliga:
1063 2019 1165 2048 tace
1196 2015 1365 2048 Patroclo
1395 2015 1527 2048 tribuit
1555 2016 1760 2050 Bentleius.

231 2061 436 2095 Laboris.
469 2062 529 2095 Pa
534 2085 690 2094 ......
720 2061 907 2104 quiesce
933 2064 976 2094 et
1006 2060 1168 2093 uolnus
1200 2060 1343 2103 alliga
1368 2061 1600 2095 Hermannus
1623 2061 1760 2105 Opuse.

233 2107 263 2138 V
293 2108 358 2139 143
389 2107 599 2140 Laboris.
630 2107 704 2139 Pa.
749 2106 810 2138 Tu
843 2106 1028 2149 quiesce
1060 2105 1204 2148 igitur
1235 2109 1278 2138 et
1304 2105 1465 2139 uolnus
1497 2105 1761 2149 alligauero

235 2151 422 2195 Bergkius
446 2152 469 2184 l.
493 2152 518 2187 1.
544 2152 718 2185 laboris
742 2154 894 2194 poetae,
923 2151 1067 2194 reliqua
1091 2149 1261 2184 Ciceroni
1285 2151 1478 2184 ascribunt
1502 2151 1661 2185 editores
1684 2152 1761 2196 ple—

232 2196 365 2239 rique.)
400 2196 545 2230 ‘Etiam
571 2197 603 2230 si
618 2196 827 2240 Eurypylus
853 2199 990 2239 posset,
1015 2206 1087 2228 non
1105 2198 1231 2239 posset
1247 2196 1431 2239 Aesopusz
1457 2196 1532 2229 ubi
1556 2197 1760 2230 fortuna'

235 2253 265 2277 e.
284 2252 321 2285 q.
343 2252 371 2277 s.
399 2246 460 2275 ‘et
485 2246 610 2275 cetera
635 2243 799 2285 explicat
822 2242 861 2274 in
885 2241 1036 2277 dolore.'
1067 2241 1170 2274 Idem
1194 2245 1288 2279 orat.
1312 2243 1368 2283 46,
1385 2243 1450 2275 155
1475 2242 1623 2285 ‘itaque
1647 2243 1760 2276 idem

233 2290 390 2330 poeta,
423 2289 486 2330 qui
516 2288 731 2323 inusitatius
762 2290 1019 2320 contraxerat:
1054 2287 1172 2329 patris
1201 2287 1274 2320 mei
1306 2297 1424 2320 meum
1461 2287 1600 2321 factum
1635 2288 1760 2331 pudet,

232 2343 317 2375 pro:
343 2343 504 2366 meorum
530 2333 730 2374 factorum,
757 2336 812 2365 et:
843 2333 992 2373 texitur,
1019 2332 1171 2364 exitium
1197 2342 1351 2366 examen
1375 2332 1489 2378 rapit,
1513 2343 1598 2375 prot
1631 2333 1759 2366 exitio-

232 2388 331 2420 rum,
357 2388 430 2411 non
454 2378 543 2410 dicit
567 2378 717 2412 liberum
746 2403 754 2410 .
774 2402 782 2411 .
802 2403 812 2412 .
842 2377 908 2410 sed
931 2381 972 2411 ut
995 2378 1059 2410 isti
1083 2376 1231 2410 uolunt:
1262 2387 1382 2420 neque
1407 2381 1506 2410 tuum
1528 2388 1698 2420 umquam
1721 2378 1759 2410 in

346 2520 427 2558 322
460 2516 625 2571 oportet]
657 2532 760 2570 opus.
779 2526 836 2558 est
859 2521 1078 2568 Bentleius,
1109 2522 1272 2559 uariare
1299 2521 1477 2558 hocloco
1497 2520 1649 2558 Dauisii
1676 2521 1758 2558 cod.

230 2582 396 2624 testans,
429 2590 661 2626 quamquam
684 2583 830 2615 certam
851 2580 1087 2625 scripturam
1108 2577 1269 2625 assequi
1285 2589 1361 2614 non
1388 2579 1569 2625 potuerit.
1658 2588 1758 2625 para-

231 2641 304 2670 tum
328 2634 527 2671 Bentleius
546 2640 703 2683 paratam
723 2635 815 2672 libri
884 2634 966 2672 323
988 2633 1161 2682 eloquere
1182 2633 1354 2682 eloquere
1376 2634 1471 2671 Gud.
1493 2633 1624 2670 Bruoe.
1647 2633 1756 2682 Κεφ,

230 2692 299 2728 sed
317 2693 356 2727 in
377 2692 450 2728 hoc
472 2693 635 2728 alterum
661 2692 735 2728 del.
769 2691 957 2739 eloquere,
987 2693 1116 2738 semel,
1146 2692 1270 2727 ceteri
1296 2691 1387 2728 libri
1413 2689 1584 2738 eloquere
1605 2701 1759 2738 propere

230 2747 426 2795 Berylcius
443 2749 469 2784 l.
490 2749 516 2785 l.
597 2747 814 2795 Argiuorum
836 2747 1037 2784 Bemzeius
1123 2746 1204 2784 324
1231 2758 1303 2783 non
1323 2746 1421 2795 potis
1441 2745 1550 2782 ecfari
1571 2744 1759 2783 Dauisius

229 2814 302 2840 non
324 2809 445 2852 potest
475 2804 582 2840 ecfari
604 2804 733 2841 Brux.
765 2814 838 2840 non
869 2809 991 2851 potest
1021 2803 1110 2840 haec
1130 2803 1194 2840 sari
1217 2803 1315 2840 Gud.
1335 2803 1429 2850 Re9.
1517 2807 1657 2839 tantum
1685 2815 1756 2840 om.

230 2860 431 2896 Bentleius
517 2860 597 2897 325
629 2872 743 2897 acrem
776 2872 845 2897 om.
868 2861 942 2897 duo
966 2859 1106 2907 Oxou„
1129 2860 1342 2907 Bentleius,
1371 2858 1541 2907 defendit
1562 2859 1757 2907 Berylcius
