1942 3204
262 193 341 234 184
896 195 931 227 L.
964 194 1135 227 ATTIVS

903 297 1008 339 XIV
1042 295 1138 355 (13)

378 375 461 418 Tot
492 377 669 431 tropaea
701 375 915 431 trzinsdes,
948 390 1157 418 summam
1190 376 1371 432 gloriam
1403 375 1545 420 euortl'
1575 366 1687 419 s'ines

381 452 486 495 Tam
519 452 743 502 desubito?

933 530 1016 573 XV
1050 527 1116 587 (5)

307 657 314 668 α
379 607 472 650 Iam
501 606 594 665 [uti]
623 609 773 663 potero
793 605 997 662 incipiam
1025 606 1165 665 [rem]‚
1191 609 1233 649 et
1250 607 1284 649 si
1308 606 1401 665 [sic]
1429 609 1624 664 nequibit
1645 608 1787 667 [fieriL
1848 659 1855 667 .

260 656 346 756 32³3
379 683 442 727 Vs
477 684 735 727 contendam
773 686 821 726 ut
852 683 955 726 hinc
988 699 1084 727 cum
1121 686 1242 740 patre
1279 687 1365 727 tete
1403 689 1490 728 dna
1528 685 1787 730 Salaminem

1326 763 1519 805 aueham.

904 837 1010 880 XVI
1044 836 1140 896 (19)

377 913 501 958 Nl'hil
539 917 620 957 est:
659 915 694 957 si
733 917 875 958 autem
915 915 967 958 ad
1005 916 1048 957 te
1084 930 1152 958 res
1183 916 1327 959 tardat
1334 951 1345 973 ‚
1383 918 1546 960 socium
1583 919 1629 960 in
1659 920 1787 975 portu

1326 997 1391 1037 est
1422 995 1562 1052 copia,
1789 1044 1791 1046 ,

382 1070 499 1121 Quae
532 1071 757 1126 subsistat,
789 1071 916 1113 modo
948 1073 1040 1113 tute
1071 1072 1162 1127 ipse
1194 1073 1281 1114 tete
1308 1072 1476 1114 offirma
1508 1075 1551 1115 et
1576 1074 1789 1129 compara.

895 1147 1025 1191 XVII
1057 1146 1154 1206 (22)

381 1259 389 1267 .
422 1223 540 1280 ilico,
571 1226 766 1282 inquam,
800 1223 903 1282 [ubi]
936 1225 1106 1267 habitat
1136 1225 1252 1268 Iouis
1285 1241 1414 1281 quam
1446 1227 1657 1282 propitius

353 1321 438 1353 XIV
462 1320 551 1352 Non.
583 1321 660 1362 517,
688 1303 737 1352 26¹
761 1319 990 1353 ‘desubito
1015 1344 1114 1353 .....
1124 1322 1134 1338 ’
1173 1303 1448 1363 (Eur'ysacae
1475 1320 1616 1363 Bamb.)
1722 1323 1786 1355 XV
1806 1352 1812 1365 ,Ἰ

264 1365 354 1398 Non.
379 1366 463 1407 259,
490 1367 532 1398 26
565 1365 863 1398 ‘contendere
895 1366 1026 1398 iterum
1059 1365 1244 1407 significat
1270 1369 1489 1409 extorquere
1513 1369 1610 1400 ....’
1703 1367 1790 1401 XVI
1818 1393 1833 1399 ..

263 1411 355 1443 Non.
381 1410 464 1449 256,
490 1412 532 1443 16
565 1411 855 1453 ‘comparare'
882 1414 1028 1443 ueteres
1053 1410 1264 1443 confirmare
1299 1415 1336 1444 et
1369 1412 1594 1445 constituere
1620 1412 1791 1446 dixerunt

462 1455 565 1488 XVII
588 1455 679 1489 Non.
705 1456 788 1499 325,
818 1458 836 1489 7
862 1456 1011 1494 ‘ilico‚
1039 1456 1077 1488 in
1102 1467 1145 1489 eo
1171 1456 1251 1489 loco
1276 1458 1349 1490 ...’

378 1588 458 1625 366
491 1593 634 1636 tropaea
655 1589 769 1636 uulyo
800 1592 925 1636 tropea
945 1589 1035 1625 libri
1118 1587 1264 1624 transde
1286 1588 1419 1625 Bamb.
1510 1589 1627 1625 euorti
1656 1588 1793 1627 Iunius

265 1648 302 1681 in
326 1657 400 1693 my..
419 1645 555 1681 euortis
575 1645 667 1681 libri
751 1644 832 1682 368
855 1646 1059 1682 emendare
1081 1648 1244 1682 conatus
1267 1655 1359 1682 sum.
1391 1645 1459 1681 iam
1479 1650 1608 1694 potere
1628 1645 1792 1694 incipiam

266 1701 332 1737 etsi
365 1701 499 1750 nequid
519 1702 624 1747 libri,
659 1703 734 1738 nisi
762 1703 864 1748 quod
891 1706 1022 1749 potero
1053 1702 1157 1738 Leid.
1192 1701 1335 1738 Genea.
1366 1702 1434 1738 iam
1463 1706 1585 1750 patere
1614 1703 1791 1750 incipiam,

266 1764 302 1794 et
331 1754 409 1794 sine
432 1758 586 1795 Grotius
605 1759 674 1794 iam
696 1762 819 1806 petere
839 1758 1024 1806 incipiam⁷
1056 1763 1092 1794 et
1121 1758 1150 1793 si
1181 1758 1307 1806 nequit
1328 1757 1550 1795 Scriuerius
1578 1758 1648 1794 lam
1669 1764 1794 1807 petere

265 1815 450 1863 incipiam,
482 1819 518 1851 et
548 1815 578 1850 si
608 1814 668 1850 ille
691 1815 815 1862 nequit
845 1813 957 1850 Flecti
978 1813 1144 1862 precihus
1167 1813 1381 1852 Schoellius
1397 1826 1438 1861 p.
1461 1814 1540 1852 629
1572 1815 1711 1851 lamiam
1731 1826 1792 1864 pe-

267 1877 344 1907 tere
374 1871 553 1919 incipiam,
587 1876 622 1907 et
654 1871 682 1907 si
704 1871 852 1918 nequiui
874 1871 1070 1919 Berylcius
1089 1870 1190 1908 Mus.
1214 1870 1337 1908 Rhen.
1363 1870 1470 1909 1835
1490 1883 1533 1918 p.
1555 1870 1609 1908 84
1637 1872 1706 1907 iam
1728 1882 1791 1919 po-

268 1928 360 1963 tere!
393 1928 576 1975 inspiciam
600 1934 635 1963 et
663 1928 754 1963 sino.
788 1927 878 1971 Quid
903 1928 1062 1964 Bolbius
1093 1927 1159 1964 iam
1189 1932 1339 1976 potere,
1370 1927 1487 1976 incipe
1516 1928 1604 1975 iam,
1635 1932 1672 1963 et
1699 1928 1792 1964 sino.

270 1983 356 2032 quid
388 1984 617 2021 Welclcerus
644 1985 690 2020 de
719 1988 818 2032 iray.
843 1984 908 2020 Gr.
927 1996 968 2030 p.
992 1983 1071 2021 202
1104 1983 1171 2019 iam
1201 1987 1326 2032 petere
1347 1984 1530 2032 incipiam,
1562 1988 1598 2020 et
1626 1984 1654 2019 si
1685 1989 1793 2032 neget

273 2040 539 2077 Buechelerus
626 2040 706 2078 369
727 2050 783 2087 sq.
814 2045 854 2076 ut
884 2040 966 2076 hinc
993 2051 1073 2076 cum
1101 2045 1203 2090 patre
1224 2044 1298 2076 tete
1327 2039 1403 2087 (uel
1430 2045 1465 2076 te
1486 2051 1566 2076 cum
1586 2039 1701 2088 patre)
1723 2051 1793 2076 una

272 2098 417 2144 scripsi
445 2102 485 2132 ut
514 2096 571 2132 hio
600 2101 802 2144 comportet
833 2101 953 2132 texum
980 2097 1086 2142 libri,
1123 2099 1198 2133 nisi
1224 2097 1325 2144 quod
1350 2096 1433 2132 hinc
1456 2097 1559 2133 Leid.
1583 2097 1724 2133 Genea.
1759 2101 1794 2133 el

269 2157 515 2201 competeret,
547 2163 749 2200 suprascr.
782 2157 924 2200 portet,
957 2154 1006 2190 W
1032 2152 1092 2188 diu
1118 2152 1162 2188 Vt
1191 2153 1381 2201 compotiri
1402 2157 1438 2188 te
1468 2164 1548 2189 cum
1571 2152 1725 2190 Grotius
1756 2159 1794 2189 ut

267 2210 430 2258 iniquum
450 2214 573 2258 portet
596 2214 712 2246 tecum
735 2209 956 2246 Scriuerius
977 2215 1018 2245 ut
1038 2208 1212 2258 Compote
1238 2214 1354 2245 tecum
1378 2209 1588 2246 Schoellius
1618 2210 1670 2245 uti
1691 2209 1792 2246 Com-

270 2271 355 2315 pote
375 2269 495 2303 tecum
516 2266 710 2314 Berylcius
728 2267 753 2303 l.
777 2268 802 2302 l.
816 2295 827 2316 ,
856 2267 1082 2303 Welclcerus
1110 2271 1150 2302 ut
1178 2266 1259 2302 hinc
1289 2277 1368 2302 cum
1390 2277 1408 2302 e
1429 2270 1539 2314 portu
1569 2266 1704 2302 eximus
1732 2268 1794 2303 uel

270 2324 384 2361 multo
414 2324 562 2371 quidem
587 2323 827 2370 probabilius
856 2327 895 2358 ut
929 2323 1011 2359 hinc
1041 2328 1263 2371 comportem
1293 2328 1410 2359 tecum
1440 2321 1695 2370 (Telamonem
1723 2322 1793 2369 sc.)

271 2380 535 2417 Buecheler-us
629 2379 777 2416 aueham
805 2379 1068 2416 Buechelerus
1098 2379 1244 2416 habeam
1272 2380 1363 2416 libri
1391 2390 1518 2427 queam
1550 2380 1703 2416 Grotius

271 2437 307 2473 ui
337 2435 570 2482 contendam,
603 2436 659 2472 hic
689 2441 729 2472 ut
752 2440 868 2472 tecum
890 2435 1099 2472 Salaminem
1127 2434 1272 2472 habeam
1295 2440 1461 2485 compote
1482 2436 1663 2483 Bothus,
1694 2447 1794 2484 quae

272 2496 327 2530 sic
358 2493 442 2529 uic.
469 2493 541 2529 utei
571 2498 690 2529 tecum
721 2503 789 2528 una
810 2492 845 2529 S.
869 2493 904 2529 h.
929 2504 958 2529 c.
990 2495 1027 2529 in
1058 2495 1272 2539 septenarii
1296 2503 1515 2529 mensuram
1545 2493 1702 2530 extendi
1722 2505 1792 2540 po·

271 2554 412 2587 lerant.
530 2549 608 2586 371
634 2552 709 2584 ate
741 2551 825 2586 olim
857 2551 1109 2586 conieceram.
1214 2560 1271 2585 res
1304 2548 1418 2585 tardat
1446 2549 1608 2586 Bothius
1637 2548 1794 2585 retardat

271 2607 360 2643 libri
465 2605 499 2641 id
531 2610 565 2642 te
586 2604 742 2641 retardat
763 2606 1031 2643 Buechelerus
1134 2610 1304 2654 promptu
1327 2605 1487 2642 Bolbius
1591 2603 1671 2641 372
1703 2616 1794 2653 quae

275 2663 434 2700 Bolbius
463 2673 533 2710 que
559 2662 649 2699 libri
745 2667 815 2698 tete
837 2663 998 2699 Bothius
1026 2667 1062 2699 te
1081 2663 1173 2700 libri
1180 2678 1190 2697 .·
1218 2673 1267 2698 an
1297 2661 1381 2698 ted?
1483 2660 1620 2698 offirma
1641 2661 1795 2707 Lipsius

274 2722 360 2756 Ant.
383 2719 489 2756 Lect.
510 2718 536 2755 Ι
549 2718 572 2754 2
595 2717 730 2754 esfirma
751 2720 838 2756 libri
857 2718 955 2755 firma
973 2719 1136 2756 Bolbius
1222 2718 1302 2756 373
1323 2718 1397 2754 illic
1413 2718 1587 2755 Bolbius.
1609 2715 1794 2754 Fortasse

273 2776 338 2823 illi,
359 2775 440 2812 ilico
463 2776 701 2812 scribendum
780 2775 839 2811 ubi
870 2777 931 2812 uel
954 2776 1013 2824 qui
1045 2776 1188 2812 addere
1208 2777 1306 2812 malo
1327 2787 1441 2823 quam
1471 2773 1619 2820 habitat,
1650 2775 1792 2822 inquam

278 2834 333 2869 sic
366 2837 621 2879 transponere
727 2831 884 2868 habitato
915 2833 968 2868 uis
998 2843 1102 2880 quam
1132 2832 1273 2868 Genea.
1305 2831 1426 2868 habito
1457 2830 1510 2867 uis
1539 2840 1645 2878 quam
1669 2831 1793 2867 Basil.

275 2887 407 2925 habitat
430 2890 507 2925 ouis
531 2900 634 2938 quam
657 2891 777 2926 ceteri
795 2889 883 2926 libri
901 2887 1069 2925 habita-to.
1086 2909 1131 2915 —
1148 2888 1175 2925 Ο
1193 2888 1300 2935 louis,
1323 2898 1425 2937 quam
1447 2888 1605 2925 Bolleius
1621 2886 1792 2935 habitato,
