1942 3204
705 200 801 240 COR
807 195 1071 240 OLLARIVM'
1571 199 1657 240 xm

107 311 195 359 illis
225 315 370 358 autem
406 314 576 370 praeter
612 311 840 357 endoitium
879 311 1097 357 endoclusa
1134 310 1422 367 endoriquum,
1461 326 1571 369 quae
1609 311 1655 355 in

107 384 276 444 legibus
307 386 450 429 locum
475 388 589 428 certe
622 387 805 441 possunt
836 384 1062 442 habuisse,
1093 398 1173 428 nec
1204 384 1251 427 in
1282 384 1349 428 his
1370 398 1447 427 nec
1480 384 1526 427 in
1557 383 1654 428 ‹lac-

107 457 250 514 tylicis
268 457 531 500 carminibus
551 457 742 499 extitisse
762 458 947 512 possunt
964 456 1263 513 Mose-stabat,
1283 456 1397 512 quod
1417 456 1462 499 in
1482 457 1652 499 senario

110 530 211 585 post
246 542 467 572 caesuram
516 527 865 583 semiquinariam
910 531 1009 585 apte
1057 528 1369 584 collocabatur,
1412 529 1654 583 endopcseas
1711 522 1714 524 V

109 602 156 643 et
184 600 323 643 exitus
356 600 513 644 senarii
543 599 809 643 endoteridea.
867 598 1011 642 Plauti
1047 602 1114 643 est
1143 600 1366 643 indaudire
1396 597 1550 655 (Stich.
1585 599 1652 642 77.

114 670 228 714 167?
272 670 402 715 Merc.
433 671 532 714 941.
557 670 645 713 944
675 669 804 712 Most.
826 669 954 727 542);
988 686 1118 727 quam
1145 670 1427 727 probabiliter
1459 671 1505 712 in
1530 670 1652 713 Accii

110 756 148 784 v.
182 742 238 785 74
267 743 534 786 eximiamlies
563 741 819 786 coniecerim
852 742 926 784 alii
957 742 1228 785 iudicabunt:
1270 741 1384 798 apud
1416 741 1651 784 Pacuvium

110 815 224 855 certe
261 813 308 855 in
339 829 376 856 v.
408 813 466 856 35
497 813 748 870 Kiesslingii
786 814 1009 858 indamdiui
1043 814 1220 856 minime
1251 814 1542 856 necessarium
1574 817 1651 856 est.

111 882 276 926 Tamen
313 885 567 940 prudentius
604 887 754 928 nostro
799 885 894 928 loco
934 886 1074 928 visum
1119 888 1185 928 est
1228 885 1424 928 codicum
1467 885 1651 941 vestigia

112 969 317 1011 premere.

230 1025 332 1070 Non
345 1029 463 1070 c'erta
483 1027 656 1083 quidem
669 1029 712 1070 et
732 1027 987 1084 necessaria,
1000 1028 1074 1070 sed
1094 1028 1387 1072 memorabilis
1399 1027 1653 1071 Buecheleri

112 1097 360 1141 coniectura
396 1101 462 1141 est
504 1114 543 1143 v.
580 1099 637 1142 33
681 1099 806 1142 initio
843 1100 922 1142 uti
967 1103 1153 1157 uenatu
1201 1099 1423 1148 uitulantis
1466 1098 1653 1141 scriben-

113 1169 215 1211 dum
246 1184 352 1212 esse.

232 1239 532 1297 Anapaestum
565 1241 741 1284 secundi
773 1241 894 1298 pedis
926 1242 972 1283 in
1003 1257 1041 1285 v.
1073 1242 1128 1285 37
1165 1244 1224 1287 sic
1256 1243 1456 1286 evitabis:

252 1323 430 1380 ignotae
463 1323 565 1382 [hic]
599 1325 719 1367 iteris
753 1328 916 1368 sumus:
951 1323 1004 1382 [si
1035 1326 1100 1368 uel
1133 1323 1204 1382 an]
1238 1328 1331 1368 tute
1363 1324 1449 1368 scis
1470 1359 1478 1368 .
1500 1360 1509 1367 .

115 1406 260 1463 Atque
299 1407 415 1450 illius
451 1406 528 1450 hic
564 1407 680 1463 quod
717 1407 879 1450 inserui
923 1408 1077 1450 umbra
1113 1408 1259 1451 nescio
1297 1423 1355 1450 an
1401 1408 1654 1464 dispiciatur

116 1477 163 1520 in
192 1478 324 1532 iynoti
350 1478 574 1534 scriptura.
622 1477 726 1522 Non
758 1479 931 1534 placent
962 1479 1156 1539 trochaei
1188 1480 1337 1535 quales
1363 1479 1654 1522 Buechelerus

116 1549 303 1605 notavit,
339 1549 428 1592 sive
460 1565 547 1593 uno
574 1564 700 1593 versu
730 1551 893 1605 iynotae
922 1551 1038 1593 iteris
1061 1550 1222 1602 sancus,
1253 1554 1299 1592 at
1329 1554 1411 1594 tute
1435 1552 1533 1603 scis,
1565 1552 1654 1594 sive

118 1635 194 1675 per
217 1620 325 1663 duos
350 1620 569 1663 distributi
599 1622 628 1663 i.
654 1622 682 1663 i.
707 1634 867 1673 smnus,
900 1621 1004 1665 Tzite
1027 1622 1124 1673 scis,
1156 1637 1210 1664 ne
1236 1622 1288 1664 de
1315 1623 1482 1665 creticis
1515 1622 1655 1665 dicam

116 1691 277 1734 talibus
308 1694 471 1746 iynotae
499 1692 616 1742 iteris
646 1705 811 1750 sumus:
843 1692 926 1735 tu'te
955 1694 1046 1736 scis.

237 1774 356 1825 Quae
381 1790 420 1818 v.
444 1775 503 1817 42
528 1774 626 1816 dedi
652 1775 781 1818 etiam
811 1790 927 1819 nunc
952 1776 1132 1819 meliora
1155 1776 1261 1819 mihi
1293 1777 1494 1819 videntur
1525 1793 1654 1832 quam

119 1860 228 1902 quae
258 1845 548 1889 Buechelerus
580 1845 764 1888 coniecit

356 1928 429 1971 sed
462 1929 585 1984 quasi
618 1929 756 1971 amnis
789 1928 877 1971 cita
907 1931 1022 1985 rapit
1054 1946 1117 1986 se,
1147 1931 1294 1973 tamen
1326 1932 1352 1973 i.
1383 1932 1412 1973 f.

119 2010 222 2054 Non
252 2011 367 2053 enim
399 2011 451 2054 de
482 2012 696 2055 tardanda
726 2013 973 2069 velocitate,
1004 2014 1078 2056 sed
1110 2014 1162 2056 de
1193 2014 1435 2070 frangendo
1474 2015 1546 2070 qui
1580 2015 1652 2057 ob-

121 2082 282 2124 stantia
325 2097 470 2126 secum
500 2084 649 2140 rapiat
691 2085 855 2140 impetu
892 2085 980 2127 sive
1018 2085 1205 2142 Lycurgi
1248 2086 1347 2128 irati
1385 2086 1473 2129 sive
1512 2086 1654 2128 Liberi

69 2195 74 2201 ,
121 2153 354 2196 exultantis
385 2154 529 2211 imago
561 2155 636 2198 illa
665 2156 809 2212 posita
840 2158 917 2198 est.

239 2236 293 2279 In
323 2253 361 2280 v.
391 2238 450 2281 43
488 2239 605 2282 exitu
643 2239 879 2282 diiambum
910 2254 1000 2282 non
1037 2240 1352 2295 toleravissem‚
1388 2241 1473 2283 nisi
1512 2240 1654 2296 ipsum

123 2308 243 2351 timos
272 2309 530 2353 vocabulum
560 2309 731 2354 Nonius
762 2311 807 2352 in
839 2311 1040 2353 lemmate
1077 2313 1322 2354 testaretur.
1384 2311 1653 2367 Quamquam

124 2393 178 2421 ne
214 2380 481 2436 tautologiae
518 2381 691 2436 quidem
733 2382 854 2425 timos
887 2395 1025 2436 panos
1068 2385 1137 2424 sat
1179 2383 1350 2425 firmum
1394 2383 1653 2438 praesidium

123 2451 323 2505 paratum
367 2453 434 2493 est
475 2450 652 2495 Pacuvii
693 2468 732 2495 v.
770 2453 846 2509 53,
895 2453 970 2496 ubi
1009 2453 1190 2506 formido
1223 2454 1387 2508 pudor
1434 2454 1655 2496 Leidensis

123 2521 335 2577 scriptura
371 2522 434 2564 illi
463 2536 603 2577 pauor
643 2527 863 2579 praestare
906 2525 1085 2567 videtur.
1159 2524 1243 2568 Sed
1286 2526 1444 2581 corrigi
1488 2526 1654 2568 numeri

125 2606 214 2634 non
237 2592 331 2635 sine
356 2593 536 2637 audacia
565 2595 752 2650 quadam
778 2598 979 2652 possunt,
1011 2599 1060 2638 ut
1083 2610 1106 2638 e
1133 2599 1336 2652 corrupto
1362 2599 1481 2638 textu
1514 2597 1655 2651 ipsum

125 2663 450 2718 compilatorem
501 2666 690 2721 glossam
739 2666 859 2709 illam
908 2668 1168 2723 excerpsisse
1219 2670 1471 2710 statuamus
1544 2667 1655 2716 Quid

126 2733 270 2776 enim?
302 2735 339 2776 si
370 2738 498 2791 poeta
527 2738 696 2781 intinws
725 2738 888 2781 animos
925 2738 990 2780 vel
1027 2739 1199 2781 intimas
1234 2739 1381 2780 ommi&
1412 2738 1479 2779 vel
1510 2739 1658 2780 mentis

127 2805 308 2848 turbatos
350 2806 416 2848 vel
459 2808 594 2850 animi
635 2808 827 2851 sollicitos
870 2807 991 2865 (nam
1022 2810 1220 2864 leyitimos
1263 2824 1351 2851 non
1392 2808 1576 2862 quadrat
1611 2810 1657 2851 in

129 2876 407 2934 sententiam)
439 2879 685 2935 scripserat,
723 2881 920 2923 librarius
959 2884 1101 2923 autem
1134 2881 1266 2923 animi
1301 2881 1365 2922 vel
1398 2880 1552 2923 mentis
1585 2896 1655 2923 vo-
