1942 3204
801 199 849 242 Q.
860 227 863 233 ,
874 193 1054 234 eumve
1639 195 1693 239 61

818 302 1030 349 MEDEA

826 381 961 440 (Med.
980 379 1028 439 9)

278 462 392 507 Asta
423 463 553 519 atque
584 460 782 504 Athenas
815 459 1026 516 ainticum,
1056 459 1311 515 opulentum
1342 457 1549 514 6ppidum

283 539 539 597 Contempla
570 542 615 582 et
645 539 854 595 templum
885 535 1051 581 Gereris
1083 536 1138 579 ad
1168 537 1338 579 laeuam
1370 535 1524 592 zispiee.

756 613 1103 659 MELANIPPA

869 693 890 736 I
922 691 991 750 (3)

281 773 409 818 Certo
439 771 513 817 hic
543 775 611 816 est
640 773 760 815 nulla
791 804 801 814 .
833 805 842 814 .
874 771 980 827 quin
1011 771 1253 813 monstram
1286 769 1383 812 siet:

162 851 250 896 245
279 851 375 895 Hoc
406 853 487 908 ego
519 851 615 894 dieo
646 850 726 892 tibi
757 851 801 892 et
830 849 1079 893 coniectura
1110 850 1288 905 auguro.

125 923 129 927 ’
858 925 902 969 II
935 925 1003 983 (2)

1048 1003 1154 1047 mihi

164 1068 248 1111 247
284 1085 513 1141 Ausculta,
544 1087 663 1126 nate:
696 1086 851 1139 pueros
883 1082 982 1124 iube
1014 1082 1252 1124 erelnaeirier.

846 1160 913 1203 III
946 1158 1013 1217 (1)

284 1275 294 1284 .
327 1274 336 1283 .
369 1274 379 1283 .
411 1274 420 1283 .
452 1242 719 1297 regnumque
751 1241 949 1282 nostrum
982 1240 1030 1280 ut
1062 1237 1276 1292 s6spitent

165 1318 254 1362 250
285 1317 671 1374 Superstitentque.
844 1307 846 1310 ¹

860 1392 924 1438 IV
945 1391 1013 1451 (ὃ)

287 1473 467 1516 Lumine
499 1474 559 1516 sic
590 1473 775 1515 tremulo
806 1475 923 1515 terra
955 1474 999 1514 et
1030 1485 1137 1514 caua
1169 1470 1340 1513 caerula
1372 1470 1570 1513 candent.

868 1549 909 1593 V
929 1548 998 1608 (4)

288 1662 506 1672 ......
539 1643 636 1671 cum
668 1629 818 1671 saxum
850 1626 1077 1670 sciciderit.

259 1761 396 1793 Manu
420 1759 512 1793 Non.
537 1761 624 1802 470,
654 1761 675 1793 3
707 1757 988 1802 ‘contempla
1018 1783 1027 1791 .
1047 1783 1056 1791 .
1078 1782 1086 1790 .
1124 1757 1266 1791 Ennius
1290 1756 1467 1790 Medea:
1499 1761 1606 1790 asta
1636 1782 1645 1791 .
1665 1782 1698 1791 ..

170 1804 463 1850 contempla-²
510 1805 628 1838 Varro
658 1804 704 1838 de
734 1804 760 1838 l.
788 1805 831 1840 L.
855 1805 928 1839 VII
950 1805 972 1837 9
997 1804 1046 1838 Μ,
1079 1804 1143 1836 ‘in
1174 1803 1243 1837 hoc
1275 1801 1411 1847 templo
1443 1802 1618 1835 faciundo
1647 1813 1705 1836 ar·

169 1852 276 1886 bores
301 1851 479 1884 constitui
502 1849 594 1884 fines
618 1853 791 1894 apparet,
823 1852 862 1883 et
890 1851 989 1883 intra
1019 1858 1085 1882 eas
1109 1849 1299 1892 regiones,
1333 1858 1406 1891 qua
1436 1847 1535 1882 oculi
1561 1848 1706 1891 conspi-

170 1897 285 1936 ciant,
308 1896 346 1930 id
363 1900 420 1931 est
438 1900 616 1938 tueamur,
642 1906 664 1930 a
682 1906 753 1939 quo
770 1894 946 1939 templum
964 1894 1100 1928 dietum
1121 1898 1160 1928 et
1184 1892 1517 1937 contemplare,
1542 1897 1582 1926 ut
1607 1893 1705 1937 apud

170 1943 329 1977 Ennium
354 1943 391 1975 in
407 1941 559 1976 Medea:
583 1940 860 1985 contempla’
888 1951 919 1977 e.
936 1950 972 1983 q.
993 1950 1022 1973 s.
1056 1938 1292 1983 ‘contempla
1310 1942 1348 1972 et
1365 1940 1584 1983 conspicare
1609 1939 1704 1972 idem

451 1990 462 2007 ²

171 1991 494 2069 essohffipfxgfi.
532 2033 592 2067 Of.
618 2032 747 2066 Cicero
772 2032 816 2066 de
834 2031 895 2066 off.
911 2031 929 2064 Ῑ
947 2033 1002 2073 31,
1030 2032 1106 2067 114.
1124 2031 1140 2064 1
1166 2030 1258 2066 Non.
1275 2031 1356 2072 469,
1381 2030 1402 2063 5
1428 2032 1621 2074 ‘auguro
1644 2055 1652 2063 .
1669 2055 1676 2062 .
1692 2055 1699 2062 .

169 2079 312 2113 Ennius
336 2078 600 2123 Melanippo
623 2103 631 2111 .
645 2103 655 2113 .
669 2081 698 2112 .‡’
725 2077 937 2122 (augurio
954 2077 1082 2112 Bamb.
1123 2075 1385 2120 Menalippo
1402 2076 1448 2108 W
1467 2076 1595 2108 Bamb.
1612 2076 1678 2108 Me
1692 2093 1705 2099 ·

171 2124 360 2168 lanippa
392 2123 585 2158 Columna.
637 2124 687 2158 cf.
717 2123 757 2158 C.
784 2123 932 2158 Keilius
962 2122 1071 2167 Spec.
1105 2121 1355 2165 onomatologi
1384 2119 1447 2154 Gr.
1479 2132 1514 2164 p.
1547 2122 1591 2155 37
1623 2131 1703 2164 sqq.

169 2170 214 2206 0.
237 2170 390 2204 Iahnius
419 2170 457 2203 in
489 2169 672 2206 Gerhardi
701 2169 844 2214 ephem.
869 2168 1056 2202 archaeol.
1088 2167 1174 2202 1867
1201 2178 1234 2211 p.
1260 2167 1332 2208 39.)
1438 2166 1476 2200 11
1507 2166 1600 2200 Non.
1625 2167 1703 2207 246,

172 2217 212 2249 11
239 2214 522 2251 ‘auscultare
547 2218 606 2249 est
630 2215 785 2259 obsequi
812 2239 821 2248 .
842 2239 850 2248 .
869 2238 879 2249 .
901 2214 1044 2248 Ennius
1067 2212 1332 2257 Menalippa
1350 2236 1359 2246 .
1379 2237 1389 2246 .
1408 2215 1437 2246 .’
1530 2212 1586 2246 111
1612 2211 1705 2245 Non.

173 2262 256 2303 176,
279 2262 301 2294 2
326 2261 596 2304 ‘sospitent,
622 2260 795 2295 saluent.'
834 2259 938 2295 Idem
964 2261 1045 2302 170,
1074 2260 1116 2292 14
1140 2258 1497 2302 ‘superstitent‚
1522 2257 1702 2291 saluent.’

172 2304 458 2351 (Menalippa
482 2308 529 2342 W
554 2317 589 2350 p.
615 2307 696 2349 176)
794 2306 846 2339 1v
870 2305 1082 2340 Macrobius
1112 2303 1189 2339 Sat.
1212 2304 1265 2339 VI
1288 2305 1328 2343 4,
1352 2304 1372 2337 7
1404 2302 1599 2347 ‘splendet
1630 2307 1706 2335 tre-

171 2351 268 2386 mulo
291 2352 360 2386 sub
385 2351 522 2387 lumine
546 2356 699 2396 pontus:
725 2351 966 2385 tremulum
990 2350 1138 2384 lumen
1163 2349 1207 2383 de
1234 2349 1397 2393 imagine
1423 2348 1476 2382 rei
1499 2348 1616 2392 ipsius
1642 2358 1706 2381 ex-

172 2407 338 2441 pressum
364 2401 433 2431 est.
479 2397 552 2432 Sed
577 2398 676 2441 prior
699 2397 843 2432 Ennius
867 2397 907 2430 in
930 2396 1193 2440 Melanippe
1217 2420 1225 2428 .
1240 2420 1247 2427 .
1262 2394 1292 2429 .’
1380 2395 1412 2427 V
1437 2394 1650 2427 Priscianus
1674 2393 1706 2426 X

174 2454 208 2487 p.
232 2443 301 2477 890
323 2442 366 2477 Ρ.
393 2443 586 2485 ‘scindo,
610 2443 718 2479 scidi.
766 2442 1016 2477 Vetustissimi
1045 2445 1170 2475 tamen
1202 2441 1316 2474 etiam
1347 2439 1513 2473 scicidi
1545 2439 1707 2482 profere-

288 2574 370 2612 242
401 2580 482 2612 astu
506 2577 692 2623 proponit
713 2575 897 2614 Columna
974 2579 1048 2623 atq.
1071 2580 1145 2623 atq.
1169 2573 1307 2611 Bamb.
1366 2572 1522 2609 anticum
1547 2570 1708 2607 Rothius

175 2633 334 2670 anticum
363 2633 455 2670 libr-i
482 2632 670 2681 antiquum
690 2634 805 2681 uulqo
890 2630 1126 2681 opulenteum
1146 2630 1253 2668 Leid.
1278 2629 1411 2666 Bamb.
1507 2626 1588 2663 244
1610 2626 1706 2663 nulla

177 2689 281 2727 Leid.
304 2688 441 2727 Bamb.
472 2688 612 2727 nullum
643 2691 766 2727 ceteri
791 2689 884 2726 libri
910 2687 1051 2726 nullum
1081 2687 1229 2725 dubium
1255 2685 1452 2734 Berylcius
1478 2685 1504 2721 1.
1534 2685 1561 2720 l.
1588 2695 1628 2730 p.
1654 2683 1705 2720 72

176 2747 255 2783 An.-
285 2745 381 2783 nulla
412 2745 550 2783 mater?
666 2745 748 2784 245
779 2744 843 2783 tihi
872 2744 954 2782 dico
982 2745 1073 2783 libri
1184 2742 1266 2780 246
1297 2742 1343 2779 mi
1386 2741 1541 2778 Vossius
1627 2745 1707 2776 nala

177 2802 373 2852 Beryln‘us
399 2804 428 2841 l.
455 2804 482 2841 l.
587 2801 668 2840 248
699 2801 783 2840 iube
811 2802 1003 2840 cremarier
1033 2803 1095 2839 uel
1126 2799 1303 2838 cremitari
1334 2796 1415 2834 iube
1441 2797 1603 2834 Bothius
1632 2807 1708 2832 cre-

177 2860 266 2896 mari
295 2858 378 2896 iube
406 2860 499 2898 libri
612 2858 693 2897 249
726 2865 768 2896 ut
796 2871 868 2897 om.
896 2859 989 2896 libri
1006 2870 1053 2906 -p.
1087 2857 1167 2895 176
1268 2855 1454 2891 Fortasse
1484 2864 1560 2890 uno
1590 2863 1708 2889 uersu

179 2915 403 2965 regnumque
433 2922 599 2954 nosti-um
629 2914 810 2965 sospitent
840 2915 1081 2964 superstitem
1178 2912 1259 2950 252
1291 2909 1487 2947 scisciderit
1518 2909 1613 2958 Rey.

1371 2988 1419 3022 4.
