1942 3204
0 0 109 46 &²¹³¹

48 42 61 50 Ψ
124 55 129 58 .

51 61 54 68 .

7 91 11 98 ,
115 85 120 91 .

841 239 883 274 L.
908 238 1085 275 mvnvs
1645 236 1730 279 203

309 344 450 389 Multa
481 346 739 402 argumenta
769 345 975 403 redigunt
1006 344 1199 388 animum
1230 346 1275 387 et
1306 345 1580 387 conmouent.

885 441 927 484 V
980 440 1008 485 5

310 553 318 562 .
369 553 378 562 .
428 553 438 562 .
487 519 578 562 eius
610 519 822 575 serpentis
854 438 1058 575 squalnge
1091 518 1290 575 squalido
1324 532 1429 560 auro
1463 519 1507 559 et
1538 520 1730 573 purpura

309 595 562 639 Praetextae
830 657 835 661 ἱ

875 674 940 718 VI
972 673 1041 732 (3)

310 751 441 795 Cesso
472 752 575 795 hinc
606 752 667 795 ire
699 754 743 794 et
773 753 918 795 Itinere
949 752 1056 795 lucti
1089 753 1254 795 uestem
1292 752 1338 794 in
1375 752 1462 794 leto
1502 751 1730 807 coniugis?

629 846 926 892 PERSIDAE
987 847 1100 891 Vide
1132 863 1173 904 p.
1209 847 1292 890 148

775 961 1150 1006 PHILOCTETA

884 1039 905 1082 I
938 1038 1054 1098 (16)-

190 1118 278 1161 520
409 1117 596 1173 Inchite,
627 1132 764 1174 parua
794 1116 965 1174 prodite
997 1118 1158 1174 patria,

403 1193 593 1238 Nomine
626 1195 783 1238 celebri
815 1195 1016 1251 claroque
1048 1198 1204 1252 potens

282 1327 312 1357 V
338 1324 482 1359 Gellius
498 1327 535 1359 II
552 1328 586 1368 6,
604 1328 648 1359 ‘23
673 1326 909 1369 ‘squalere
935 1327 1030 1360 enim
1056 1327 1195 1361 dictum
1221 1338 1243 1360 a
1269 1337 1501 1369 squamarum
1528 1325 1730 1358 crebritate

191 1372 470 1416 asperitateque
495 1397 503 1404 .
518 1398 525 1405 .
541 1397 550 1406 .
564 1397 573 1406 .
595 1372 730 1405 Accius
752 1373 791 1405 in
816 1372 1006 1416 Pelopidis
1031 1374 1086 1406 ita
1105 1373 1251 1407 scribit:
1279 1373 1374 1405 eius
1398 1397 1406 1406 .
1422 1398 1430 1405 .
1445 1398 1452 1406 .
1477 1376 1690 1415 pertexta
1700 1382 1731 1407 e.

190 1417 378 1460 Quidquid
407 1417 524 1460 igitur
554 1418 661 1452 nimis
684 1418 908 1451 inculcatum
933 1419 1167 1462 obsitumque
1199 1418 1324 1461 aliqua
1356 1429 1395 1451 re
1428 1422 1526 1458 erat,
1556 1421 1596 1450 ut
1627 1418 1731 1450 incu-

189 1466 288 1497 teret
311 1463 520 1496 uisentibus
546 1463 643 1496 facie
669 1474 767 1497 noua
785 1464 982 1506 horrorem,
1008 1464 1044 1497 id
1071 1464 1241 1507 squalere
1261 1462 1479 1497 dicebatur.’
1518 1463 1731 1495 Macrobius

191 1509 270 1542 Sat.
296 1509 347 1542 VI
373 1510 406 1550 7,
435 1510 476 1542 18
501 1508 745 1551 ‘squalere
765 1509 860 1542 enim
888 1509 1026 1543 dictum
1051 1510 1098 1542 ab
1130 1520 1364 1552 squamarum
1390 1509 1594 1542 crebritate
1621 1519 1729 1551 aspe—

191 1554 378 1598 ritateque
505 1554 640 1588 Accius
670 1555 709 1587 in
734 1554 943 1598 Pelopidis'
975 1555 1292 1598 (pelopidibus
1317 1553 1453 1597 Paris.)
1486 1554 1564 1587 ‘ita
1588 1554 1731 1586 scribit:

190 1600 289 1633 eius’
316 1611 348 1635 e.
376 1610 410 1642 q.
435 1609 463 1635 8.
498 1599 710 1642 ‘Quidquid
734 1600 870 1643 igitur’
902 1611 934 1633 e.
959 1611 993 1643 q.
1020 1611 1047 1633 s.
1094 1601 1187 1634 Non.
1214 1602 1298 1639 452,
1325 1601 1369 1634 28
1396 1599 1628 1643 ‘squalere
1660 1624 1668 1631 .
1688 1624 1697 1632 .
1716 1625 1725 1632 .

190 1644 349 1679 honesta
379 1655 417 1678 re
448 1645 638 1678 abundare
663 1648 701 1678 et
726 1645 902 1679 refertum
937 1656 1019 1679 esse
1050 1649 1194 1679 ueteres
1224 1646 1383 1678 honesta
1415 1646 1642 1678 auctoritate
1668 1655 1729 1688 po-

191 1695 342 1724 suerunt
369 1715 377 1724 .
399 1715 406 1723 .
428 1715 435 1722 .
456 1715 464 1723 .
494 1690 590 1734 quod
620 1690 735 1724 fuerit
766 1690 935 1733 qualibet
966 1702 1004 1724 re
1037 1691 1230 1724 densatum
1262 1694 1455 1724 oneratum
1487 1691 1731 1724 inculcatum-

192 1746 278 1779 que,
305 1735 474 1779 squalere
499 1735 695 1769 uoluerunt
717 1760 726 1770 .
742 1761 749 1768 .
764 1761 772 1769 .
794 1737 930 1770 Accius
955 1736 1175 1780 Paelopidis
1198 1762 1206 1770 .
1221 1762 1229 1770 .
1245 1740 1274 1770 .’
1301 1735 1560 1780 (Pelopidis
1586 1736 1731 1777 Bamb.)

282 1782 331 1814 VI
362 1782 454 1817 Non.
482 1781 567 1822 485,
599 1783 643 1815 32
675 1781 813 1815 ‘lucti
844 1792 908 1825 pro
941 1782 1091 1816 luctus.’
1196 1782 1374 1815 Addenda
1404 1782 1462 1814 his
1493 1782 1654 1815 fortasse
1685 1792 1730 1814 ex

191 1827 301 1861 Atreo
323 1827 369 1860 fr.
393 1826 515 1860 XVIII
547 1832 584 1860 et
609 1826 713 1867 ΧῙΧ;
746 1837 830 1860 num
860 1827 908 1860 ad
938 1827 1035 1862 idem
1064 1831 1319 1871 argumentum
1351 1832 1521 1870 spectent
1552 1828 1625 1860 inc.
1658 1827 1729 1859 inc.

192 1873 236 1906 fr.
261 1873 361 1906 va
387 1872 568 1906 et'LXVI
593 1872 732 1907 dubito.

281 1918 527 1951 Pmmcmu
553 1917 802 1960 (Pisonum)
827 1919 845 1952 I
869 1917 1047 1962 Apuleius
1073 1918 1118 1952 de
1144 1919 1213 1951 deo
1237 1918 1403 1952 Socratis
1429 1930 1462 1953 c.
1488 1919 1532 1950 24
1558 1917 1644 1951 ‘sed
1676 1920 1730 1957 ut,

191 1964 252 2006 qui
278 1966 315 1996 te
341 1962 443 1997 uolet
466 1963 685 2003 nobilitare,
713 1973 832 2006 aeque
857 1964 1004 2003 laudet,
1028 1967 1070 1997 ut
1087 1964 1222 1998 Accius
1240 1964 1371 1997 Vlixen
1397 1963 1567 1996 laudauit
1592 1963 1629 1995 in
1646 1963 1731 1995 Phi-

191 2009 329 2042 locteta
345 2019 411 2043 suo
435 2009 480 2042 in
499 2009 595 2043 eius
614 2010 881 2052 tragoediae
899 2010 1147 2053 principio:
1166 2009 1342 2043 inclute
1366 2035 1374 2043 .
1389 2035 1396 2043 .
1413 2035 1420 2042 .
1436 2035 1444 2043 .
1468 2008 1730 2044 Laertiade.

190 2054 398 2089 Nouissime
424 2058 567 2098 patrem
591 2058 796 2088 memorat.'
846 2057 950 2098 Quae
976 2055 1175 2099 descripsit
1203 2056 1256 2090 Io.
1281 2054 1567 2088 Sarisbericnsis
1592 2054 1670 2088 Pol.
1698 2065 1730 2096 p.

190 2102 268 2134 402.
302 2101 444 2133 Marius
472 2101 685 2134 Victorinus
710 2111 744 2143 p.
769 2101 858 2134 2522
887 2101 927 2136 P.
954 2099 1036 2143 (103
1061 2101 1123 2143 G.)
1153 2101 1462 2144 ‘anapaesticum
1488 2100 1605 2134 melos
1634 2100 1732 2133 binis

192 2145 350 2189 pedibus
374 2148 476 2179 amat
500 2156 648 2180 sensum
671 2145 881 2187 includere,
905 2149 947 2179 ut
972 2146 1072 2190 apud
1095 2147 1271 2181 Accium:
1294 2146 1471 2179 inclute
1495 2170 1504 2179 .
1525 2170 1531 2177 .
1552 2172 1559 2179 .
1585 2146 1731 2187 genti-

190 2191 272 2225 bue
296 2191 449 2225 ultor.’
489 2190 645 2225 Attilius
667 2191 963 2226 Fortunatianus
987 2203 1023 2236 p.
1041 2193 1129 2226 2681
1148 2192 1187 2225 P.
1215 2191 1296 2234 (326
1313 2191 1374 2235 G.)
1416 2194 1584 2224 ‘constat
1613 2192 1731 2224 enim’

193 2236 395 2279 (clausulm
420 2237 554 2270 terruit
578 2235 717 2279 orbem)
743 2239 804 2270 ‘ex
830 2237 976 2281 dactylo
1001 2241 1040 2272 et
1066 2237 1244 2282 spondeo,
1272 2248 1366 2281 quae
1393 2236 1582 2270 clausulae
1608 2240 1644 2270 et
1668 2247 1733 2280 per

192 2292 231 2315 se
250 2283 433 2326 repetitae
450 2284 490 2315 et
507 2282 604 2315 inter
621 2292 661 2316 se
678 2283 825 2317 iunctae
844 2284 1115 2327 anapaesticon
1132 2285 1276 2317 metron
1295 2283 1475 2324 efficiunt,
1501 2283 1573 2315 sic:
1602 2283 1733 2316 terruit

305 2437 387 2475 516
419 2437 528 2474 multa
559 2437 722 2476 Bothius
754 2439 774 2475 l
813 2444 853 2475 ut
881 2439 975 2476 libri
1009 2443 1066 2476 tot
1107 2439 1261 2477 Vossius
1300 2444 1356 2475 sat
1387 2439 1552 2476 Bothius
1582 2438 1606 2474 2
1646 2438 1730 2474 mihi

190 2496 278 2532 olim
308 2497 560 2540 scripseram.
593 2500 652 2532 tua
684 2498 783 2533 coni.
810 2495 1081 2533 Buecheler-us
1188 2496 1269 2533 517
1301 2507 1451 2545 squamc
1483 2496 1586 2532 Rotl.
1620 2496 1733 2532 Gellii

190 2562 338 2600 squama
361 2551 510 2589 Nom'us
613 2551 793 2600 squallido
824 2552 969 2590 Gellius
998 2550 1185 2602 squalidae
1217 2552 1373 2590 Vossius
1498 2552 1579 2589 518
1613 2558 1730 2588 textae

194 2608 342 2646 Nonius
375 2613 474 2645 texte
508 2608 590 2645 Vae.
612 2609 715 2646 Rou.
738 2609 835 2658 Req.
858 2608 969 2646 5765
992 2609 1104 2647 Gellii
1132 2615 1319 2658 pei-textae
1342 2610 1528 2646 Her-[zius
1643 2619 1730 2643 auro

191 2669 313 2702 textae
342 2670 380 2701 et
409 2675 568 2714 purpura
600 2666 766 2703 Botln’us
787 2664 811 2701 2
929 2665 1009 2703 519
1042 2666 1125 2703 hinc
1156 2666 1232 2703 hirc
1263 2667 1311 2702 W
1416 2665 1536 2701 lanera
1570 2664 1732 2701 Rolleius

191 2720 313 2771 lapere
342 2722 434 2758 libri
462 2732 588 2770 rapere
611 2723 694 2760 edd.
716 2733 845 2771 capere
865 2722 1153 2769 Buecheler-us,
1167 2734 1173 2740 ·
1187 2723 1227 2760 L.
1251 2723 1419 2759 Mueller
1446 2723 1492 2758 de
1514 2731 1558 2757 re
1579 2733 1625 2756 m.
1649 2720 1725 2756 421

306 2777 402 2814 laeto
435 2779 570 2815 Bamb.
602 2778 696 2819 leto,
736 2790 756 2816 c
783 2790 1010 2826 suprascr„
1041 2780 1146 2817 Leia.
1180 2779 1274 2816 lucto
1307 2779 1354 2815 W
1475 2777 1559 2813 520
1589 2777 1731 2825 prodite

195 2834 322 2882 Guelf.
345 2835 366 2871 b
388 2834 517 2872 Brem.
540 2836 702 2884 Apulei,
734 2835 988 2872 Her-mannus
1020 2836 1159 2884 Opusc.
1190 2836 1258 2873 ΙΙΙ
1282 2835 1382 2880 116,
1414 2846 1484 2870 om.
1516 2834 1734 2870 Flet-entim·

192 2889 290 2939 fulite
321 2889 490 2929 Charisii
526 2894 608 2929 cod.
640 2892 800 2940 praedite
837 2903 922 2929 cum
961 2896 1103 2930 ceteris
1134 2892 1330 2939 Berylcius
1368 2891 1452 2927 Ina.
1482 2892 1570 2927 lect.
1603 2891 1729 2927 Marb.

194 2947 269 2984 kib.
297 2945 404 2985 1843
430 2959 470 2994 p.
501 2948 531 2984 V
614 2944 748 2999 patria]
781 2948 897 2985 forma
930 2949 1254 2994 Sarisberoensis,
1288 2948 1482 2995 Berylcius
1500 2949 1524 2984 1.
1547 2948 1573 2983 Ι.
