1942 3204
0 0 19 33 Γ
50 0 69 14 ’“

0 46 4 50 .
31 21 66 47 ‘v'

3 49 42 70 ti*

793 214 844 248 Μ.
872 212 1110 248 PAcvvlvs
1636 211 1717 254 105

852 317 916 361 IX
970 319 1023 362 21

300 396 345 440 Si
378 398 517 454 resto,
548 397 694 454 porgit
724 399 774 440 iit
803 411 916 439 eam:
949 317 991 438 (si
1023 316 1083 439 i)re
1116 397 1267 451 eonor,
1298 395 1500 451 prohibet
1532 396 1716 438 baetere.

863 474 904 517 X
936 471 1035 532 (20)

298 551 521 597 custodite
553 552 695 595 istunc
727 567 823 608 uos,
861 551 1165 632 Q
1180 552 1337 595 attolat
1369 567 1478 594 neue
1511 551 1685 608 attigas

848 629 911 672 XI
944 627 1042 686 (13)

298 708 494 766 Linguae
524 708 714 752 bisulcae
746 707 861 751 iaetu
893 707 1034 763 crispo
1066 707 1233 764 fulgere

857 783 945 827 XII
976 781 1044 842 (3)

179 865 268 908 230
830 899 834 902 ,
899 861 1053 905 mulier
1084 860 1384 919 egregiissima

302 941 460 985 Forma

709 999 818 1043 XIII
851 997 984 1057 (Enn.
1016 998 1202 1056 Medus).

299 1078 511 1122 Caelitum
543 1075 734 1134 camilla,
766 1079 991 1134 expectata
1023 1077 1219 1120 aduenis:
1251 1078 1388 1134 salue,
1419 1078 1610 1135 hospita!

899 1154 1006 1199 XIV

299 1234 447 1278 Vitam
479 1247 728 1291 propagans
760 1233 968 1276 exanimis
1000 1233 1209 1276 alteribus

271 1336 323 1370 IX
356 1335 449 1369 Non.
474 1337 529 1378 77,
560 1336 604 1369 25
639 1335 840 1368 ‘betere’
871 1332 1083 1377 (baetere
1115 1335 1259 1378 Bamb.)
1293 1335 1352 1368 ‘id
1385 1339 1443 1369 est
1474 1335 1527 1368 ire
1560 1360 1567 1367 .
1596 1360 1604 1369 .
1631 1359 1641 1369 .
1678 1337 1719 1371 P.

179 1382 341 1425 Nyptra.
374 1391 440 1414 uos
465 1381 552 1414 hine
575 1380 769 1414 defensum
794 1381 954 1424 patriam
981 1380 1019 1413 in
1044 1390 1216 1424 pugnam.
1265 1381 1365 1414 Idem
1389 1381 1506 1414 bibite
1531 1380 1656 1414 Medo:
1688 1382 1720 1414 si

180 1430 301 1461 resto’
326 1438 358 1461 e.
383 1437 418 1470 q.
442 1437 470 1463 s.
497 1426 707 1470 (pugnam
732 1426 890 1462 betite.
930 1425 1053 1459 Idem
1076 1424 1217 1470 Iunius)
1294 1427 1324 1459 X
1351 1426 1634 1469 Diomedeslp.
1655 1427 1721 1460 378

178 1473 219 1510 P.
245 1473 414 1516 ‘attingo
438 1497 468 1506 ..
484 1497 492 1505 .
517 1472 721 1515 reperimus
748 1471 845 1515 apud
871 1471 1068 1505 nonnullos
1094 1475 1281 1510 auctores,
1318 1473 1450 1515 quibus
1483 1471 1719 1515 eloquentiae

179 1521 216 1551 et
247 1517 460 1561 elegantiae
491 1518 631 1551 tributa
662 1521 720 1550 est
749 1517 891 1561 opinio,
923 1517 1002 1550 sine
1033 1527 1056 1549 n
1089 1517 1217 1550 littera
1242 1517 1397 1559 dietum,
1430 1518 1538 1561 quasi
1567 1518 1719 1560 attigo

180 1563 331 1607 attigis,
354 1566 397 1596 ut
419 1563 459 1597 P.
486 1563 523 1596 in
547 1562 656 1596 Medo
680 1565 756 1597 ...’
784 1562 947 1603 (medio
973 1563 1058 1598 Par.
1082 1562 1132 1604 A)
1180 1562 1273 1596 Non.
1299 1565 1385 1604 246,
1411 1565 1432 1596 3
1459 1562 1719 1604 ‘attollere,

179 1609 326 1642 afferre.
350 1608 391 1641 P.
416 1608 527 1642 Medo
555 1632 565 1642 .
586 1633 594 1641 .
614 1611 644 1641 .’
752 1607 806 1640 XI
829 1607 924 1640 Non.
948 1609 1034 1649 506,
1063 1609 1104 1641 16
1130 1608 1338 1652 ‘fulgere
1365 1613 1532 1651 correpte
1558 1619 1622 1651 pro
1649 1608 1719 1641 ful-

179 1665 266 1698 gere
369 1654 409 1688 Ρ.
434 1653 543 1687 Medo
568 1656 643 1687 ...’
737 1653 810 1686 XII
834 1653 1050 1686 Priscianus
1074 1653 1131 1687 111
1156 1664 1189 1697 p.
1215 1655 1282 1687 600
1306 1655 1347 1687 Ρ.
1374 1654 1641 1687 ‘uetustissimi
1666 1657 1720 1687 ta·

180 1710 262 1733 men
293 1699 558 1743 eomparatiuis
590 1698 862 1732 huiuscemodi’
888 1698 952 1739 (se.
978 1698 1090 1741 piior,
1118 1698 1282 1742 arduior)
1313 1702 1422 1733 ‘sunt
1445 1700 1504 1733 usi
1526 1724 1535 1734 .
1556 1724 1564 1732 .
1584 1724 1592 1732 .
1616 1700 1656 1734 Ρ.
1681 1700 1720 1732 in

182 1745 292 1779 Medo
315 1770 353 1779 ..
373 1747 404 1779 .'
435 1742 689 1788 (Pacubius
713 1745 805 1788 Reg.
830 1744 958 1777 Bamb.
975 1743 1086 1781 Halb.
1105 1744 1216 1788 sang.
1235 1745 1337 1778 Grut.
1355 1744 1511 1778 Karolir.
1571 1744 1719 1778 Medio

179 1791 270 1834 Reg.
290 1801 336 1823 m.
357 1792 374 1823 1
392 1789 498 1823 Grut.
518 1789 677 1823 Karolir.
699 1789 851 1823 mecho
869 1788 996 1832 Sang.)
1091 1789 1181 1822 XIII
1201 1790 1315 1822 Varro
1339 1790 1385 1823 de
1410 1790 1435 1824 l.
1453 1790 1496 1823 L.
1517 1791 1586 1824 VII
1610 1791 1655 1823 34
1671 1790 1719 1822 Μ.

179 1836 241 1869 ‘in
270 1835 439 1869 Medio:
472 1835 668 1869 caelitum’
701 1845 732 1868 e.
764 1845 798 1878 q.
831 1844 859 1868 s·
906 1835 1152 1868 ‘camillam
1185 1835 1248 1878 qui
1282 1835 1508 1879 glossemata
1538 1836 1718 1878 interpre-

178 1881 249 1915 tati
279 1881 453 1915 dixerunt
483 1881 766 1916 administram’
815 1878 991 1920 (Medio
1016 1881 1126 1915 Goth.
1154 1881 1276 1913 Haun.
1302 1881 1388 1917 Par
1413 1881 1434 1914 b
1467 1880 1595 1914 Medo
1620 1881 1718 1914 Flor-

182 1927 268 1960 Par.
291 1926 329 1970 a)
355 1926 505 1960 Seruius
529 1927 567 1959 in
593 1927 683 1962 Aen.
707 1925 760 1959 XI
785 1927 852 1960 543
877 1926 995 1959 ‘unde
1020 1926 1208 1969 Vergilius
1238 1926 1332 1959 bene
1359 1927 1413 1959 ait
1437 1926 1627 1960 Metabum
1653 1925 1721 1960 Ca·

180 1971 320 2006 millam
345 1972 559 2016 appellasse
584 1971 716 2013 filiam,
743 1971 889 2005 scilieet
905 1971 1054 2005 Dianae
1079 1972 1297 2007 ministram.
1329 1972 1422 2005 Nam
1448 1974 1486 2005 et
1502 1972 1543 2006 P.
1570 1972 1608 2004 in
1631 1973 1720 2005 Me-

180 2017 264 2051 dea
290 2028 384 2051 eum
416 2017 467 2051 de
491 2017 649 2052 Medea
682 2016 954 2060 loqueretur
975 2020 1050 2051 ...’
1098 2017 1238 2051 Eadem
1269 2016 1384 2051 habet
1406 2017 1617 2051 Macrobius
1642 2017 1719 2050 Sat.

180 2063 285 2107 1118,
305 2064 324 2096 7
350 2062 606 2106 (Paeubius
631 2062 733 2101 libri,
759 2063 830 2096 nisi
857 2062 952 2105 quod
978 2062 1232 2106 paehubius
1255 2062 1390 2103 Paris.)
1483 2063 1569 2096 XIV
1595 2062 1719 2097 Schol.

179 2107 309 2142 Veron.
337 2109 376 2141 in
399 2107 538 2142 AemV
562 2109 607 2142 93
631 2118 664 2152 p.
681 2109 726 2142 94
742 2108 845 2141 Keil.
871 2107 1066 2141 ‘altaria
1090 2108 1220 2141 limina
1242 2126 1284 2132 -
1310 2126 1353 2132 —
1371 2109 1412 2142 P.
1438 2108 1476 2141 in
1502 2106 1718 2151 (M)ed(o)

209 2156 262 2188 ..’
288 2152 360 2197 (sie
385 2155 482 2196 teste
507 2154 740 2188 Herrmanno
766 2153 790 2190 l.
816 2153 840 2187 l.
865 2154 995 2188 Medo
1019 2152 1157 2196 Maius)

295 2273 377 2312 227
409 2274 577 2324 pergitur
607 2284 684 2311 eam
713 2274 806 2312 libri
832 2274 975 2323 pergit,
1016 2279 1056 2311 ut
1095 2285 1172 2311 eam
1203 2274 1410 2312 Mer-cerus
1507 2273 1652 2310 baetere
1682 2276 1720 2310 in

178 2333 354 2370 lemmate
375 2331 527 2378 Bamb.,
560 2331 842 2369 commendauit
861 2331 1142 2368 Fleckeisenus
1171 2330 1295 2368 betere
1314 2333 1405 2369 libri
1499 2330 1579 2368 228
1611 2331 1720 2366 istum

184 2389 333 2426 Nonius
362 2388 459 2426 hunc
479 2388 681 2426 Diomedes
767 2398 812 2424 ne
843 2398 925 2424 eum
957 2389 1018 2437 qui
1050 2388 1199 2425 Nonius
1229 2399 1274 2425 ne
1306 2389 1387 2437 quis
1419 2388 1489 2424 uim
1521 2387 1723 2424 Diomedes

266 2444 409 2482 attollat
431 2445 579 2483 Nonius
599 2444 731 2482 attulat
752 2444 953 2482 Diomedes
1022 2455 1114 2482 neue
1137 2445 1198 2493 qui
1220 2445 1350 2494 attigat
1373 2445 1521 2482 Nonius
1608 2440 1719 2494 neue]

184 2502 267 2539 neui
298 2502 490 2539 Diomedis
517 2501 699 2549 Monac„
740 2502 843 2550 quod
870 2501 954 2538 niue
984 2504 1269 2549 interpretatur
1299 2502 1570 2551 Kiesslinyius.
1603 2511 1722 2549 neque

182 2559 266 2596 cod.
300 2558 474 2606 Scioppii
606 2556 687 2596 229
718 2557 844 2608 lingue
874 2557 1009 2596 Bamb.
1133 2557 1291 2595 bisulcae
1332 2559 1380 2596 N.
1414 2559 1543 2595 Faber
1573 2556 1720 2593 bisulcis

177 2615 289 2653 libri:
319 2626 371 2652 an
401 2614 584 2652 bisulces?
691 2614 787 2652 iactu
818 2614 866 2652 Ν.
887 2615 1019 2652 Faber
1049 2620 1131 2652 actu
1160 2615 1252 2652 libri
1372 2614 1455 2652 230
1485 2613 1719 2662 egregissima

182 2672 315 2729 ἆξαι,
352 2681 487 2710 uerum
518 2682 603 2709 esse
632 2672 724 2709 dicit
746 2671 942 2720 Berykius
961 2673 1080 2721 symb.
1113 2673 1167 2709 ad
1183 2684 1344 2721 yramm.
1367 2672 1453 2708 Lat.
1475 2671 1497 2707 1
1517 2670 1582 2707 91.
1615 2680 1720 2717 egre-

181 2731 342 2801 gisiisima
373 2751 494 2801 Sany.
607 2749 688 2788 232
723 2751 869 2789 celiium
901 2756 939 2790 et
968 2752 1085 2800 ospita
1116 2752 1224 2789 Flor.
1315 2750 1396 2787 233
1428 2748 1597 2786 exanimis
1629 2759 1719 2785 con-

178 2810 330 2845 iectura
354 2810 605 2856 periclitatus
634 2817 762 2846 eram.-
792 2817 907 2857 qu'am
938 2818 1051 2855 uere,
1083 2809 1272 2846 dubitauit
1293 2806 1491 2853 Jlauptius
1520 2807 1558 2841 in
1587 2806 1718 2842 relati.

180 2866 386 2902 menstruis
415 2865 527 2903 acad.
559 2864 735 2902 Berolin.
770 2865 878 2903 1858
903 2877 947 2913 p.
979 2864 1074 2903 664.
1107 2865 1249 2900 exanin.
1270 2862 1310 2910 (i)
1344 2863 1426 2899 cod.
1468 2866 1561 2899 teste
1591 2861 1717 2899 Herr-

181 2932 321 2959 manno
347 2922 375 2959 l.
404 2923 432 2960 l.
465 2932 508 2959 ex
538 2921 608 2958 aris
639 2926 676 2958 et
705 2921 855 2967 Maius,
888 2922 940 2959 H.
964 2922 1127 2959 Keilius.
1173 2922 1231 2957 Au
1263 2930 1306 2956 ex
1338 2919 1469 2956 nouis?
