1942 3204
219 196 272 238 70
858 199 900 238 Q.
926 196 1103 231 Emlvs

908 300 1057 343 XXXI

337 392 418 441 Qui
449 392 610 447 templa
642 391 748 433 caeli
781 394 946 433 summa
978 390 1123 433 sonitu
1155 391 1348 433 concutit

835 484 1008 527 XXXII
1039 483 1135 542 (49)

337 576 494 632 Labda
524 576 729 618 labuntur
761 576 880 631 saxa,
912 575 1157 617 caementa&-
1189 574 1358 617 eadunt.

821 668 1014 712 XXXIII
1046 667 1143 726 (68)

784 758 890 801 caeli
920 759 1118 815 ingentes
1149 758 1335 801 fornices
1381 792 1384 795 .

827 852 1018 896 XXXIV
1039 851 1136 910 (39)

220 943 305 986 375
338 943 424 986 Ciir
462 944 575 1005 quod
612 944 658 986 in
695 958 762 986 me
801 944 866 986 est
904 943 1154 986 exsecrabor
1184 943 1267 985 hoc
1306 943 1420 998 quod
1457 943 1588 999 luceb,
1633 941 1749 999 quic-

1190 1020 1292 1075 quid
1324 1020 1417 1062 est‘?

732 1108 901 1152 XXXV
935 1106 1121 1165 (XXXVI.
1156 1107 1229 1166 12)

223 1201 308 1243 378
341 1199 375 1242 F
379 1200 504 1256 bigiti
535 1197 798 1255 principium
831 1200 896 1240 est
927 1198 1090 1240 nudare
1122 1196 1235 1240 inter
1267 1198 1372 1241 ciuis
1405 1199 1596 1254 corpora».

224 1331 309 1363 huic
336 1330 432 1363 calix
458 1330 567 1363 mulsi
591 1329 836 1372 impingendus
863 1331 938 1370 est,
968 1332 1010 1361 ut
1034 1328 1178 1372 plorare
1206 1328 1369 1371 desinat,
1401 1332 1466 1362 aut
1492 1329 1632 1371 aliquid
1657 1328 1751 1362 eius-

225 1376 348 1411 modi?
396 1376 496 1408 Ecce
522 1375 591 1408 tibi
619 1385 664 1407 ex
689 1374 808 1407 altera
832 1376 939 1416 parte
965 1373 1011 1406 ab
1038 1374 1161 1407 eodem
1185 1377 1296 1416 poeta
1322 1371 1422 1418 [89]’
1454 1374 1654 1416 Thyestem
1676 1385 1751 1407 mo-

223 1422 289 1454 nui
314 1420 482 1463 intellegi
508 1424 546 1453 et
571 1431 653 1453 cum
676 1420 747 1452 inc.
773 1420 844 1452 inc.
869 1419 943 1453 fab.
962 1419 1063 1452 LVII
1083 1419 1256 1462 coniungi
1282 1430 1401 1462 posse.
1469 1419 1591 1453 XXXI
1615 1419 1751 1452 Teren-

225 1468 300 1499 tius
324 1467 420 1500 Eun.
444 1467 500 1500 111
523 1467 564 1508 5,
585 1467 628 1498 42
654 1464 841 1498 ‘tabulam
866 1464 1050 1507 quandam
1074 1465 1232 1507 pictam:
1257 1465 1311 1498 ibi
1334 1465 1456 1498 inerat
1479 1465 1623 1508 pictura
1646 1465 1751 1506 haec,

223 1512 349 1545 Iouem
376 1509 381 1554 Ι
404 1512 484 1552 Quo
509 1513 619 1554 pacto
643 1512 798 1543 Danaae
823 1510 969 1542 misisse
1001 1510 1107 1543 aiunt
1132 1510 1312 1552 quondam
1337 1511 1375 1543 in
1400 1510 1575 1553 gremium
1600 1510 1752 1543 imbrem

224 1567 385 1592 aureum.
408 1556 413 1598 l
435 1557 593 1599 Egomet
618 1566 760 1599 quoque
786 1555 825 1587 id
850 1556 1017 1598 spectare
1043 1556 1165 1598 coepi:
1193 1558 1230 1588 et
1254 1556 1340 1598 quia
1360 1555 1586 1588 consimilem
1611 1555 1752 1589 luserat

225 1602 229 1643 Ι
256 1602 335 1634 Iam
362 1602 445 1634 olim
471 1601 534 1634 ille
560 1601 705 1642 ludum,
737 1601 912 1644 inpendio
937 1601 1055 1644 magis
1085 1601 1228 1633 animus
1258 1600 1441 1643 gaudebat
1471 1601 1579 1639 mihi,
1601 1600 1607 1641 Ι
1633 1601 1752 1634 Deum

223 1658 305 1680 sese
331 1648 368 1679 in
387 1647 543 1690 pretium
561 1647 800 1686 conuertisse,
827 1649 938 1688 atque
953 1646 991 1678 in
1015 1645 1159 1679 alienas
1176 1646 1318 1688 tegulas
1340 1644 1345 1688 Ι
1365 1646 1520 1679 Venisse
1544 1645 1752 1679 clanculum

222 1703 287 1735 per
311 1692 473 1735 pluuiam
503 1692 625 1725 fucum
651 1692 792 1725 factum
810 1691 965 1724 mulieri.
987 1690 993 1732 Ι
1014 1690 1061 1723 At
1086 1701 1192 1734 quem
1219 1690 1343 1724 deum!
1370 1692 1433 1733 qui
1450 1691 1601 1735 templa’
1622 1703 1654 1725 e.
1672 1702 1704 1735 q.
1723 1701 1751 1725 S.

222 1738 392 1771 Donatus
417 1737 464 1769 ad
483 1737 507 1770 1.
529 1738 554 1770 l.
580 1738 725 1770 ‘sonitu
749 1733 928 1780 concutit]
956 1735 1134 1778 παρῳδία
1159 1736 1204 1769 de
1221 1737 1352 1770 Ennio.
1380 1736 1518 1779 templa
1536 1734 1646 1779 caeli]
1672 1747 1752 1779 sen-

223 1784 344 1816 tentia
369 1783 531 1824 tragica,
567 1782 633 1815 sed
658 1782 702 1815 de
727 1779 928 1822 industria,
954 1792 1026 1814 non
1053 1784 1203 1816 errore.’
1312 1782 1450 1814 XXXII
1477 1782 1570 1815 Non.
1598 1783 1682 1824 196,
1706 1784 1751 1815 30

223 1830 481 1861 ‘caementa
505 1853 512 1860 .
535 1853 543 1861 .
564 1853 572 1861 .
603 1827 770 1860 feminini
795 1827 935 1859 Ennius
960 1852 967 1858 .
988 1851 996 1860 .
1015 1830 1045 1860 .’
1138 1826 1299 1860 XXXIII
1322 1827 1438 1861 Varro
1464 1826 1508 1859 de
1534 1826 1557 1859 l.
1582 1827 1625 1859 L.
1651 1827 1684 1860 V
1709 1828 1750 1860 19

224 1875 274 1907 Μ.
301 1876 344 1906 ‘a
370 1873 461 1905 chao
488 1873 631 1914 choum,
658 1872 743 1905 hinc
767 1882 897 1905 cauum
922 1874 959 1904 et
983 1872 1070 1904 hinc
1096 1871 1268 1904 caelum
1369 1875 1405 1904 et
1427 1872 1567 1904 Ennius
1591 1872 1679 1904 item
1705 1872 1751 1905 ad

226 1919 481 1951 cauationem’
509 1916 536 1961 (¹¹
546 1929 593 1951 ua
616 1943 624 1951 .
639 1944 647 1951 .
662 1942 670 1950 .
694 1917 851 1950 tionem’
879 1917 995 1949 erasis
1021 1917 1138 1950 tribus
1163 1917 1299 1950 litteris
1321 1917 1436 1951 Flor.:
1461 1917 1534 1949 fuit
1559 1927 1645 1959 ergo
1670 1920 1751 1950 ‘ua-

226 1961 482 2005 stationem’):
518 1963 637 1996 ‘caeli
662 1964 685 1995 i.
713 1962 754 1995 f.’
803 1961 931 1995 Cicero
963 1962 1006 1995 de
1038 1964 1130 1995 orat.
1161 1962 1218 1995 111
1241 1964 1303 2003 40,
1328 1963 1392 1994 162
1424 1964 1515 2004 ‘quo
1545 1963 1584 1994 in
1614 1972 1750 2004 genere

226 2009 379 2051 primum
413 2012 468 2042 est
501 2007 680 2049 fugienda
713 2006 991 2040 dissimilitudo:
1025 2007 1120 2039 caeli
1150 2007 1174 2042 i.
1200 2007 1226 2040 f.
1276 2008 1486 2048 Quamuis
1517 2007 1750 2049 sphaeram

222 2054 271 2086 in
296 2064 493 2093 scenam,
523 2057 570 2085 ut
593 2053 785 2094 dicitur,
818 2051 1032 2085 attulerit
1054 2053 1244 2093 Ennius,
1278 2055 1401 2084 tamen
1432 2053 1470 2085 in
1494 2052 1653 2095 sphaera
1678 2053 1750 2086 for-

226 2100 319 2132 nicis
345 2098 546 2131 similitudo
571 2109 643 2131 non
669 2101 789 2141 potest
811 2097 960 2130 inesse.’
1009 2098 1162 2130 Derisus
1185 2098 1298 2140 igitur
1320 2097 1461 2130 Ennius
1485 2097 1659 2140 imaginis
1684 2109 1750 2130 au·

227 2144 373 2176 daciam
397 2146 439 2176 ut
464 2143 684 2176 defenderet
715 2143 853 2175 dieitur
882 2142 1075 2184 sphaeram
1092 2142 1364 2185 spectatoribus
1395 2143 1439 2175 ad
1470 2142 1750 2186 comparandum

223 2190 261 2221 in
293 2199 464 2221 scaenam
495 2187 678 2222 attulisse.
733 2188 791 2221 Cf.
823 2187 996 2220 Osannus
1026 2187 1133 2220 Anal.
1169 2189 1249 2220 crit.
1279 2198 1313 2230 p.
1346 2189 1410 2221 136
1441 2189 1671 2221 Hermannus
1701 2188 1750 2221 ad

223 2235 310 2267 Eur.
335 2235 428 2268 Hec.
454 2245 488 2276 p.
516 2235 580 2267 167
655 2233 810 2266 XXXIV
835 2231 962 2265 Cicero
989 2233 1033 2265 de
1058 2236 1133 2265 nat.
1160 2233 1257 2269 deor.
1274 2233 1310 2266 II
1326 2234 1388 2275 25,
1413 2234 1456 2266 65
1481 2233 1597 2266 ‘hunc
1621 2234 1749 2276 igitur’

226 2281 289 2321 (sc.
311 2278 448 2321 Iouem)
475 2279 653 2320 ‘Ennius,
682 2283 722 2311 ut
748 2288 857 2320 supra
882 2278 975 2319 dixi,
1010 2281 1198 2321 nuncupat
1221 2279 1278 2312 ita
1307 2278 1451 2311 dicens:
1478 2276 1577 2323 [302]
1605 2279 1750 2322 planius

225 2334 333 2366 quam
360 2324 432 2357 alio
456 2325 536 2357 loco
561 2324 676 2357 idem:
710 2334 773 2356 cur
805 2323 921 2366 quod’
948 2334 978 2356 e.
1003 2334 1037 2366 q.
1062 2334 1090 2356 s.
1131 2324 1188 2359 Cf.
1213 2325 1433 2365 Hartungus
1457 2324 1582 2366 Eurip.
1609 2327 1695 2358 rest.
1711 2325 1750 2358 II

225 2371 278 2403 53.
325 2371 500 2403 Fortasse
526 2369 738 2412 Melanippa
762 2369 868 2401 dixit.
972 2369 1109 2404 XXXV
1136 2369 1264 2402 Cicero
1291 2369 1399 2403 Tuae.
1426 2368 1519 2412 disp.
1544 2370 1595 2402 IV
1619 2372 1679 2412 33,
1708 2371 1749 2403 70

227 2414 342 2447 ‘bene
368 2425 455 2457 ergo
479 2415 636 2448 Ennius:
662 2414 800 2457 flagiti’
826 2425 856 2448 e.
884 2425 915 2456 q.
943 2424 971 2446 s.

339 2569 426 2607 372-
452 2565 592 2619 sonitu]
625 2575 716 2606 nutu
748 2568 1007 2617 ‘elegantius'
1031 2571 1184 2606 uidetur
1205 2570 1380 2606 Bentleio
1468 2569 1548 2606 373
1580 2568 1748 2606 labuntur

227 2628 309 2663 edd.
341 2625 556 2663 lababuntur
583 2627 676 2663 libri
767 2631 968 2663 caementae
998 2627 1134 2663 Iunius
1164 2631 1344 2662 caementa
1372 2625 1461 2663 libri
1573 2625 1653 2663 375
1685 2638 1749 2663 cur

226 2684 321 2732 Rey.
356 2683 516 2722 Cantab.
547 2683 604 2718 eui
635 2685 765 2730 optimi
791 2684 882 2720 libri
911 2683 971 2731 qui
1003 2683 1210 2720 Gulielmus
1291 2682 1401 2733 Dur?
1432 2681 1529 2731 quod
1561 2709 1570 2718 .
1605 2710 1612 2718 .
1648 2710 1655 2718 .
1689 2694 1747 2719 ex-

227 2739 395 2776 secrabor
425 2740 610 2776 Dam'sius
716 2740 773 2775 cui
805 2768 812 2775 .
847 2768 854 2775 .
889 2767 896 2775 .
930 2738 1142 2776 exsecrabor
1172 2739 1462 2777 Schoemannus
1496 2740 1593 2775 idem
1624 2740 1751 2777 uideri

227 2832 316 2867 dicit
338 2829 523 2878 quod‘cui
544 2857 553 2866 .
577 2858 584 2866 .
608 2857 615 2865 .
649 2828 864 2866 consecrabo
922 2867 937 2877 ,
976 2831 1044 2866 hoc
1075 2841 1147 2878 quo
1171 2830 1376 2867 Gulielmus
1460 2809 1543 2879 lilcet
1573 2811 1746 2880 quidquid

228 2892 284 2922 est
313 2885 431 2933 (corr.
465 2887 594 2923 eadem
625 2885 688 2932 m.)
730 2887 836 2923 Vinci.
952 2886 1032 2923 378
1064 2886 1190 2935 flagitii
1221 2887 1315 2924 Gud.
1348 2886 1442 2934 Req.
1475 2887 1603 2924 Brux.
