1942 3204
828 226 872 268 Q.
898 225 1080 261 eumve
1667 223 1724 267 69

705 330 878 376 XXVII
911 330 1093 390 (Telam.
1116 329 1191 389 12)

299 409 388 463 Qui
415 411 483 454 sui
514 413 717 467 quaestus
749 413 880 453 eausa
909 410 1033 453 fictas
1065 410 1278 453 suscitant
1308 410 1547 453 sententias

807 487 1003 532 XXVIII
1033 485 1102 545 (9)

181 567 269 612 365
301 564 352 611 Ss
379 567 500 611 uoles
532 566 760 611 adu6rtere
790 566 1001 623 animum,
1032 566 1212 610 c6miter
1242 566 1568 611 monstrubitur.

809 649 958 693 XXIX
993 648 1091 709 (13)

301 764 310 774 .
340 730 491 786 h6m0‚
523 728 597 785 qui
628 728 791 772 erranti
821 728 1001 771 e6mjter
1031 729 1216 772 mostrzit
1246 729 1382 785 uiam,

300 808 432 860 Quasi
463 809 610 851 himen
641 806 694 849 de
726 821 804 849 suo
835 806 999 849 lumine
1031 807 1257 864 accendat,
1288 807 1410 850 facit:

299 886 450 930 Nihil6
483 885 627 929 minus
658 884 743 942 ipsi
773 884 907 941 hicet,
938 898 1036 927 eum
1066 885 1131 928 illi
1163 885 1418 928 accenderit.

759 973 886 1017 XXX
919 971 1044 1032 (Hee.
1068 972 1143 1032 12)

300 1090 308 1099 .
342 1090 350 1098 .
383 1089 392 1098 .
425 1055 500 1111 pol
531 1052 642 1097 mihi
672 1053 851 1097 fortuna
881 1053 1021 1110 magis
1053 1068 1169 1096 nune
1201 1053 1306 1096 defit
1336 1053 1467 1109 quem
1498 1066 1649 1109 genus.

179 1134 267 1178 370
296 1132 496 1189 Namque
528 1146 712 1190 regnum
744 1131 1003 1188 suppetebat
1033 1132 1111 1188 mi,
1143 1134 1193 1174 lit
1224 1131 1334 1174 scias
1367 1132 1531 1187 quanto
1559 1131 1582 1173 e
1612 1131 1723 1186 loeo,

298 1211 482 1263 Quantis
514 1210 688 1268 opibus,
726 1207 885 1266 qusbus
917 1209 969 1253 de
1000 1210 1129 1254 rebus
1166 1209 1290 1266 laipsa
1326 1209 1505 1253 fortuna
1542 1207 1723 1251 occidat.

178 1343 293 1387 Atqui
317 1343 412 1377 dixit
436 1342 572 1377 Accius
596 1366 605 1375 .
625 1366 633 1375 .
655 1344 684 1374 .’
721 1340 926 1384 Amyntora
948 1341 988 1374 in
1013 1341 1201 1375 Phoenice
1232 1339 1363 1374 fabula
1394 1340 1464 1374 hoe
1494 1339 1570 1373 filio
1602 1340 1722 1383 inpre-

179 1391 259 1424 cari
291 1389 456 1423 coniecit
485 1387 671 1432 Bergkius
700 1397 793 1423 mus.
824 1387 942 1421 Rhen.
974 1388 1062 1421 1835
1092 1398 1129 1431 p.
1154 1389 1198 1422 73
1224 1386 1384 1420 conlatis
1415 1386 1570 1420 Homeri
1600 1385 1643 1421 Il.
1669 1385 1724 1418 IX

179 1436 247 1470 455
270 1434 394 1469 uerbis
418 1428 471 1478 μή
501 1444 599 1468 ποτε
650 1429 814 1468 ου’νασιν
838 1429 940 1467 οἷσιν
968 1427 1209 1477 ἐφέσσεσθαι
1240 1432 1356 1476 φίλον
1381 1427 1470 1466 υἱὸν
1491 1425 1552 1473 Ἐξ
1579 1426 1723 1475 ἐμέθεν

178 1480 367 1528 γεγαῶτα.
452 1479 593 1513 XXVII
617 1444 749 1513 gicero
776 1479 821 1512 de
847 1478 922 1512 diu.
946 1479 966 1512 Ι
982 1480 1045 1521 40,
1070 1479 1115 1512 88
1141 1482 1274 1522 ‘atque
1300 1479 1414 1512 etiam
1440 1480 1528 1511 ante
1553 1477 1620 1510 hos
1636 1476 1724 1509 Am-

179 1527 359 1572 phiaraus
390 1528 428 1560 et
451 1525 640 1568 Tiresias,
671 1535 746 1558 non
775 1524 931 1558 humiles
957 1528 995 1558 et
1019 1524 1168 1558 obscuri
1194 1534 1315 1568 neque
1342 1534 1467 1558 eorum
1491 1522 1648 1563 similes,
1682 1525 1724 1556 ut

179 1572 280 1617 apud
303 1572 463 1605 Ennium
488 1574 546 1605 est
575 1596 582 1604 .
603 1596 611 1604 .
633 1571 664 1605 .’
710 1570 755 1603 In
777 1570 978 1603 Telamone
1002 1573 1088 1614 post
1111 1581 1146 1603 u.
1171 1571 1239 1604 274
1269 1570 1384 1603 inseri
1407 1569 1608 1602 uoluerunt
1630 1567 1722 1601 Vos-

180 1619 256 1652 sius
282 1621 319 1652 et
341 1618 588 1651 Hermannus.
710 1615 870 1649 XXVIII
894 1617 1012 1650 Varro
1044 1615 1090 1649 de
1121 1615 1146 1648 1.
1177 1615 1221 1648 L.
1247 1615 1318 1650 VH
1347 1616 1391 1649 89
1417 1616 1465 1648 M.
1497 1613 1618 1658 <apud
1649 1614 1724 1646 En-

179 1664 298 1698 nium:
323 1663 376 1696 si’
401 1673 436 1697 e.
462 1673 496 1707 q.
522 1673 550 1699 s,
591 1661 818 1695 ‘comiter-2
850 1660 970 1695 hilare
1002 1671 1047 1695 se
1077 1660 1276 1695 lubenter.’
1317 1661 1367 1694 Et
1399 1660 1469 1694 hoe
1493 1663 1531 1693 et
1564 1669 1722 1702 sequens

181 1709 224 1745 fr.
245 1720 291 1743 ex
314 1708 480 1752 Telepho
506 1710 629 1751 potest
654 1709 864 1751 excerptum
888 1716 983 1740 esse.
1082 1706 1206 1740 XXIX
1231 1706 1361 1740 Cicero
1388 1705 1434 1740 de
1459 1705 1520 1740 off.
1546 1706 1566 1740 Ι
1591 1705 1646 1747 16,
1674 1706 1719 1738 51

180 1755 362 1789 ‘omnium
392 1757 517 1788 autem
549 1753 757 1786 communia
787 1752 973 1786 hominum
1002 1752 1177 1786 uidentur
1212 1763 1275 1795 ea,
1315 1762 1410 1796 quae
1450 1753 1536 1784 sunt
1571 1751 1721 1794 generis

178 1801 277 1891 {322’
308 1799 420 1889 {233}
437 1797 1343 1878 ”23332053‘3ffi52221“123325202‘2350‘3222
1369 1795 1722 1875 ΞῗηἻῗέξῖἳῃΡξὲἰῗ

178 1902 303 1926 eorum
327 1895 468 1930 autem,
494 1891 557 1933 qui
580 1890 639 1924 his
663 1868 816 1932 egeant,
842 1855 988 1922 illffinita
1006 1891 1063 1922 est
1079 1854 1294 1930 gultitgdm
1321 1853 1487 1931 uulgaffis
1504 1866 1721 1921 liberalitas,

178 1936 378 1972 referenda
401 1939 459 1970 est
483 1936 531 1969 ad
554 1935 659 1969 illum
683 1935 796 1968 Ennii
818 1934 942 1968 finem:
969 1934 1114 1968 nihilo
1139 1935 1284 1967 minus
1309 1934 1399 1977 ipsi
1425 1933 1579 1967 lueet.'
1619 1931 1722 1965 Idem

178 1994 244 2027 pro
267 1981 385 2017 Balbo
412 1983 472 2024 16,
497 1983 542 2016 36
566 1985 714 2015 ‘eomes
738 1981 911 2024 benigni,
942 1980 1094 2022 faciles,
1129 1990 1262 2014 suaues
1288 1980 1454 2013 homines
1480 1988 1561 2012 esse
1589 1978 1721 2011 dicun·

179 2031 256 2063 tur:
288 2028 363 2072 qui
388 2027 563 2061 erranti
589 2027 776 2061 comiter
801 2029 1026 2060 monstrat
1050 2026 1187 2068 uiam,
1218 2025 1397 2069 benigne,
1430 2035 1502 2058 non
1528 2026 1717 2068 grauate?

268 2073 372 2107 XXX
396 2072 526 2107 Cicero
551 2074 662 2107 Tuse.
687 2072 780 2116 disp.
805 2071 862 2105 111
879 2073 941 2114 19,
966 2073 1012 2105 44
1037 2070 1304 2116 ‘quaerendum
1328 2071 1460 2114 igitur,
1485 2069 1721 2113 quemadmo-

179 2119 264 2154 dum
293 2118 528 2164 aegritudine
560 2119 747 2162 priuemus
778 2127 880 2160 eum,
913 2118 977 2161 qui
1007 2118 1062 2151 ita
1093 2117 1211 2152 dieat:
1246 2116 1328 2161 pol’
1362 2127 1393 2151 e.
1428 2126 1462 2159 q.
1495 2126 1523 2149 s.
1576 2115 1720 2157 ‘Quidi’

293 2262 376 2303 364
406 2263 519 2302 factas
549 2263 731 2303 suscitam,
752 2262 906 2300 Vindob.
930 2274 977 2300 m.
994 2274 1061 2310 pr.
1151 2261 1233 2300 366
1266 2266 1306 2298 ut
1335 2261 1446 2298 homo
1467 2261 1592 2298 Basil.
1617 2260 1721 2298 Oehl.

181 2322 352 2360 Iambice
390 2319 500 2358 homo
531 2321 700 2358 Ennium
737 2321 799 2357 uel
839 2321 956 2357 semel
989 2320 1201 2367 protulisse
1238 2330 1314 2356 non
1354 2319 1482 2356 credo.
1599 2317 1721 2354 comiti

180 2378 302 2427 (corr.
335 2389 389 2416 ex
418 2376 583 2424 comiter)
614 2377 789 2415 Ambros.
819 2376 1061 2414 communiter
1091 2376 1214 2413 Ber-n.
1248 2387 1270 2413 c
1300 2372 1370 2424 (cf.
1399 2387 1474 2423 pro
1497 2373 1636 2419 Balbo)

181 2439 335 2473 mostrat
372 2436 466 2472 uiam
496 2434 670 2472 Ambros.
713 2434 833 2471 Bern.
867 2434 889 2470 b
927 2438 1105 2471 monstrat
1142 2434 1235 2470 uiam
1266 2433 1467 2480 Herbipol.
1500 2431 1623 2469 Bern.
1666 2442 1721 2468 ac

182 2493 275 2529 uiam
307 2496 484 2529 monstrat
515 2492 651 2529 Bamb.
690 2495 894 2528 monstrant
933 2490 1026 2527 uiam
1059 2502 1135 2538 pro
1166 2490 1291 2527 Balbo
1323 2489 1516 2527 Gemblac.
1638 2487 1718 2525 367

182 2549 285 2598 quasi
325 2548 447 2586 lumen
484 2548 528 2586 de
565 2558 633 2585 suo
672 2547 806 2585 lumine
839 2549 930 2585 libri
966 2549 1115 2596 optimi,
1152 2547 1429 2584 Lachmannus
1458 2548 1496 2583 in
1526 2546 1644 2582 Lucr.
1677 2544 1725 2581 II

181 2605 261 2643 719
295 2605 398 2655 quasi
428 2604 473 2642 de
502 2616 570 2643 suo
601 2604 735 2642 lumine
764 2604 887 2642 lumen
922 2604 1040 2642 Rern.
1074 2615 1096 2642 c
1129 2603 1235 2642 Oelzl.
1344 2602 1425 2640 368
1458 2601 1554 2651 qnod
1595 2600 1720 2637 nichil-

181 2662 324 2700 ominus
355 2662 478 2699 Bern.
510 2673 533 2700 c
570 2667 611 2699 ut
649 2661 782 2699 nichilo
820 2662 938 2698 minus
972 2660 1078 2699 Oelzl.
1119 2666 1159 2698 ut
1196 2659 1309 2697 nihilo
1348 2660 1466 2695 minus
1498 2659 1621 2695 Basil.

181 2718 253 2768 ipsi
286 2719 385 2756 lucet
417 2719 510 2757 libri
541 2718 664 2768 infra.
695 2719 765 2768 ipsi
802 2718 920 2756 luceat
956 2729 1079 2766 supra
1120 2718 1294 2755 Ambros.
1339 2715 1475 2752 Bamb.
1517 2715 1717 2760 Herbipol.

182 2775 304 2814 Bern.
335 2777 389 2814 bc
419 2776 488 2825 ipsi
519 2781 560 2813 ut
590 2775 709 2814 luceat
728 2775 849 2813 Bern.
871 2788 895 2812 α
926 2781 967 2812 ut
997 2775 1064 2824 ipsi
1096 2774 1214 2811 luceat
1235 2775 1329 2821 Req.
1354 2773 1451 2809 Lall.
1559 2771 1642 2808 370
1672 2771 1718 2806 mi

185 2833 340 2871 Grotius
369 2832 471 2871 Bibe.
504 2835 590 2870 crit.
622 2844 712 2870 nou.
744 2833 810 2870 IV
837 2832 923 2869 mihi
952 2833 1044 2869 libri
1149 2831 1227 2868 371
1262 2830 1352 2866 lassa
1387 2828 1491 2865 Vinci.
1525 2840 1548 2863 a
1570 2827 1673 2864 Mon.
1697 2827 1719 2864 b

269 2889 410 2927 occidat
430 2889 554 2927 Rekd.
587 2889 695 2927 Vina.
729 2902 753 2927 a
775 2889 879 2927 Mon.
913 2902 955 2936 a,
989 2891 1158 2937 quinque
1182 2887 1304 2924 Oxou.
1338 2884 1473 2922 accidat
1502 2886 1598 2922 Gud.
1621 2884 1717 2932 Rey.

185 2946 288 2983 Puta.
321 2945 443 2984 Ber-n.
475 2948 561 2993 alii,
595 2947 699 2995 quod
722 2950 887 2994 propter
917 2958 952 2983 u.
985 2944 1067 2984 206
1098 2950 1249 2982 mutare
1279 2943 1493 2980 nolueram.
