1942 3204
735 199 1089 238 COROLLARIVM
1567 205 1683 241 XLIII

147 308 403 366 interposita
440 309 571 352 fuisse
610 313 839 367 nequeunt.
909 311 1060 368 Itaque
1100 311 1370 369 Dulorestem
1409 329 1578 371 quoque
1617 330 1679 357 sa—

145 382 288 425 turam
320 379 529 424 Varronis
568 381 698 424 fuisse
737 385 983 426 statueram.
1051 382 1214 426 Contra
1252 383 1537 428 Buechclcrus
1575 401 1681 429 mus.

146 453 282 497 Rhen.
303 452 382 495 XX
414 453 501 495 403
534 453 578 495 111
606 452 836 510 Agathone
858 453 1098 498 Dulorestis
1125 454 1393 498 Pacuvianac
1420 457 1681 504 mentionem

146 525 305 569 factam
350 538 442 567 esse
484 524 669 580 monuit,
713 526 826 582 quod
870 541 958 569 non
1001 540 1132 583 nego,
1175 529 1321 570 tamen
1359 530 1407 570 ut
1444 529 1682 583 verborum,

145 611 255 653 quae
281 595 503 639 ariolando
528 597 770 652 proposuit,
795 597 952 640 ‘caedis
980 598 1195 654 piaculum
1220 598 1362 655 ipsum
1388 599 1515 642 deum
1535 615 1680 655 parem

145 669 260 721 cum]
293 666 521 711 Duloreste
554 669 627 725 qui
658 669 847 725 meritat‚
879 669 1098 712 hominem
1130 672 1174 712 et
1205 680 1375 714 servum
1407 671 1530 714 facit’
1565 673 1679 728 cqui-

144 739 240 783 dem
273 754 352 782 nec
389 741 648 784 structuram
684 755 764 783 nec
802 755 976 784 sensum
1015 742 1237 798 adsequar.
1300 741 1518 786 Nimirum
1550 743 1679 799 Apol-

143 810 294 867 linem,
325 810 399 867 qui
430 810 542 867 apud
570 810 803 856 Admetum
833 812 975 855 caedis
1006 813 1190 868 piandae
1222 829 1352 857 causa
1383 815 1551 870 meruit,
1583 831 1679 858 cum

144 882 294 926 Oreste
314 881 560 926 Pacuviano
579 884 730 927 matris
756 884 1028 927 interfectore
1052 885 1251 941 componi
1278 886 1470 941 potuisse
1496 887 1600 930 dicit
1618 887 1682 929 vir

145 954 431 997 amicissimus
461 954 638 1014 infelici,
670 957 718 997 ut
743 956 913 1013 opinor,
945 945 1278 1012 comparatione.
1317 957 1466 1001 Vanae
1492 959 1681 1015 vilesque

146 1028 248 1069 sunt
283 1025 491 1082 Popmae,
536 1027 609 1083 qui
646 1042 725 1083 pro
762 1027 980 1071 Duloreste
1017 1028 1189 1085 scripsit
1226 1028 1390 1078 δοῦλος
1424 1025 1538 1083 ’ἔρως
1570 1027 1680 1082 ἐστι’,

144 1100 188 1139 et
224 1095 443 1140 Duebneri
482 1095 955 1153 (δουλοπρεπέστερον)
997 1102 1040 1142 et
1077 1114 1204 1157 quem
1242 1100 1411 1143 Riesius
1450 1116 1489 1156 p.
1521 1102 1580 1144 95
1618 1117 1678 1143 sc—

143 1170 268 1211 cutus
300 1171 367 1211 est
396 1168 568 1212 Oehleri
607 1167 958 1223 (δουλοπρεπῶς)
991 1171 1272 1214 coniecturae.
1335 1172 1387 1214 In
1424 1173 1529 1228 ipsis
1568 1174 1678 1229 frag-

144 1240 279 1283 menti
310 1241 452 1284 verbis
482 1242 557 1296 qui
586 1242 753 1284 meritat
782 1240 939 1297 Faber,
969 1256 1012 1286 se
1042 1258 1120 1299 pro
1146 1242 1424 1299 et'Naekius3
1455 1246 1528 1299 qui
1559 1248 1682 1287 meret

141 1312 278 1364 honlo,
319 1326 362 1356 se
403 1327 564 1357 servum
604 1314 709 1367 facit
745 1313 859 1368 apud
897 1313 1137 1357 Mercerum
1184 1315 1248 1358 vir
1292 1315 1442 1359 doctus
1487 1316 1679 1358 coniecit.

144 1382 425 1428 scribendum
456 1385 590 1442 igitur
619 1385 807 1428 videtur:

388 1503 396 1511 .
425 1503 434 1512 .
466 1469 539 1526 qui
570 1471 722 1525 meret,
754 1484 805 1511 ex
837 1469 1011 1512 homine
1043 1486 1088 1513 se
1121 1474 1293 1513 sennim
1326 1471 1428 1513 facit

143 1553 228 1596 nisi
259 1553 403 1609 potius
436 1553 704 1608 septenarius
741 1552 823 1595 fuit

216 1623 294 1680 qui
323 1626 475 1679 meret,
506 1639 557 1666 ex
588 1623 762 1666 homine
794 1624 929 1667 libero
961 1625 1181 1668 hominem
1214 1641 1258 1668 se
1291 1629 1462 1668 seruum
1494 1627 1607 1669 facit.

262 1706 314 1750 V.
351 1708 445 1751 182.
508 1706 677 1751 Cretica
713 1707 831 1750 verbi
867 1708 961 1761 fieri
998 1711 1047 1751 ut
1077 1724 1114 1751 v.
1152 1711 1234 1753 180
1272 1725 1472 1753 mensura
1513 1714 1679 1754 mutato

147 1778 295 1821 ordine
327 1779 528 1822 efficitur:

485 1852 615 1904 [eam]
648 1848 745 1893 fieri
775 1850 1003 1894 Tundzireo
1035 1853 1339 1895 contumeliam

261 1922 314 1965 V.
338 1923 432 1966 186.
476 1921 528 1964 In
554 1919 697 1964 Nonio
718 1921 915 1965 Leidensi
940 1938 981 1966 11.
1006 1924 1089 1966 116
1108 1924 1478 1980 οἰῑῳαιέτιναοσίαηι
1503 1925 1678 1982 legitur:

144 1994 351 2050 scriptum
381 1994 515 2051 igitur
544 1993 783 2054 bracchium
807 1994 947 2037 fuerat
977 1996 1197 2038 uraccium.

262 2076 314 2120 V.
334 2078 413 2120 191
437 2093 528 2134 sqq.
548 2078 759 2133 repotialis
777 2078 904 2122 Liber
924 2079 960 2121 si
979 2094 1025 2122 re
1044 2094 1144 2122 vera
1164 2080 1336 2136 scripsit
1349 2079 1572 2136 Pacuvius,
1591 2097 1678 2123 non

144 2164 240 2192 cum
267 2148 527 2192 Buechelero
559 2149 707 2192 vinum
739 2150 963 2208 intellego,
995 2166 1080 2208 quo
1111 2152 1446 2195 lactematerno
1478 2153 1678 2208 depulsus

143 2220 288 2263 infans
326 2220 440 2276 apud
478 2219 666 2263 Thraces
697 2221 888 2264 imbutus
922 2222 978 2265 sit
1010 2221 1115 2279 (quo
1153 2223 1268 2267 enim
1311 2224 1401 2266 iure
1445 2224 1544 2266 talis
1588 2239 1677 2266 mu—

142 2291 251 2334 tatio
282 2292 493 2347 repotialis
523 2291 652 2335 Liber
683 2292 962 2352 diceretur?),
1004 2295 1078 2337 sed
1115 2295 1258 2351 ipsum
1289 2296 1411 2338 lactis
1443 2296 1677 2338 nutrimen-

143 2365 253 2418 tum,
291 2363 405 2420 quod
442 2363 488 2406 in
519 2364 671 2407 matris
703 2364 838 2408 vicem
871 2365 1013 2409 Iliona
1050 2366 1172 2409 fratri
1210 2367 1366 2422 pusillo
1405 2383 1482 2409 sua
1520 2367 1680 2410 scilicet

144 2449 332 2477 mamma
362 2435 607 2491 praebebat.
670 2434 784 2480 Nam
822 2437 947 2480 lactis
982 2453 1151 2494 quoque
1183 2440 1332 2481 auctor
1363 2438 1556 2482 Bacchus
1590 2439 1681 2492 fuit,

144 2506 263 2548 cuius
296 2507 355 2549 rci
382 2521 546 2550 memor
575 2506 783 2551 Horatius
820 2523 947 2551 carm.
979 2509 1023 2552 II
1059 2510 1131 2564 19,
1162 2510 1188 2551 9
1222 2510 1392 2552 cecinit:

501 2590 567 2633 fas
598 2591 839 2647 pervicaces
872 2595 938 2636 est
969 2593 1075 2636 mihi
1107 2591 1321 2648 Thyiadas

500 2662 672 2719 vinique
704 2663 887 2720 fontem,
919 2665 1039 2708 lactis
1069 2668 1107 2707 et
1135 2665 1274 2708 uberes

500 2737 668 2777 cantare
698 2736 806 2779 rivos
837 2738 965 2792 atque
996 2736 1159 2778 truncis

620 2807 744 2863 lapsa
775 2807 890 2850 cavis
921 2807 1077 2851 iterare
1109 2807 1247 2849 mella.

146 2885 209 2928 Cf.
255 2890 475 2942 praeterea
516 2888 736 2945 Euripidis
780 2890 933 2934 Bacch.
972 2891 1057 2933 699
1097 2905 1188 2947 sqq.
1264 2889 1393 2931 Initio
1438 2889 1674 2932 sentcntiae
