1942 3204
345 207 498 242 XXVII-I
846 244 848 247 ,
932 206 957 241 C
964 199 1281 241 OROLLARIVM

349 316 609 358 comicorum
647 316 838 370 exempla
869 329 1101 357 memorem
1134 312 1206 370 (cf.
1237 314 1461 356 Ritschelii
1490 316 1650 371 proleg.
1670 313 1865 372 CCXVI)

347 401 384 427 v.
418 387 501 428 327
541 386 601 428 ‘in
645 386 868 440 frontem'3
911 400 989 427 1100
1032 385 1168 427 multo
1212 385 1349 426 lenior
1392 385 1661 439 choriambus
1703 401 1741 428 v.
1779 384 1866 428 ’175

356 459 413 499 ‘et
443 457 644 512 111οᾶ100’,
687 458 762 498 aut
798 455 918 498 Accii
953 456 1033 498 127
1073 455 1239 497 ionicus
1278 455 1527 497 ‘abeuntes'
1589 456 1751 499 Tamen
1781 471 1866 498 me-

349 527 568 570 morabilis
600 529 644 569 et
673 527 855 569 fortasse
886 541 987 568 vera
1017 525 1269 568 Buecheleri
1301 526 1560 568 coniectura:

436 599 572 654 egone
603 599 767 653 plectar
800 597 912 652 quod
944 599 992 639 tu
1023 611 1190 652 peccas:
1222 595 1291 638 tui
1319 597 1463 639 delicti
1493 611 1572 654 ego
1605 598 1789 654 arguar?

463 668 516 711 V.
551 669 645 711 197.
706 668 941 723 Postquam
977 667 1131 710 Naevii
1168 683 1204 710 v.
1246 668 1298 709 19
1337 670 1380 710 et
1415 667 1472 710 43
1517 668 1695 723 correxi,
1737 668 1866 710 etiam

346 755 396 782 ex
433 739 565 782 Ennii
597 739 785 794 reliquiis
825 738 999 781 diiambi
1037 739 1082 780 in
1114 739 1378 780 senariorum
1419 739 1534 780 exitu
1570 739 1769 781 videntur
1798 754 1865 781 ex—

346 810 532 865 pellendi
565 824 667 852 esse.
729 809 871 865 Atque
909 809 1009 851 huic
1046 824 1083 851 v.
1119 810 1199 851 197
1240 809 1433 865 quamyis
1475 810 1617 864 aliqua
1651 809 1704 851 ab
1735 809 1866 851 inter-

345 881 578 935 punctione
603 881 728 923 venia
754 883 943 937 petatur,
967 882 1114 922 tamen
1138 880 1254 922 haud
1280 880 1502 936 inelegans
1527 880 1737 922 medelam
1761 879 1865 922 haec

347 951 503 993 adferri
539 951 655 992 licet:
1113 942 1115 944 ¹

606 1022 752 1076 plebes
783 1023 829 1063 in
860 1022 942 1064 hoc
972 1023 1063 1078 regi
1096 1022 1277 1064 antistat
1302 1038 1310 1063 :
1335 1023 1479 1077 large
1509 1022 1609 1063 licet

605 1092 828 1134 lacrimare
859 1092 993 1148 plebi,
1024 1081 1116 1148 regi
1146 1093 1326 1135 honeste
1358 1093 1448 1134 n6n
1477 1093 1598 1148 licet,

346 1166 394 1206 ut
438 1164 548 1218 largye
585 1163 785 1205 adverbio
823 1163 1036 1205 redditum
1075 1163 1131 1205 sit
1168 1162 1386 1218 Euripidis
1423 1163 1528 1205 illud
1568 1160 1742 1217 ῥᾳδίως.
1813 1162 1867 1205 111

346 1250 383 1277 v.
415 1235 519 1289 297,
558 1234 630 1289 qui
667 1234 787 1275 nulla
825 1234 1040 1289 ceteroqui
1078 1234 1343 1288 corruptelae
1382 1234 1622 1289 suspicione
1661 1233 1867 1289 tangitur,

346 1305 633 1348 Buechelerus
670 1305 827 1361 corrigi
863 1305 982 1347 iubet
1010 1305 1210 1359 parvitat
1237 1307 1364 1358 putat
1393 1298 1508 1346 conl.
1543 1303 1686 1346 Plauti
1715 1303 1866 1346 Pseud.

345 1377 431 1419 486
465 1379 508 1418 et
538 1371 794 1418 11101·οᾏ649.
854 1375 920 1418 De
952 1376 1035 1418 alio
1067 1375 1251 1418 frustulo
1284 1390 1322 1417 v.
1354 1375 1437 1417 397
1471 1375 1566 1417 vide
1597 1375 1721 1417 infra.

464 1435 520 1489 Vss
539 1447 622 1489 201
650 1446 894 1502 nuperrime
913 1445 1137 1488 Vahlenus
1167 1446 1212 1488 in
1239 1446 1403 1501 ephem.
1424 1460 1567 1502 gymn.
1586 1445 1731 1490 Austr.
1754 1445 1863 1488 1871

346 1535 385 1573 p.
418 1517 475 1560 25
508 1533 568 1572 sq.
601 1517 792 1559 defendit
822 1518 1026 1559 traditam
1057 1517 1312 1572 scripturam

383 1588 496 1644 quod
529 1590 594 1630 est
625 1590 724 1630 ante
756 1588 885 1643 pedes
916 1588 1031 1630 ne'mo
1063 1591 1229 1642 spectat,
1261 1581 1366 1630 caeli
1399 1589 1644 1630 scrutantur
1674 1588 1836 1644 plagas.

331 1653 437 1702 'Nec
468 1658 646 1714 negabit
676 1658 902 1713 quisquam
933 1661 976 1701 et
1000 1659 1156 1701 Latina
1186 1659 1292 1701 haec
1316 1659 1446 1701 verba
1471 1673 1561 1700 esse
1594 1660 1637 1700 et
1665 1658 1712 1700 in
1741 1673 1866 1701 versu

347 1731 406 1773 sic
437 1729 615 1773 formari
652 1729 855 1784 potuisse.
918 1728 1000 1772 Sed
1030 1729 1199 1772 Ennius
1230 1731 1329 1785 post
1359 1745 1427 1784 ea,
1459 1744 1566 1784 quae
1598 1730 1867 1785 antecedunt,

344 1817 449 1844 num
487 1801 547 1843 sic
586 1801 754 1842 locutus
795 1800 850 1842 sit
881 1800 1003 1843 valde
1038 1801 1199 1844 dubito.
1266 1799 1379 1842 Nam
1411 1799 1646 1842 Calchanta
1676 1799 1866 1842 Achilles

345 1872 500 1927 carpit,
542 1871 658 1913 hunc
702 1871 1016 1927 astrologorum
1062 1871 1186 1926 signa
1227 1871 1274 1913 in
1317 1871 1433 1913 caelo
1478 1871 1703 1917 observare
1747 1871 1865 1913 dicit:

344 1943 488 1998 potuit
529 1942 654 1984 facile
697 1941 799 1983 111110
843 1942 896 1983 ad
938 1942 1185 1984 universum
1227 1943 1374 1984 vatum
1426 1955 1560 1997 genus
1603 1941 1865 1984 irridendum

343 2013 545 2068 transire,
576 2011 718 2053 minus
749 2012 873 2054 facile
905 2003 1204 2067 meo'quidem
1235 2027 1362 2055 sensu
1392 2012 1454 2054 ita
1484 2012 1685 2068 transire,
1724 2014 1773 2054 ut
1801 2012 1864 2054 in-

345 2085 505 2140 ciperet
531 2098 555 2124 a
581 2082 811 2138 negatione
838 2096 954 2126 nemo
984 2098 1074 2125 non
1105 2083 1250 2125 addita
1282 2083 1449 2139 generis
1457 2117 1468 2138 ⁷
1499 2098 1581 2138 quo
1612 2083 1718 2125 illud
1748 2097 1864 2138 spec-

343 2158 435 2197 tare
461 2155 607 2209 vellet,
639 2153 963 2209 significatione.
1008 2154 1101 2204 Quo
1123 2154 1285 2196 accedit
1311 2156 1378 2196 sat
1402 2167 1531 2210 grave
1555 2153 1717 2196 Donati
1747 2154 1864 2196 testi—

343 2226 553 2281 monium,
592 2224 665 2280 qui
703 2238 753 2266 ex
790 2225 1042 2281 pervulgato
1075 2224 1270 2268 Achillae
1309 2225 1370 2266 ‘in
1406 2225 1646 2280 physicum’
1680 2222 1788 2281 (non
1818 2224 1864 2266 in

343 2294 564 2353 physicos)
597 2295 710 2337 dicto
750 2310 1009 2350 quamquam
1046 2296 1316 2351 glossematis
1355 2298 1500 2351 aperte
1537 2297 1754 2350 corrupta,
1791 2294 1864 2337 sed

346 2367 554 2424 singulari
586 2367 699 2408 certe
729 2380 908 2408 numero
933 2380 1016 2409 now.
1039 2367 1152 2409 uidet
1181 2369 1224 2409 et
1252 2370 1460 2410 scrutatur
1489 2366 1647 2408 laudat.
1684 2365 1746 2408 Ut
1775 2380 1865 2408 non

344 2442 435 2480 tam
469 2439 553 2480 1100
583 2437 803 2492 paeniteat
834 2437 946 2492 quod
977 2437 1201 2480 inventum
1233 2453 1262 2496 a·
1287 2436 1562 2479 Fleckeiseno
1599 2450 1732 2478 noenu
1768 2451 1863 2491 pro-

343 2509 463 2564 bavi,
507 2522 635 2562 quam
673 2507 786 2562 quod
829 2508 1037 2562 pluralem
1078 2508 1304 2550 verborum
1347 2507 1588 2563 flagitatum
1625 2507 1678 2547 ab
1716 2505 1864 2548 eodem

344 2594 434 2621 non
464 2578 723 2621 commutavi
760 2578 979 2634 singulari.
1041 2578 1163 2628 Quod
1202 2579 1237 2621 si
1273 2579 1442 2633 integra
1480 2592 1547 2619 res
1585 2579 1713 2632 esset,
1749 2591 1862 2619 nunc

345 2650 572 2692 scriberem

405 2720 518 2775 quod
532 2721 597 2761 est
611 2721 710 2761 ante
730 2720 857 2774 pedes
877 2721 1042 2763 noenu
1064 2722 1280 2775 spectat,
1300 2719 1405 2761 caeli
1427 2720 1685 2761 scrutatur
1702 2718 1863 2773 plagas.

345 2791 462 2841 Quae
501 2790 614 2845 apud
647 2788 893 2832 Ciceronem
931 2805 1046 2832 nunc
1081 2791 1285 2846 leguntur
1328 2789 1545 2832 diorthota
1581 2788 1724 2830 nescio
1769 2789 1863 2843 quis

344 2862 528 2904 fortasse
561 2860 761 2914 antiquus
793 2860 960 2903 videtur
992 2863 1256 2904 commentus
1288 2869 1389 2903 esse.
1451 2859 1649 2902 Ceterum
1679 2859 1864 2914 respexit
