1942 3204
279 216 363 258 254
594 216 660 249 EX
683 216 910 250 INCERTIS
936 214 1259 249 INCERTORVM
1283 214 1491 248 FABVLIS

398 321 650 375 Repriment
680 321 846 363 ualidae
878 320 1023 375 legum
1046 319 1240 361 habenae
1267 321 1394 374 atque
1421 316 1573 374 I'mperi
1605 319 1807 361 insistent
1836 300 1838 302 ι

1348 409 1463 452 iugo.

950 473 1139 517 LXVIII

400 585 1002 595 ...........
1052 566 1160 607 quae
1193 550 1345 616 Inulier
1376 565 1463 592 una

398 627 604 685 'Vsurpat
635 630 790 685 duplex
822 629 960 671 cubile

975 723 1119 766 LXIX

1052 799 1182 843 husus
1189 834 1200 856 ,
1230 799 1366 842 Phere
1373 834 1385 855 7

285 878 368 920 130
399 877 484 920 Hl‘c
517 879 655 920 cubile
687 877 797 921 inire
830 881 895 922 est
926 894 1067 921 ausus.

982 973 1102 1016 LXX

398 1048 625 1106 Virginem
657 1065 724 1092 me
752 1051 968 1106 qu6ndam
999 1051 1182 1093 inustam
1212 1051 1289 1106 per
1319 1050 1408 1091 uim
1439 1049 1575 1091 uiolat
1599 1047 1804 1103 Iuppiter.

903 1133 1047 1176 LXXI
1080 1132 1176 1192 (38)
1764 1115 1770 1121 ’

396 1207 550 1252 'Erebo
583 1213 809 1280 procreata
840 1212 971 1254 fuscis
1004 1210 1195 1254 crinibus
1227 1209 1342 1266 Nox,
1373 1212 1415 1252 te
1447 1207 1618 1252 I'nuoco.

895 1287 1063 1330 LXXII
1094 1286 1191 1346 (17)

400 1363 577 1407 Caelum
608 1365 835 1422 nitescere,
867 1366 1042 1408 arbores
1073 1365 1362 1421 frondescere,

396 1441 520 1484 Vi'tes
551 1442 761 1484 laetificae
792 1443 1008 1498 pampinis
1039 1443 1289 1498 pubescere,

284 1519 369 1561 135
400 1518 531 1561 Rams
561 1520 764 1562 bacarum
795 1519 992 1562 ubertate
1022 1519 1328 1576 incurusseere,

277 1620 398 1669 φόρον
423 1624 631 1667 Κριθῶντα
655 1625 783 1660 πῶλον
807 1637 851 1660 ex
875 1626 971 1659 Attii
996 1625 1244 1659 Clutemestra
1269 1628 1415 1668 sumpta
1441 1636 1520 1659 esse
1547 1626 1699 1660 conieci.

368 1671 672 1706 LXVIII—LXX
693 1671 818 1705 Cicero
837 1671 882 1705 ad
900 1672 988 1706 fam.
1005 1672 1058 1704 IX
1076 1673 1118 1704 22
1144 1672 1288 1715 ‘placet
1304 1671 1440 1704 Stoicis
1459 1681 1523 1705 suo
1541 1681 1717 1714 quamque
1733 1681 1805 1704 rem

277 1716 422 1748 nomine
449 1715 646 1759 appellare.
697 1717 749 1750 sic
774 1718 869 1749 enim
895 1717 1094 1758 disserunt,
1126 1716 1218 1749 nihil
1240 1726 1318 1749 esse
1343 1717 1553 1758 obscenum,
1580 1717 1673 1750 nihil
1698 1721 1804 1758 turpe

278 1761 381 1793 dictu
481 1762 604 1804 itaque
628 1772 699 1794 non
723 1762 829 1795 modo
855 1764 894 1795 in
919 1762 1117 1795 comoediis
1143 1772 1198 1795 res
1223 1763 1304 1804 ipsa
1329 1766 1502 1795 narratur
1523 1786 1555 1795 ..
1570 1787 1579 1796 .
1602 1762 1668 1795 sed
1693 1762 1804 1794 etiam

276 1807 314 1838 in
338 1806 550 1849 tragoediis.
599 1807 686 1849 quid
710 1811 766 1841 est
790 1808 884 1840 enim
910 1807 1027 1840 illud?
1061 1818 1169 1851 quae
1194 1807 1350 1839 mulier
1373 1817 1475 1848 una3
1506 1807 1613 1849 quid,
1638 1807 1800 1849 inquam,

275 1853 353 1884 est?
390 1855 575 1895 usurpat
612 1852 644 1884 d.
679 1863 709 1885 c.
759 1853 869 1895 quid?
904 1851 1054 1895 [LXIX]
1089 1852 1175 1895 quid
1206 1854 1287 1885 est?
1326 1849 1461 1896 [LXX]
1509 1854 1598 1886 bene
1633 1851 1801 1885 uiolat:

276 1897 380 1938 atqui
405 1897 496 1929 idem
521 1896 723 1939 significat:
749 1898 816 1931 sed
842 1898 994 1930 aiterum
1017 1908 1119 1930 nemo
1144 1897 1318 1930 tulisset.’
1351 1897 1524 1931 Electrae
1548 1898 1586 1929 in
1607 1897 1702 1930 Attii
1719 1896 1803 1930 Olu-

275 1946 449 1975 temestra
472 1946 624 1975 matrem
651 1943 878 1986 obiurgantis
902 1944 1013 1976 uerba
1037 1943 1162 1976 haberi
1179 1946 1333 1986 possunt
1356 1943 1399 1976 fr.
1418 1942 1586 1977 LXVIII.
1620 1943 1804 1985 Antiopae

275 1987 514 2020 Pacuuianae
538 1989 651 2021 tribui
677 1988 720 2021 fr.
747 1989 859 2023 LXX.
973 1988 1094 2020 LXXI
1117 1988 1226 2020 Pauli
1249 1988 1380 2021 Festus
1403 1999 1437 2031 p.
1462 1988 1506 2021 83
1521 1987 1570 2022 Μ.
1595 1987 1802 2020 ‘Erebum

276 2032 465 2074 Vergilius
496 2033 676 2066 interdum
707 2034 966 2067 obscuritatem
1004 2033 1185 2076 quandam
1224 2042 1303 2065 esse
1335 2033 1508 2066 describit
1538 2032 1635 2075 apud
1665 2032 1802 2065 inferos

347 2078 503 2110 .Varro
529 2089 616 2111 uero
642 2079 763 2111 Erebo
791 2083 917 2112 natam
941 2078 1096 2112 Noctem
1122 2079 1186 2110 ait.
1234 2078 1329 2110 unde
1355 2082 1412 2111 est
1437 2082 1473 2110 et
1497 2077 1605 2110 illud.
1637 2075 1799 2110 Erebo’

280 2132 309 2154 e.
328 2133 360 2164 q.
379 2133 407 2157 s.
440 2124 600 2175 Possunt
625 2134 670 2156 ex
693 2124 959 2157 Eumenidibus
986 2124 1096 2156 Ennii
1122 2125 1280 2164 sumpta'
1289 2133 1382 2157 esse:
1410 2122 1458 2158 cf,
1481 2122 1613 2155 Aesch.
1639 2123 1703 2155 321
1729 2122 1802 2165 μᾶ·

277 2178 360 2209 τερ,
388 2162 413 2200 ἅ
438 2161 479 2210 μ’
506 2165 670 2211 ,ξ’,τικτες
701 2160 733 2201 αἶ
755 2168 875 2213 μᾶτερ
901 2163 987 2210 Νύξ,
1013 2173 1050 2201 et
1073 2170 1150 2201 844.
1255 2167 1394 2204 LXXII
1419 2166 1549 2201 Cicero
1574 2167 1682 2200 Tusc.
1708 2168 1801 2209 disp.

276 2213 295 2245 I
319 2213 382 2253 28,
407 2214 486 2246 69‘
499 2214 558 2246 hie
583 2218 720 2255 autem,
748 2215 812 2247 ubi
835 2215 1057 2256 habitamus,
1082 2224 1155 2247 non
1178 2213 1390 2246 intermittit
1414 2223 1479 2246 suo
1505 2216 1666 2256 tempore
1692 2223 1798 2245 cae-

275 2257 384 2289 lum'
409 2268 438 2290 e.
465 2269 498 2300 q.
524 2269 550 2293 s,
599 2259 700 2292 Idem
726 2260 768 2292 de
792 2263 882 2292 orat.
909 2260 1048 2300 11138‚
1075 2260 1139 2292 154
1164 2261 1368 2291 ‘nouantur
1400 2261 1520 2290 autem
1544 2259 1676 2301 uerba,
1710 2268 1801 2300 quae

277 2303 323 2335 ab
350 2313 391 2335 eo
418 2304 479 2345 qui
504 2304 596 2336 dicit
620 2304 700 2347 ipso
725 2306 929 2348 gignuntur
953 2315 996 2337 ac
1019 2304 1111 2337 fiunt
1140 2303 1203 2336 uel
1229 2303 1494 2346 coniungendis
1518 2303 1638 2336 uerbis
1661 2328 1670 2335 .
1685 2328 1691 2336 .
1707 2327 1715 2335 .
1738 2303 1800 2335 uel

280 2358 393 2391 saepe
418 2349 496 2381 sine
522 2350 780 2382 coniunctione
805 2350 919 2383 uerba
944 2353 1143 2391 nouantur,
1169 2354 1227 2382 ut:
1253 2348 1317 2381 ille
1343 2349 1486 2390 senius,
1511 2352 1568 2380 ut:
1595 2348 1631 2380 di
1655 2349 1800 2391 genita-

390 2456 469 2493 126
500 2457 667 2494 insistant
697 2458 852 2506 Layom.
879 2457 905 2493 4
936 2458 1065 2494 sistent
1095 2459 1200 2494 malit
1229 2457 1481 2504 Kiesslinyius
1610 2457 1677 2492 iam
1707 2456 1799 2504 perii

275 2513 465 2549 insistente
494 2513 582 2562 iugo
602 2514 695 2550 Iulii
724 2515 914 2551 Victorius
935 2515 1042 2551 Rom.
1146 2513 1225 2551 128
1257 2518 1406 2561 usurpat
1426 2525 1558 2561 maryo
1580 2513 1798 2558 Cratandri,

276 2570 444 2607 Nobbius
475 2575 648 2618 usurpato
677 2570 777 2607 Med.
873 2582 943 2607 una
975 2570 1160 2619 usurpauit
1190 2569 1321 2618 duplex
1352 2568 1474 2605 Cubile
1503 2571 1599 2606 coni.
1624 2569 1798 2606 Bueche-
1838 2588 1841 2590 ·

277 2628 385 2663 lerus
482 2625 559 2663 129
591 2625 694 2662 Ferei
714 2627 814 2663 Med.
845 2627 994 2664 Pheraei
1012 2628 1218 2664 Ernestius
1305 2625 1384 2663 132
1420 2624 1535 2662 Erebo
1565 2630 1683 2661 creata
1711 2624 1804 2662 libri

279 2682 417 2729 Erebo,
450 2688 505 2729 te,
536 2688 674 2730 creata,
708 2685 841 2721 omisso
873 2677 1011 2731 posle‘a
1042 2689 1099 2731 te,
1131 2683 1293 2720 Botkius
1409 2681 1488 2718 133
1509 2691 1590 2729 sqq.
1623 2682 1800 2718 uersibus

273 2741 472 2785 praemitti
499 2750 566 2775 suo
596 2751 669 2775 non
699 2740 912 2776 intermittat
942 2746 1104 2789 tempore
1134 2741 1255 2777 uoluit
1274 2739 1526 2776 Hermannus
1555 2739 1640 2775 coll.
1662 2738 1799 2775 Aesck.

276 2796 387 2832 Eum.
411 2794 494 2833 894
594 2795 674 2833 134
705 2794 877 2832 laetificae
902 2798 1087 2844 probauit
1116 2797 1316 2833 Bentleius
1345 2793 1534 2832 laeuficare
1557 2794 1650 2843 Req.
1682 2794 1800 2831 laetis-

277 2862 359 2887 cere
390 2852 474 2888 Pal.
499 2865 523 2889 a
642 2852 720 2889 135
753 2863 917 2889 uacarum
948 2854 1103 2890 Abrinc.
1136 2864 1323 2889 uacent-um
1360 2852 1439 2889 Erl.
1460 2852 1481 2888 b
1511 2852 1558 2888 de
1587 2856 1686 2888 orat.
1718 2849 1798 2887 bac-

276 2918 396 2943 carum
428 2909 562 2947 Bamb.
587 2908 700 2946 Nonii
783 2910 1025 2946 incuruiscerc
1058 2910 1220 2956 Nonius,
1253 2920 1354 2946 unus
1386 2908 1509 2945 Oxon.
1535 2908 1647 2945 Tusc.
1679 2908 1796 2944 incur-
