1942 3204
281 229 361 272 162
915 231 957 265 L.
982 229 1158 263 ATTIVS

395 334 558 377 Iterum
588 334 675 376 iam
707 334 956 390 adgreditur
987 348 1055 375 me
1088 334 1130 374 et
1161 332 1353 388 quietum
1384 331 1608 373 exuscitat:

279 411 366 454 200
397 411 536 453 Maior
567 411 672 453 mihi
705 412 857 466 moles,
888 411 1026 452 maius
1059 409 1366 452 miscendumst
1396 409 1574 464 malum,
1613 405 1619 409 ’

396 489 477 539 Qui
508 487 624 531 illius
657 489 857 530 acerbum
889 489 961 530 cor
994 487 1256 531 contundam
1288 489 1331 529 et
1362 486 1651 541 comprimam.

939 565 1002 608 IV
1035 563 1131 622 (15)

836 640 977 699 [quae]
1012 657 1092 699 ego
1124 640 1284 697 incipio
1317 643 1472 683 conata
1504 641 1698 695 exequar.

971 719 1011 762 V
1045 717 1111 776 (9)

959 796 1117 839 Atreus
1431 856 1444 868 t
1527 854 1535 862 ·

394 917 508 959 Dum
539 918 747 959 metuant.
1011 975 1075 1018 VI
1421 855 1606 910 Oderlnss7

277 1054 364 1096 205
396 1054 478 1104 Qui
509 1055 598 1096 n6n
616 1038 699 1096 ¹sat
727 1053 881 1096 habuit
912 1053 1140 1108 c6niugem
1169 1052 1310 1094 inlexe
1342 1050 1390 1093 1'11
1422 1053 1628 1106 stuprum.

278 1149 433 1192 quadam
457 1149 678 1182 incitatione
704 1150 903 1191 grauitatis
931 1143 1170 1191 [198—201].'
1219 1146 1320 1179 Idem
1346 1146 1453 1178 Tusc.
1479 1145 1573 1188 disp.
1597 1146 1648 1179 IV
1674 1145 1735 1186 36,
1761 1146 1804 1178 77

281 1195 344 1235 (ef.
370 1195 462 1227 Enn.
488 1194 608 1238 Iphig.
634 1193 726 1236 IV)‘
751 1198 792 1227 ut
817 1194 928 1227 facile
955 1195 1134 1236 appareat
1158 1192 1263 1225 Atrei
1285 1190 1382 1224 filios
1409 1201 1488 1223 esse
1515 1192 1613 1231 eius,
1647 1191 1709 1232 qui
1733 1201 1807 1223 me-

278 1239 416 1272 ditatur
441 1250 598 1282 poenam
622 1240 660 1272 in
685 1240 836 1272 fratrem
865 1249 998 1272 nouam
1026 1235 1119 1281 [200.
1145 1235 1240 1280 201].
1289 1238 1368 1278 Quo
1393 1236 1508 1279 igitur
1532 1235 1625 1268 haec
1651 1235 1807 1278 erumpit

277 1285 418 1318 moles?
453 1285 546 1317 Audi
571 1285 770 1328 Thyestem
796 1281 930 1329 [XVI].
979 1284 1113 1316 Eorum
1138 1283 1283 1315 uiscera
1307 1282 1484 1324 apponit.’
1532 1281 1631 1313 Idem
1658 1280 1700 1313 de
1726 1283 1804 1313 nat.

278 1330 378 1363 deor.
409 1331 465 1363 III
496 1331 557 1372 26,
588 1332 631 1364 68
664 1330 791 1372 ‘quid‘t’
823 1329 886 1363 ille
919 1329 1086 1362 funestas
1121 1327 1249 1371 epulas
1287 1327 1395 1360 fratri
1431 1336 1647 1369 comparans
1685 1336 1805 1359 nonne

277 1378 404 1409 uersat
428 1375 498 1408 huc
523 1379 561 1408 et
585 1376 674 1408 illuc
693 1375 919 1418 cogitatione
944 1375 1146 1407 rationem?
1174 1371 1266 1415 [200.
1285 1371 1367 1415 201]
1395 1373 1473 1405 Nec
1497 1375 1621 1404 tamen
1638 1371 1701 1404 ille
1726 1369 1805 1414 ipse

279 1424 336 1453 est
361 1421 648 1463 praetereundus
669 1419 770 1464 [V1],
798 1420 842 1452 de
869 1430 939 1463 quo
965 1423 1065 1452 recte
1092 1421 1129 1451 et
1152 1418 1344 1450 uerissime
1363 1418 1524 1459 loquitur
1539 1417 1670 1450 Atreus
1690 1414 1805 1459 [VIIJ.

277 1466 326 1498 At
352 1466 390 1498 id
415 1466 533 1509 ipsum
559 1477 665 1509 quam
690 1465 840 1507 callide,
867 1466 929 1508 qui
954 1474 1105 1508 regnum
1123 1463 1302 1496 adulterio
1321 1466 1514 1505 quaereret
1534 1459 1668 1505 [V111J.
1696 1461 1807 1494 Vide-

279 1514 386 1543 turne
412 1521 551 1544 summa
577 1512 815 1554 improbitate
832 1521 921 1543 usus
937 1521 1008 1544 non
1026 1510 1106 1543 sine
1124 1519 1262 1541 summa
1279 1518 1360 1540 esse
1377 1508 1544 1540 ratione?
1558 1510 1568 1526 ’
1645 1507 1694 1540 IV
1712 1508 1806 1540 Non.

281 1558 367 1598 202,
395 1558 437 1589 13
470 1559 683 1590 ‘conatus
708 1556 924 1590 masculino.
964 1556 1101 1588 Neutro
1130 1553 1265 1586 Accius
1289 1553 1401 1586 Atreo
1426 1579 1433 1586 .
1456 1577 1464 1585 .
1485 1555 1513 1584 .’
1608 1552 1640 1584 V
1665 1551 1806 1584 Seneca

281 1601 325 1633 de
352 1602 406 1634 ira
430 1603 447 1634 I
473 1603 533 1643 20,
557 1604 579 1634 4
613 1605 701 1635 ‘non
725 1602 874 1645 aliquae
898 1610 1010 1634 uoces
1041 1600 1087 1632 ab
1118 1600 1226 1632 iratis
1253 1599 1466 1631 emittuntur
1489 1622 1497 1631 .
1512 1622 1520 1630 .
1535 1599 1572 1631 .?
1599 1597 1716 1640 qualis
1740 1596 1807 1629 illa

280 1646 360 1679 dira
386 1650 423 1679 et
447 1647 716 1681 abominanda:
755 1647 939 1680 oderint
963 1645 1057 1678 dum
1081 1647 1292 1677 metuant.
1341 1643 1527 1676 Sullano
1558 1643 1680 1675 scias
1705 1652 1806 1675 sae-

278 1691 378 1724 culo
409 1693 657 1735 scriptam.’
705 1693 805 1725 Idem
837 1692 882 1725 de
914 1691 1111 1724 clementia
1136 1691 1154 1723 Ι
1180 1691 1239 1729 12,
1263 1691 1296 1722 4.
1322 1690 1359 1722 II
1383 1691 1422 1731 2,
1447 1690 1467 1720 2
1500 1691 1561 1720 ‘ut
1584 1687 1706 1720 illam’
1738 1686 1806 1730 (sc.

277 1735 434 1780 uocem).
455 1738 621 1770 ‘oderint
651 1738 685 1771 d.
712 1749 774 1780 m.,
810 1738 869 1770 cui
894 1737 1057 1769 Graecus
1087 1745 1216 1773 uersus
1241 1734 1372 1767 similis
1398 1737 1473 1775 est,
1505 1734 1566 1776 qui
1596 1743 1634 1766 se
1665 1736 1805 1766 mortuo

277 1783 589 1816 terram‘misceri
619 1784 767 1826 ignibus
799 1784 928 1816 iubet.’
978 1781 1110 1814 Cicero
1143 1781 1187 1813 de
1220 1780 1278 1815 off.
1303 1781 1321 1813 Ι
1345 1781 1408 1820 28,
1434 1781 1476 1812 97
1509 1781 1569 1811 ‘ut
1600 1779 1631 1811 si
1661 1779 1806 1810 Aeacus

279 1830 343 1860 aut
368 1827 486 1861 Minos
504 1828 662 1861 diceret:
690 1828 869 1861 oderint
895 1828 928 1862 d.
955 1838 1000 1860 m.
1019 1829 1083 1859 aut
1098 1822 1235 1868 [XIV]‚
1261 1824 1468 1857 indecorum
1486 1823 1683 1865 uideretur,
1710 1823 1806 1866 quod

278 1883 340 1906 eos
373 1873 487 1907 fuisse
519 1874 637 1907 iustos
669 1874 888 1917 accepimus.
937 1873 987 1905 At
1017 1872 1152 1904 Atreo
1184 1870 1366 1903 dicente
1398 1869 1547 1912 plausus
1578 1869 1804 1901 excitantur:

279 1921 337 1951 est
363 1919 458 1951 enim
483 1919 596 1962 digna
621 1929 774 1962 persona
800 1919 947 1951 oratio.'
995 1917 1096 1950 Idem
1129 1927 1194 1959 pro
1219 1915 1313 1950 Sest.
1338 1916 1399 1956 48,
1427 1916 1491 1947 102
1523 1913 1713 1946 ‘multae
1737 1913 1805 1945 in-

277 1964 427 1996 sidiae
453 1967 555 1997 sunt
578 1965 710 1997 bonis
734 1964 927 1997 uerissime
954 1963 1092 1995 dictum
1118 1964 1185 1994 est.
1217 1961 1281 1993 sed
1309 1959 1404 2003 [215]
1432 1960 1552 2002 inquit
1577 1957 1691 2002 [216].
1719 1958 1805 1990 Nol-

276 2008 347 2041 lem
359 2012 369 2029 ’
388 2008 457 2051 (sic
475 2009 562 2052 Reg.
583 2020 629 2042 m.
649 2012 666 2042 1
685 2009 825 2042 Gembl.
851 2007 1018 2041 nullum
1036 2007 1151 2040 ceteri
1168 2006 1266 2047 libri,
1285 2005 1381 2048 quod
1399 2008 1530 2048 poetae
1547 2004 1676 2036 tribuit
1693 2004 1804 2036 etiam

277 2053 537 2087 Lachmannus
563 2056 601 2087 in
623 2056 732 2090 Lucr.
754 2056 773 2088 Ι
791 2053 869 2096 141)
896 2053 1011 2086 ‘idem
1035 2052 1109 2084 alio
1131 2051 1211 2084 loco
1231 2050 1406 2083 dixisset'
1431 2050 1500 2092 (sic
1517 2049 1804 2091 Wesenbergius

278 2098 453 2132 dixisse
473 2101 555 2132 Vat.
580 2100 697 2132 dixit
722 2100 838 2132 ceteri
861 2099 986 2131 dixet
1009 2096 1158 2138 Maehly
1183 2106 1266 2129 ann.
1291 2095 1431 2139 philoll.
1451 2095 1539 2128 1854
1555 2105 1590 2136 p.
1609 2094 1667 2135 48)
1695 2094 1804 2136 ‘quod

281 2145 495 2187 exciperent
511 2145 667 2188 improbi
685 2146 801 2178 ciues:
827 2144 1008 2177 oderint
1025 2143 1058 2175 d.
1075 2145 1137 2174 m.’
1166 2141 1286 2174 Schol.
1305 2141 1394 2176 Bob.
1412 2141 1450 2172 in
1467 2139 1490 2172 l.
1506 2140 1530 2175 l.
1549 2142 1608 2172 ‘et
1622 2139 1692 2173 hoc
1709 2140 1803 2171 eius-

278 2189 360 2222 dem
383 2193 515 2232 poetae
541 2194 618 2223 est:
645 2190 826 2223 oderint
849 2189 943 2221 dum
968 2190 1189 2228 metuant,
1222 2197 1329 2228 quam
1353 2186 1575 2219 sententiam
1599 2185 1805 2217 detestatur

284 2236 391 2277 quasi
406 2236 635 2277 tyrannicam
654 2238 692 2268 et
714 2234 985 2278 inauspicatam
1009 2233 1147 2266 liberae
1172 2232 1345 2265 ciuitati.’
1380 2231 1510 2264 Cicero
1534 2229 1630 2265 Phil.
1647 2230 1665 2262 I
1683 2231 1742 2272 14,
1761 2231 1805 2262 34

279 2280 391 2322 ‘quod
406 2280 574 2313 uidemus
592 2281 705 2314 etiam
723 2282 761 2313 in
778 2279 907 2313 fabula
923 2279 980 2311 illi
997 2279 1082 2321 ipsi,
1106 2279 1169 2320 qui
1193 2277 1372 2310 oderint
1397 2275 1430 2312 d,
1449 2287 1495 2308 m.
1514 2275 1656 2314 dixerit,
1682 2275 1804 2318 perni—

278 2326 417 2358 ciosum
435 2325 578 2361 fuisse.'
597 2325 794 2359 Suetonius
812 2324 933 2368 Calig.
949 2326 994 2358 30
1012 2324 1208 2366 ‘tragicum
1225 2322 1316 2355 illud
1333 2321 1487 2354 subinde
1506 2321 1689 2354 iactabat:
1707 2321 1804 2355 ode-

276 2371 313 2402 ri
324 2374 373 2403 nt
389 2370 422 2406 d.
435 2374 497 2404 m.’
515 2371 673 2405 Inuertit
686 2371 856 2405 Tiberius
869 2370 1043 2403 dictitans
1062 2368 1222 2401 ‘oderint
1239 2367 1321 2400 dum
1335 2368 1503 2410 probent’
1520 2369 1614 2399 teste
1630 2366 1804 2399 Suetonio

277 2416 359 2449 Tib.
377 2417 432 2451 59.
460 2416 518 2452 Cf.
535 2415 712 2450 Columna
734 2417 771 2449 in
790 2416 882 2449 Enn.
901 2426 938 2459 p.
954 2416 1021 2448 298
1096 2413 1147 2454 VI
1172 2412 1301 2446 Cicero
1325 2413 1370 2445 de
1394 2415 1470 2444 nat.
1498 2411 1597 2445 deor.
1613 2411 1669 2444 111
1686 2413 1742 2454 26,
1760 2411 1803 2443 68

276 2525 459 2561 atritatum
489 2525 584 2562 Gud.
606 2535 628 2561 c
657 2530 734 2561 ater
763 2525 870 2561 etiam
900 2529 975 2560 tum
996 2523 1147 2571 Laqom.
1179 2520 1231 2559 35
1264 2520 1317 2559 70
1345 2519 1436 2556 alter
1471 2521 1575 2556 etiam
1608 2524 1682 2556 tum
1713 2519 1800 2558 Pal.

278 2581 301 2619 6
335 2582 357 2618 7
389 2581 587 2618 adtractum
617 2583 680 2618 uel
709 2586 883 2618 atractum
915 2581 998 2617 Erl.
1029 2581 1051 2616 b
1088 2590 1173 2615 cum
1204 2579 1292 2615 aliis
1326 2581 1557 2613 attrectatum
1587 2577 1805 2613 Ellendlius

279 2649 419 2674 mecum
449 2637 660 2686 altercatum
691 2638 898 2675 Lambinus
1013 2636 1095 2674 200
1124 2634 1383 2671 miscendumst
1422 2633 1603 2680 Wolfius,
1644 2633 1799 2669 Wesen-

279 2695 431 2742 ber-qius
459 2695 616 2732 Emend.
652 2695 762 2731 Tusc.
798 2694 844 2731 11
878 2693 931 2731 46
971 2691 1190 2729 miscendust
1216 2692 1370 2728 Abrinc.
1408 2691 1454 2726 de
1495 2701 1552 2726 or.
1583 2688 1802 2725 miscendum

277 2756 333 2787 est
361 2754 482 2788 ceteri
509 2751 755 2798 miscendum,
784 2763 853 2788 om.
885 2755 963 2798 est,
988 2750 1098 2787 Tusc.
1119 2749 1212 2785 libri
1352 2745 1431 2784 201
1462 2757 1525 2782 cor
1553 2757 1623 2782 om.
1645 2745 1803 2782 Abrinc.

278 2808 362 2844 Erl.
394 2820 417 2844 α
450 2812 486 2844 et
516 2809 537 2844 b
568 2810 710 2858 aliique
738 2808 831 2844 libri
859 2809 904 2843 cle
926 2811 1024 2843 orat.
1126 2803 1207 2842 202
1239 2814 1330 2852 quae
1351 2815 1418 2840 om.
1439 2803 1532 2839 libri
1624 2813 1805 2850 exsequor

279 2866 429 2901 mauult
458 2864 623 2902 Bolbius
729 2864 809 2902 203
830 2874 886 2911 sq.
917 2864 1102 2900 Fortasse
1129 2864 1168 2898 in
1198 2873 1274 2898 uno
1303 2870 1420 2897 uersu
1450 2857 1591 2909 oderint
1620 2858 1703 2895 dum
1733 2858 1805 2895 me-

277 2925 379 2956 tuant
400 2923 588 2969 scriptum
605 2921 684 2968 fuit
786 2919 865 2958 205
897 2921 957 2968 qui
980 2919 1155 2957 Ciceroni
1173 2918 1296 2956 reddit
1316 2917 1600 2954 Schoemannus
1669 2914 1803 2952 inlexse
