1942 3204
0 232 26 362 ξ

795 187 844 221 Μ.
868 185 1110 223 PAcvvlvs
1640 184 1657 226 l
1669 185 1713 226 11

795 291 1113 337 PENTHEVS

300 389 475 433 Seruius
506 389 552 432 in
582 388 691 432 Aen.
711 388 775 432 IV
794 389 882 432 469
916 387 1158 431 ‘Pentheus
1191 389 1335 429 autem
1368 386 1602 429 secundum
1635 390 1718 429 tra-

180 467 380 525 goediam
411 466 589 510 Pacuuii
621 467 757 510 furuit
788 466 919 509 etiam
958 466 1067 523 ipse,
1106 465 1157 508 de
1196 480 1281 521 quo
1319 464 1468 507 fabula
1506 464 1605 506 talis
1644 467 1720 506 est.

179 544 417 601 Pentheus,
454 544 663 588 Echionis
695 546 739 587 et
769 543 946 601 Agaues
977 543 1111 599 filius,
1149 541 1456 602 Thebanorum
1494 556 1585 598 rex,
1624 556 1722 583 cum

181 623 484 680 indignaretur
516 638 566 665 ex
599 624 831 665 matertera
863 637 941 664 sua
973 620 1137 665 Semele
1176 620 1371 678 genitum
1404 619 1607 662 Liberum
1649 634 1721 675 pa-

181 703 293 744 trem
324 701 407 744 coli
425 703 648 756 tamquam
668 700 813 756 deum,
845 702 894 742 ut
912 699 1099 756 primum
1119 698 1329 754 comperit
1356 713 1454 740 eum
1486 698 1531 739 in
1551 695 1721 739 Cithae-

183 793 288 822 rone
326 780 473 821 monte
512 792 622 834 esse,
667 777 785 820 misit
823 777 1048 833 satellites,
1092 777 1165 832 qui
1209 791 1306 819 eum
1345 776 1541 818 uinctum
1579 775 1633 817 ad
1678 790 1722 817 se

184 856 479 912 perducerent.
517 855 591 911 qui
623 870 720 906 cum
751 855 893 911 ipsum
927 869 1017 898 non
1041 854 1331 910 inuenissent,
1362 869 1498 896 unum
1524 869 1575 895 ex
1595 853 1722 896 comi-

183 933 301 976 tibus
339 934 430 976 eius
468 932 663 976 Acoeten
706 934 880 989 captum
918 932 972 975 ad
1009 931 1252 975 Pentheum
1289 931 1593 988 perduxerunt,
1653 930 1724 972 hic

184 1010 331 1069 dum¹)
363 1011 415 1053 de
453 1026 503 1054 eo
536 1010 779 1067 grauiorem
817 1025 1003 1066 poenam
1034 1010 1335 1066 constitueret,
1372 1009 1498 1052 iussit
1529 1023 1627 1051 eum
1658 1009 1722 1050 in-

183 1088 311 1131 terim
353 1088 495 1132 claudi
532 1088 744 1131 uinctum:
789 1102 970 1144 cumque
1009 1090 1164 1144 sponte
1203 1103 1281 1130 sua
1318 1090 1362 1130 et
1393 1087 1575 1129 carceris
1607 1087 1722 1129 fores

184 1168 358 1223 apertae
397 1168 542 1208 essent
578 1168 621 1208 et
664 1166 840 1208 uincula
876 1165 1031 1209 Acoeti
1074 1165 1350 1221 excidissent,
1395 1165 1576 1207 miratus
1615 1163 1722 1205 Pen-

183 1244 310 1287 theus
331 1246 602 1300 spectaturus
611 1243 647 1301 ²)
681 1258 802 1286 sacra
822 1242 966 1286 Liberi
997 1243 1134 1299 patris
1154 1242 1417 1286 Cithaerona
1437 1242 1564 1298 petit,
1596 1256 1723 1297 quem

185 1322 327 1364 uisum
359 1321 547 1364 bacchae
567 1321 898 1377 discerpserunt.
941 1321 1082 1377 prima
1113 1323 1259 1363 autem
1277 1320 1431 1377 Agaue
1463 1322 1601 1362 mater
1633 1319 1724 1361 eius

186 1401 432 1455 amputasse
458 1402 590 1455 caput
614 1399 788 1455 dicitur,
819 1399 957 1441 feram
989 1413 1081 1441 esse
1113 1398 1392 1441 existimans?

806 1523 1106 1567 PERIBOEA

895 1619 918 1662 Ι
949 1618 1018 1677 (1)

308 1743 317 1752 .
349 1709 485 1752 ardua
517 1723 594 1764 per
624 1709 720 1751 loca
751 1709 943 1766 agrestia
976 1709 1036 1751 sic

310 1785 572 1842 Trepidante
605 1786 743 1842 gradu
775 1785 932 1829 nititur
977 1821 985 1829 .
1031 1821 1040 1829 .

873 1887 917 1931 H
950 1886 1047 1946 (20)

309 2011 319 2020 .
352 2011 361 2020 .
393 1992 634 2034 corpusque
665 1981 809 2021 meum
840 1978 919 2020 tali

189 2054 278 2098 275
309 2053 506 2097 Maer6re
539 2069 717 2112 aegrote
749 2057 920 2099 macore
952 2058 1085 2098 senet.

282 2185 485 2219 Pam-meve
510 2185 729 2229 (Pnuuvs).
786 2187 820 2227 1)
848 2197 939 2220 cum
965 2186 1087 2229 uulgo.
1183 2184 1219 2227 2)
1246 2188 1575 2229 expectaturus
1600 2183 1729 2226 uulgo.

196 2229 351 2264 Glossae
376 2231 414 2264 in
439 2230 561 2264 Seruii
584 2231 648 2266 1.1.
667 2232 933 2266 Berolinenses
951 2231 1032 2275 (ms.
1057 2231 1139 2264 Lat.
1165 2230 1226 2265 fol.
1244 2231 1320 2272 34):
1347 2231 1555 2263 ‘Pacuuius
1581 2229 1727 2272 quidem

193 2278 304 2318 poeta
330 2276 419 2317 fuit,
446 2277 508 2320 qui
535 2277 626 2310 fecit
649 2278 880 2320 tragoediam
899 2278 945 2311 de
966 2277 1142 2315 Pentheo:
1169 2276 1311 2309 inducit
1337 2287 1416 2309 eum
1437 2276 1625 2310 nituisse)
1663 2274 1723 2309 Cf.

195 2321 320 2354 Ouidii
346 2325 492 2354 metam.
515 2322 572 2356 111
595 2324 661 2356 511
688 2333 766 2366 sqq.

283 2378 482 2412 Pannona
509 2380 523 2412 1
547 2379 640 2414 Non.
665 2382 750 2422 353,
779 2382 820 2413 14
845 2380 953 2413 ‘niti
979 2390 1119 2413 rursum
1148 2379 1364 2413 ambulare)
1473 2378 1510 2411 11
1533 2378 1625 2410 Non.
1653 2378 1727 2413 137,

175 2426 211 2456 sl
239 2427 438 2457 ‘macore
462 2435 528 2468 pro
556 2426 706 2461 macie!

196 2555 336 2592 Geneu.
363 2556 483 2594 Ber-n.
505 2557 526 2593 b
544 2569 585 2604 p.
610 2555 691 2594 248
723 2568 852 2594 nouam
877 2556 1028 2607 figuram
1061 2557 1187 2595 saetam
1210 2559 1332 2594 ceteri
1358 2557 1491 2593 ibidem
1570 2554 1651 2591 272
1674 2564 1730 2600 sq.

194 2613 439 2660 Anapaestos
475 2616 632 2662 aqnoaen't
678 2614 846 2652 Vossius.
915 2614 1110 2663 Berqlcius
1148 2615 1221 2651 hoc
1258 2615 1413 2650 schema
1453 2610 1732 2649 commendauit

194 2683 515 2706 ssvv-uv--‡
527 2693 734 2706 υυυυυυ
746 2683 777 2705 2
894 2671 976 2708 272
1007 2671 1163 2719 agrestia
1202 2671 1254 2707 sic
1290 2672 1453 2717 scripsi,
1492 2673 1533 2704 ut
1570 2678 1730 2703 commo-

195 2726 323 2763 diores
361 2731 666 2773 anapaeslorum
706 2732 896 2765 accentus
931 2730 1083 2776 fierent.
1145 2727 1302 2777 agrestia
1341 2737 1381 2762 ac
1417 2726 1509 2762 libri
1539 2725 1731 2771 plerique.

197 2782 333 2831 agresti
365 2783 486 2820 Ber-n.
504 2784 526 2820 b
555 2785 710 2833 agrestia
744 2785 918 2822 Bolhius.
960 2786 1022 2822 uel
1052 2785 1187 2833 agresti
1218 2794 1258 2820 ac
1288 2784 1351 2819 uel
1381 2781 1534 2830 agrestia
1578 2780 1732 2817 Vossius

281 2837 363 2876 273
393 2838 641 2889 adtrepidame
667 2840 782 2889 gradu
804 2841 999 2890 Berqlcius
1086 2840 1168 2877 274
1201 2836 1282 2889 tali]
1316 2838 1395 2875 tabe
1418 2839 1476 2874 ed.
1503 2835 1611 2874 1526
1643 2834 1733 2872 tabi·

199 2893 563 2944 fioabile.Berqleius
592 2896 693 2935 Mus.
728 2897 849 2934 Rben.
887 2897 992 2936 1835
1022 2909 1061 2944 p.
1088 2897 1141 2934 78
1245 2895 1325 2932 275
1359 2904 1501 2931 merore
1531 2894 1623 2930 libri
