1942 3204
809 250 853 291 Q.
880 249 1059 284 nnmvs
1612 248 1698 292 279

715 403 775 473 Q.
837 378 1146 464 ENNIVS.

776 503 1086 563 AMBRAOJA
1110 484 1112 486 ’

918 582 939 625 1

351 694 360 702 .
421 675 498 716 per
528 662 680 717 gentes
713 661 884 705 eluebat
915 660 1108 703 6mnium
1139 660 1416 706 miserrimus.

280 832 398 876 Bene
426 848 595 890 mones,
626 836 718 877 tute
750 833 842 891 ipse
869 836 1046 877 cunctas
1066 834 1211 876 eatito:
1242 834 1341 877 uide
1361 834 1518 878 fortem
1537 835 1696 878 uirum!

897 929 962 972 III

283 1003 408 1064 [Isim]
442 1021 571 1062 agros
603 1007 788 1050 audaces
820 1008 1088 1064 depopulant
1120 1008 1232 1050 serui
1264 1008 1537 1051 dominorum
1568 1008 1696 1052 domi.

898 1103 963 1146 IV

339 1213 348 1222 .
397 1182 441 1222 et
472 1195 660 1237 aequora
691 1182 805 1226 salsa
836 1188 968 1239 neges
999 1181 1251 1239 ingentibus
1282 1181 1438 1224 uentis.

783 1293 973 1366 ¹SABIN
975 1293 1055 1338 ΑΕ

916 1371 938 1413 Ι

218 1448 247 1492 5
278 1448 385 1492 Cum
425 1450 563 1506 spdlia
600 1450 770 1507 generis
803 1449 1103 1508 detraxeritis,
1145 1451 1174 1503 †
1200 1465 1329 1507 quam
1367 1451 1695 1508 inscriptionem

1230 1528 1418 1570 dabitis?

270 1659 371 1692 Eum
403 1659 628 1692 Ausucum
659 1659 760 1692 inter
797 1662 1012 1702 praetextas
1043 1658 1182 1702 primus
1214 1658 1343 1692 rettuli
1374 1660 1412 1692 in
1447 1669 1537 1692 eom.
1572 1660 1694 1703 praef.

158 1715 193 1748 p.
212 1704 265 1738 IX
283 1704 545 1748 sq.1Nonius
562 1714 598 1748 p.
614 1704 672 1748 88,
692 1705 709 1737 1
730 1704 895 1746 ‘eluet,
913 1705 1152 1738 nominatur.
1190 1704 1363 1738 ,Ennius
1379 1704 1588 1739 Ambratia.
1605 1708 1694 1749 per’

155 1760 387 1830 ῒῃὲὶαῗωα.
399 1749 598 1831 233¹?
624 1760 658 1793 Ρ·
683 1730 1696 1838 3⁶⁹²²⁵11201¹÷311322⁰²{;3,⁰¹1¹3⁰t⁶⁰s¹¹21·..¹³:.¹2¹2{

158 1841 343 1884 passiuum
368 1840 621 1885 populatur.
625 1805 647 1838 q
637 1841 809 1874 .Ennius
834 1841 1051 1874 Ambracia·
1075 1806 1219 1884 iigros’
1233 1850 1263 1875 e.
1293 1850 1327 1883 q.
1348 1807 1381 1874 Is).
1408 1806 1430 1839 Ρ
1477 1841 1528 1875 IV
1552 1842 1694 1876 Nonius

158 1897 191 1930 p.
220 1887 303 1930 183,
316 1889 350 1920 3
383 1889 543 1930 ‘neget
572 1896 637 1929 pro
668 1889 823 1930 uegetat
851 1886 910 1919 uel
940 1887 1052 1930 erigit
1082 1885 1142 1919 uel
1170 1889 1341 1929 uegetum
1367 1890 1460 1919 est..
1548 1888 1691 1920 Ennius

157 1931 399 1966 Ambrachia:
426 1934 484 1965 et’
510 1943 542 1966 e.
561 1942 597 1975 q.
615 1942 642 1967 s.
690 1932 747 1965 An
771 1931 921 1965 fabulae
947 1932 1104 1965 frustum
1129 1934 1168 1964 et
1192 1935 1323 1975 postea
1348 1932 1442 1966 haee
1469 1932 1548 1966 fere
1575 1932 1692 1966 ‘idem

159 1977 345 2011 annalium
369 2002 377 2010 .
398 1980 428 2011 .’
453 1977 691 2011 exciderunt?

250 2022 416 2056 Sanun.
462 2023 698 2057 Praetextam
722 2022 912 2056 Vahlenus
938 2033 1027 2056 mus.
1052 2023 1170 2058 Rhen.
1189 2023 1276 2056 XVI
1292 2024 1359 2057 579
1383 2034 1436 2066 sq.
1462 2023 1654 2056 indicauit.

157 2068 174 2101 Ι
198 2067 313 2102 Iulius
338 2068 466 2102 Victor
490 2079 523 2111 p.
542 2069 609 2102 224
626 2067 670 2102 Ο.
698 2067 821 2110 (rhett.
840 2069 941 2102 Latt.
960 2080 994 2111 p.
1013 2070 1080 2102 402
1098 2067 1163 2110 H.)
1190 2069 1259 2102 ‘ab
1285 2072 1421 2102 euentu
1445 2069 1483 2102 in
1509 2068 1690 2112 qualitate

191 2138 199 2147 .
221 2139 228 2147 .
260 2118 302 2147 ut
325 2113 516 2148 Sabinis
548 2114 719 2147 Ennius
749 2113 863 2147 dixit:
889 2117 990 2147 eum’
1018 2125 1050 2149 e.
1077 2125 1110 2157 q.
1137 2124 1166 2147 s.
1214 2114 1319 2148 Inter
1342 2115 1479 2148 satiras
1505 2115 1593 2156 (inc.
1620 2118 1692 2148 sat.

246 2269 265 2305 1
302 2269 445 2307 Versus
472 2270 618 2307 initium
649 2281 774 2307 omnes
796 2271 928 2317 explet
1015 2275 1144 2319 gentes
1165 2270 1319 2318 Lipsius
1348 2275 1476 2319 gentes
1505 2281 1585 2307 esse
1604 2271 1695 2307 libri

159 2331 289 2374 gentes
321 2327 424 2363 Asiae
455 2326 743 2373 Buechelerus‚
777 2331 818 2364 ut
847 2329 995 2375 {meyer
1022 2328 1094 2374 fiat
1123 2329 1372 2374 septenarius
1489 2326 1513 2362 2
1545 2332 1691 2363 cunctas

159 2387 264 2419 cauto
286 2382 364 2429 (uel
382 2381 499 2430 caute)
519 2385 662 2430 scripsi
672 2383 674 2385 ’
689 2388 822 2421 cuncto
854 2384 900 2420 W
920 2383 1055 2420 Bamb.
1088 2388 1258 2420 cunctata
1283 2386 1405 2420 celeri
1424 2384 1514 2420 libri
1541 2388 1688 2420 cunctas

159 2438 322 2476 Bollu'us
342 2438 367 2476 2
387 2439 512 2476 Antea
532 2440 706 2478 diuerbio
728 2442 784 2477 sic
810 2440 1107 2478 distribuebam:
1136 2468 1145 2477 .
1164 2468 1173 2477 .
1203 2439 1294 2476 bene
1316 2438 1458 2476 munes:
1492 2444 1570 2477 tute
1590 2440 1691 2488 ipse?

155 2516 208 2521 —
231 2494 382 2533 cuncto.
409 2516 458 2523 —
481 2496 569 2534 Vide
589 2496 614 2534 s.
637 2507 672 2533 u.
695 2497 894 2544 Inleyrum
914 2507 1070 2534 uersum
1092 2498 1205 2533 talem
1227 2494 1317 2534 bene
1339 2507 1491 2533 monens
1513 2501 1591 2533 tute
1612 2496 1690 2545 ipse

155 2556 321 2589 cunctas:
353 2564 374 2590 ο
397 2551 479 2590 uide
502 2552 526 2590 s.
550 2553 603 2590 u.!
635 2553 903 2591 Buechelerus
922 2554 1170 2590 commendat.
1250 2553 1274 2590 3
1297 2554 1364 2589 iam
1388 2554 1447 2590 uel
1470 2564 1549 2590 nam
1569 2564 1689 2600 prae-

154 2610 374 2647 mittendum
390 2613 499 2657 pulo,
520 2620 591 2647 om.
612 2610 704 2647 libri
787 2609 883 2646 domi
914 2608 967 2657 (in
989 2610 1106 2647 Italia
1128 2608 1225 2656 scil.)
1249 2609 1515 2647 Buecheler-us
1534 2609 1689 2646 dominis

153 2666 246 2703 libri
264 2667 369 2703 nimis
386 2666 566 2704 Halmius
641 2665 791 2703 audaces
813 2666 910 2702 serui
932 2665 1153 2715 depopulant
1174 2677 1282 2715 agros
1300 2665 1531 2703 Dominorum
1553 2665 1689 2703 domini

156 2722 320 2760 Belkius
340 2722 364 2759 2
386 2722 536 2760 audaces
557 2722 780 2772 depopulant
799 2733 908 2771 agros
928 2722 1032 2759 Serui
1054 2722 1282 2759 dominorum
1310 2721 1463 2759 dominis
1496 2722 1689 2760 Vahlenus

240 2779 266 2816 4
286 2779 521 2818 Hexametrn·
538 2780 722 2829 dactylici
735 2779 910 2827 frustum
930 2780 1063 2827 habes,
1096 2781 1172 2816 nisi
1186 2779 1293 2827 forte
1314 2780 1551 2826 anapaestos
1569 2790 1687 2827 prae-

153 2835 282 2883 feres:
313 2859 337 2871 υ
353 2859 378 2871 υ
392 2867 420 2874 -
436 2859 461 2872 ν
491 2842 527 2873 et
548 2847 706 2885 aequora
725 2835 819 2873 salsa
840 2846 952 2886 ueges
974 2831 989 2887 ΙΙ
1011 2835 1219 2885 ingentibus
1251 2836 1390 2872 uentis.-
1421 2837 1491 2872 sed
1509 2836 1565 2883 cf.
1589 2841 1688 2885 (νας.

158 2889 238 2928 251
317 2893 431 2930 nesus
457 2893 506 2929 W
580 2892 605 2930 5
627 2893 770 2942 generis
792 2892 933 2939 Ianus,
957 2895 1134 2930 nimirum
1154 2891 1359 2942 γαμβροῖς,
1383 2897 1422 2930 ut
1444 2897 1550 2930 recle
1570 2894 1687 2930 inler-

151 2951 337 2995 μνααῖαι·
357 2949 556 2987 Chr-istius.
578 2949 702 2999 generi
719 2950 828 2987 Rom.
911 2949 1158 2988 octonarium
1178 2950 1379 2987 iambicum
1403 2951 1479 2986 sic.-
1500 2960 1703 3000 quamnam,
