1942 3204
218 201 272 242 76
824 202 874 234 M.
901 201 1140 235 PAGVVIVS

215 321 315 349 nem
334 306 530 362 mandat,
550 306 618 348 cui
636 307 729 348 tum
737 303 772 363 ⁴)
792 320 978 362 regnum
995 306 1279 363 relinquebat,
1298 322 1352 349 ne
1372 307 1533 363 inpune
1553 305 1747 364 Antiopa

215 384 358 426 ferret.
407 383 535 426 huius
567 386 666 439 post
696 385 880 426 mortem
911 383 1051 440 Lycus
1085 383 1312 440 Sicyonem
1342 385 1474 428 uenit.
1517 385 1744 428 interfecto

216 461 395 518 Epopeo
432 460 671 517 Antiopam
714 461 905 504 uinctam
948 461 1135 504 abduxit.
1203 461 1250 504 in
1288 460 1544 506 Cithaerone
1587 463 1701 519 parit
1709 461 1744 520 ⁶)

218 539 411 596 geminos
449 541 492 581 et
528 539 710 594 reliquit.
779 554 886 595 quos
929 541 1079 595 pastor
1115 539 1332 596 educauit,
1376 539 1527 582 Zetum
1559 542 1607 582 et
1642 539 1745 582 Am-

217 617 422 672 phionem
453 616 706 659 nominauit.
745 615 937 672 Antiopa
968 616 1123 659 Dircae
1156 618 1278 660 uxori
1310 617 1414 673 Lyci
1445 617 1546 660 data
1577 619 1670 660 erat
1699 617 1746 660 in

218 694 465 736 cruciatum.
503 709 554 736 ea
585 692 897 752 occasionemss)
918 696 1046 737 nacta
1075 694 1205 751 fugae
1237 709 1282 737 se
1301 694 1542 750 mandauit,
1573 694 1746 738 deuenit

217 771 271 813 ad
301 771 413 814 filios
451 786 562 814 suos.
620 786 671 813 ex
709 771 863 827 quibus
895 770 1023 814 Zetus
1064 772 1313 814 existimans
1344 772 1574 828 fugitiuam
1583 770 1619 830 ⁷)
1656 787 1747 815 non

215 849 387 904 recepit.
448 849 495 891 in
539 848 722 891 eundem
757 849 900 891 locum
942 848 1070 891 Dirce
1114 864 1191 905 per
1232 849 1560 892 bacchationem
1602 848 1747 892 Liberi

215 928 320 968 tunc
330 924 365 983 S)
387 926 529 968 delata
549 928 624 968 est.
644 926 704 968 ibi
717 924 956 982 Antiopam
974 929 1189 982 repertam
1209 926 1263 969 ad
1281 928 1464 969 mortem
1483 926 1746 969 extrahebat.

218 1003 292 1046 sed
313 1003 366 1046 ab
399 1002 627 1046 educatore
646 1005 819 1059 pastore
840 1003 1134 1046 adulescentes
1154 1004 1355 1047 certiores
1374 1003 1496 1059 facti,
1528 1018 1623 1046 eam
1654 995 1745 1047 esse

215 1083 397 1123 matrem
430 1096 569 1137 suam,
600 1081 793 1123 celeriter
825 1082 1045 1124 consecuti
1070 1084 1253 1124 matrem
1285 1082 1544 1138 eripuerunt.
1586 1081 1746 1124 Dircen

217 1158 270 1200 ad
301 1160 474 1201 taurum
505 1159 696 1201 crinibus
733 1159 960 1215 religatam
996 1162 1165 1202 necant.
1226 1158 1390 1215 Lycum
1427 1173 1524 1201 cum
1555 1159 1745 1202 occidere

215 1236 389 1292 uellent,
420 1236 560 1279 uetuit
590 1251 663 1279 eos
682 1236 919 1279 Mercurius
951 1239 995 1279 et
1025 1237 1152 1280 simul
1176 1236 1302 1279 iussit
1320 1235 1484 1292 Lycum
1514 1236 1745 1279 concedere

215 1327 400 1370 regnum
430 1303 695 1369 Amphioni.⁵

903 1408 926 1451 I
959 1406 1056 1466 (13)

220 1499 267 1540 1³
340 1498 458 1541 Iouis
489 1499 541 1540 ex
572 1497 767 1554 Antiopa
796 1497 951 1555 Nyctei
982 1497 1079 1541 nati
1111 1495 1228 1556 [duo]

896 1599 940 1641 II
973 1597 1068 1656 (12)

333 1687 460 1730 Rhet.
493 1688 546 1729 ad
577 1687 766 1731 Herenn.
797 1688 841 1730 Π
871 1689 942 1745 27,
972 1688 1030 1731 43
1062 1688 1187 1731 ‘item
1218 1689 1454 1731 uerendum
1486 1691 1570 1744 est,
1601 1703 1655 1731 ne
1688 1689 1739 1731 de

216 1765 300 1807 alia
330 1780 376 1807 re
408 1765 592 1821 dicatur,
624 1780 720 1807 cum
752 1766 836 1808 alia
868 1766 919 1808 de
950 1781 995 1808 re
1021 1766 1315 1808 controuersia
1347 1766 1403 1808 sit
1533 1766 1597 1808 uti
1629 1766 1743 1822 apud

214 1842 451 1885 Pacuuium
482 1842 674 1885 Zethus
711 1858 821 1885 cum
851 1842 1156 1900 Amphione,
1194 1858 1406 1898 quorum
1443 1845 1742 1886 controuer-

216 1921 290 1962 sia
321 1921 378 1962 de
410 1921 602 1963 musica
631 1921 913 1976 inductast,
945 1920 1230 1976 disputatio
1261 1921 1314 1962 in
1345 1920 1633 1975 sapientiae
1664 1935 1741 1963 ra-

215 1997 412 2040 tionem
444 1999 493 2039 et
523 1997 737 2039 uirtutis
768 1997 1051 2040 utilitatem
1082 1997 1426 2040 consumitur?

304 2138 340 2182 4)
366 2149 490 2173 suum
513 2140 708 2174 Nauckius
783 2138 820 2181 5)
847 2138 1167 2173 Cithaeronem
1190 2138 1314 2182 uulgo,
1340 2149 1433 2175 corr.
1459 2149 1540 2172 cum
1557 2138 1742 2174 Scheffero

215 2185 389 2218 Buntius:
415 2185 575 2218 fortasse
599 2185 644 2217 in
669 2185 947 2218 Cithaerone
974 2195 1024 2217 ea
1048 2185 1230 2228 peperit
1283 2183 1319 2227 6)
1345 2185 1590 2218 occasione
1607 2185 1741 2228 uulgo:

215 2231 357 2264 correxi
449 2231 483 2273 7)
510 2241 560 2264 sc.
586 2240 743 2264 seruam.
835 2230 870 2270 8)
895 2230 1006 2263 illuc
1030 2230 1154 2273 uulgo,
1181 2240 1270 2265 corr.
1295 2229 1486 2263 Nauckius
1565 2230 1743 2273 Respexit

215 2277 375 2309 fortasse
400 2275 497 2309 hanc
522 2276 686 2309 fabulam
710 2275 841 2308 Cicero
857 2275 960 2308 Lael.
981 2277 1034 2317 19,
1053 2277 1096 2309 70
1121 2278 1182 2308 ‘ut
1204 2276 1243 2308 in
1267 2275 1405 2308 fabulis
1431 2275 1493 2318 qui
1517 2274 1743 2319 aliquamdiu

215 2325 363 2364 propter
387 2322 651 2364 ignorationem
678 2321 803 2364 stirpis
829 2324 865 2353 et
883 2322 1030 2363 generis
1054 2322 1093 2353 in
1110 2320 1293 2354 famulatu
1311 2321 1472 2359 fuerunt,
1497 2331 1577 2353 cum
1602 2321 1742 2364 cogniti

216 2370 302 2400 sunt
327 2370 363 2400 et
387 2370 451 2399 aut
476 2366 622 2400 deorum
648 2370 711 2399 aut
735 2377 860 2409 regum
884 2366 952 2398 filii
978 2367 1138 2408 inuenti,
1165 2366 1326 2399 retinent
1349 2368 1472 2398 tamen
1488 2366 1679 2399 caritatem
1703 2367 1742 2398 in

214 2416 395 2455 pastores,
424 2422 514 2455 quos
545 2416 672 2455 patres
697 2411 830 2444 multos
856 2422 972 2444 annos
998 2422 1078 2444 esse
1097 2412 1305 2444 duxerunt.’
1375 2411 1393 2443 I
1410 2411 1551 2443 Probus
1575 2413 1614 2443 in
1630 2412 1741 2454 Verg.

214 2457 295 2492 Ecl.
320 2460 358 2499 2,
385 2458 427 2490 25
453 2469 487 2500 p.
509 2459 528 2490 7
547 2457 643 2493 Keil,
677 2457 978 2500 ‘Amphionem
1003 2460 1040 2490 et
1063 2457 1248 2490 Zethum
1271 2456 1466 2499 Euripides
1491 2458 1530 2489 et
1555 2455 1651 2499 apud
1674 2466 1742 2490 nos

215 2502 402 2535 Pacuuius
426 2503 550 2535 Iouis
575 2514 626 2536 ex
649 2502 843 2545 Antiopa
867 2502 1033 2544 Nyctei
1057 2503 1111 2534 ait
1134 2505 1280 2535 natos.
1318 2499 1573 2544 [Amphionem
1598 2499 1737 2544 autem]

215 2547 400 2580 cantando
431 2550 595 2591 potuisse
629 2550 794 2580 armenta
824 2558 958 2581 uocare
995 2550 1180 2581 testantur
1211 2547 1381 2580 Thebae’
1412 2557 1444 2579 e.
1478 2556 1512 2589 q.
1543 2556 1572 2579 s.
1626 2545 1741 2579 Sena-

215 2594 308 2625 rium
338 2593 482 2636 prologi
514 2593 643 2626 elicuit
667 2593 930 2626 Buechelerus.
1045 2592 1333 2635 Amphionem
1365 2594 1512 2624 autem
1541 2591 1657 2624 uerba
1686 2591 1740 2623 in-

216 2639 318 2671 clusa
347 2638 560 2671 coniectura
585 2637 772 2681 suppleuit
793 2638 840 2672 H.
865 2637 1018 2673 Keilius.
1059 2638 1201 2670 Pacuui
1229 2640 1466 2680 anapaestos:
1493 2636 1740 2670 ‘cantando

215 2683 430 2716 soluistis
462 2682 673 2721 Armenta
700 2686 887 2716 uocare’
920 2693 1120 2726 agnoscere
1153 2683 1224 2715 sibi
1255 2683 1358 2716 uisus
1391 2684 1448 2715 est
1478 2681 1694 2724 Hartungus

305 2729 342 2761 ΙΙ
365 2728 504 2761 Eadem
531 2729 786 2762 controuersia
809 2729 973 2771 tangitur
996 2728 1053 2761 his
1077 2727 1263 2761 Ciceronis
1286 2727 1396 2760 Iocis}
1437 2726 1481 2759 de
1507 2729 1597 2759 orat.
1623 2727 1661 2759 II
1685 2728 1739 2765 37,

217 2775 281 2807 155
315 2774 463 2815 ‘mir0r,
495 2785 558 2807 cur
589 2773 842 2817 philosophiae
875 2774 972 2806 sicut
1003 2773 1137 2806 Zethus
1166 2773 1231 2805 ille
1257 2773 1492 2805 Pacuuianus
1520 2781 1631 2814 prope
1662 2772 1740 2804 bel·

216 2819 290 2851 lum
314 2819 522 2852 indixeris)
571 2819 615 2852 de
641 2828 716 2860 rep.
742 2820 759 2851 I
786 2820 845 2860 18,
871 2821 915 2852 30
940 2822 1070 2861 ‘atque
1095 2818 1189 2851 idem
1212 2843 1220 2850 .
1236 2843 1243 2851 .
1258 2843 1266 2852 .
1289 2817 1443 2851 Zethum
1473 2816 1576 2849 illum
1600 2817 1741 2850 Pacuui

218 2864 325 2897 nimis
356 2864 545 2897 inimicum
575 2864 767 2898 doctrinae
800 2873 882 2897 esse
913 2863 1089 2897 dicebat.’
1139 2863 1184 2896 de
1213 2863 1286 2898 inu.
1319 2863 1336 2895 1
1361 2863 1421 2905 50,
1447 2863 1492 2895 94
1522 2862 1577 2895 ‘si
1606 2872 1679 2894 non
1703 2861 1740 2894 id

220 2909 317 2952 quod
343 2910 578 2943 accusabitur
603 2909 773 2943 defendet
803 2934 832 2942 ..
848 2935 856 2942 .
884 2911 925 2941 ut
950 2909 1131 2952 Amphion
1157 2908 1253 2951 apud
1276 2907 1489 2951 Euripidem
1516 2906 1618 2950 [item
1644 2907 1741 2950 apud
