1942 3204
211 152 266 193 22
849 156 891 196 o.
919 154 1093 189 ENNJVS

768 258 853 301 VII
887 257 988 315 (inc.
1008 261 1117 302 auct.
1140 258 1185 316 7)

1420 338 1547 393 eheu,
1577 338 1739 380 uidete!

244 411 301 453 55
334 411 548 453 Iudicabit
579 410 790 454 inclutum
821 411 1027 454 iudicium
1058 413 1171 455 inter
1203 414 1302 456 deas
1333 415 1411 456 tris
1443 415 1614 470 aliquis:

333 487 425 537 Quo
446 489 602 531 iudicio
624 488 964 531 Lacedaemonia
980 491 1146 545 mulier,
1164 489 1391 533 Furiarum
1410 494 1508 547 lina,
1528 491 1738 534 adueniet.

258 684 276 702 χ
332 641 367 684 Ο
399 643 472 684 lux
505 641 677 698 Troiae,
709 643 1121 698 germaneHector!

337 718 447 768 Quid
480 717 542 760 ita
574 752 750 762 .....
782 735 878 762 cum
909 722 984 763 tuo
1016 722 1203 764 lacerato
1236 721 1430 781 corpore,

339 795 488 852 Miser,
520 798 595 838 aut
627 796 699 851 qui
730 798 772 838 te
806 797 866 839 sie
897 799 1136 840 tractauere
1167 798 1293 840 nobis
1323 798 1695 854 respectantibus?

246 950 302 991 60
333 948 447 991 Nam
480 950 665 1004 maximo
699 951 810 993 saltu
843 952 1063 1007 superabit
1094 952 1297 1008 grauidas
1330 950 1506 994 armatis
1539 967 1684 1008 equus,

337 1025 421 1069 Suo
457 1027 529 1082 qui
560 1029 687 1083 partu
721 1061 729 1069 .
762 1061 771 1069 .
804 1061 812 1069 .
846 1061 854 1070 .
885 1029 1036 1084 perdat
1066 1028 1277 1085 Pergama
1307 1029 1452 1072 ardua.

909 1105 949 1147 X
982 1103 1049 1162 (1)

335 1180 431 1232 †—
466 1181 624 1224 amidio
656 1197 789 1238 purus
821 1184 951 1237 putus

302 1311 371 1344 V11
398 1311 526 1344 Cicero
551 1311 594 1344 de
613 1311 685 1344 diu.
704 1313 721 1344 I
739 1314 793 1353 50,
814 1313 878 1344 114
903 1309 1124 1345 ‘furibunda
1140 1322 1242 1345 mens
1258 1313 1360 1346 uidet
1384 1316 1471 1347 ante
1495 1315 1620 1356 multo,
1647 1326 1742 1358 quae

215 1359 299 1388 sunt
324 1357 464 1389 futura:
491 1367 561 1400 quo
588 1356 633 1389 de
657 1367 794 1399 genere
819 1357 885 1390 illa
910 1360 995 1390 sunt
1018 1382 1048 1391 ..
1064 1361 1093 1391 .’
1119 1359 1165 1390 cf.
1191 1358 1325 1391 ibidem
1350 1359 1387 1391 II
1412 1361 1477 1400 55,
1503 1361 1566 1392 112
1594 1358 1675 1402 (VI)

305 1402 392 1434 VIII
415 1402 626 1435 Macrobius
651 1403 727 1435 Sat.
751 1403 802 1435 VI
828 1404 861 1445 2,
890 1403 931 1436 18
957 1403 1179 1445 ‘Vergilium
1212 1414 1232 1436 ο
1259 1403 1321 1436 lux
1347 1400 1577 1446 Dardaniae,
1611 1416 1696 1448 spes
1722 1416 1743 1439 o

213 1446 388 1479 fidissima
411 1448 612 1488 Teucrum,
640 1451 677 1480 et
701 1447 856 1491 reliqua.
893 1448 1035 1480 Ennius
1059 1448 1098 1480 in
1122 1447 1333 1481 Alexandro
1357 1474 1365 1482 .
1381 1473 1386 1481 .
1401 1452 1430 1482 .’
1524 1450 1576 1483 IX
1601 1450 1740 1484 Macro-

214 1491 294 1523 bius
320 1494 398 1527 Sat.
425 1493 475 1525 VI
498 1495 530 1534 2,
557 1495 600 1526 25
626 1493 849 1535 ‘Vergiliusz
882 1503 964 1525 cum
990 1493 1118 1526 fatalis
1142 1503 1258 1536 equus
1283 1494 1382 1526 saltu
1407 1504 1517 1537 super
1542 1495 1656 1528 ardua
1681 1506 1742 1530 ue-

213 1536 268 1569 nit
290 1537 490 1581 Pergama,
523 1542 559 1570 et
590 1541 769 1570 armatum
801 1538 961 1581 peditem
987 1539 1119 1581 grauis?
1136 1539 1262 1572 attulit
1287 1539 1383 1572 aluo.
1432 1540 1573 1573 Ennius
1597 1541 1634 1572 iu
1660 1540 1743 1574 Ale-

213 1581 352 1614 xandro
376 1586 450 1615 ...⁹
498 1582 636 1616 ibidem
661 1583 716 1616 111
743 1585 801 1625 13,
830 1585 871 1616 13
898 1586 960 1615 ‘ut
983 1583 1046 1616 ille
1071 1584 1254 1617 Troianus
1280 1594 1393 1627 equus
1425 1586 1642 1627 grauidus
1676 1596 1743 1618 ar-

214 1628 344 1660 matis
370 1628 470 1662 fuit)
562 1628 594 1660 X
619 1628 750 1661 Festus
774 1638 810 1671 p.
835 1630 901 1661 217
926 1628 973 1661 M.
998 1626 1162 1672 ‘[putum
1186 1639 1250 1672 pro
1276 1640 1365 1672 puro
1391 1629 1540 1674 dixisse]
1560 1632 1742 1674 *antiquos

219 1689 320 1694 -——
346 1683 426 1715 neq.
455 1672 579 1716 [aliter
609 1675 755 1716 accepit
786 1674 924 1706 Ennius
948 1684 1027 1706 cum
1057 1672 1163 1717 dixit]
1197 1674 1466 1707 inalexandr
1488 1700 1737 1710 .........

215 1717 379 1750 amidio
407 1729 539 1761 purus
564 1716 775 1761 put[us].’
802 1718 866 1760 (cf.
885 1719 931 1751 H.
949 1719 1091 1752 Keilius
1109 1719 1201 1752 Mus.
1221 1719 1336 1752 Rhen.
1354 1720 1405 1753 VI
1431 1731 1465 1763 p.
1491 1721 1571 1762 622)
1600 1721 1743 1754 Gellius

215 1763 264 1794 VI
290 1764 310 1795 5
336 1764 536 1806 ‘scriptum
561 1767 618 1796 est
644 1766 767 1796 autem
793 1774 944 1807 purum
970 1768 1122 1806 putum
1144 1790 1152 1798 .
1173 1789 1181 1797 .
1202 1789 1210 1798 .
1234 1768 1310 1797 tum
1334 1766 1372 1797 in
1397 1765 1441 1805 Q.
1467 1775 1606 1808 quoque
1632 1767 1744 1799 Ennii

213 1808 422 1850 tragoedia,
455 1819 549 1851 quae
583 1809 798 1842 inscribitur
820 1808 1057 1844 Alexander.’
1150 1810 1239 1843 Post
1263 1812 1305 1842 u.'
1321 1811 1365 1842 43
1395 1810 1454 1842 uel
1487 1816 1586 1844 certe
1618 1811 1743 1854 aliquo

216 1853 323 1885 huius
349 1853 498 1886 fabulae
524 1853 605 1886 loco
625 1854 834 1886 Cassandra
860 1854 994 1887 dixisse
1022 1857 1144 1897 potest
1167 1855 1241 1887 inc.
1265 1855 1338 1889 inc.
1364 1855 1438 1888 fab.
1457 1856 1519 1887 IX.
1545 1856 1744 1890 Praeterea

214 1898 259 1930 ad
290 1909 370 1930 eam
401 1899 642 1941 probabiliter
670 1899 880 1932 referuntur
909 1899 980 1933 inc.
1006 1910 1100 1932 nom.
1126 1900 1197 1932 XII
1230 1903 1266 1933 et
1301 1900 1372 1932 inc.
1397 1900 1469 1933 inc.
1504 1901 1577 1933 fab.
1602 1901 1645 1935 X.
1688 1902 1742 1934 Ex

217 1942 368 1986 prologo
393 1947 574 1986 sumptum
602 1954 682 1977 esse
710 1944 851 1977 conieci
875 1944 948 1978 inc,
974 1945 1046 1976 inc.
1072 1944 1146 1979 fab.
1173 1944 1205 1977 V

329 2108 382 2147 55
413 2110 580 2147 iudicabit
612 2111 823 2159 BeryMus,
857 2111 910 2147 M.
933 2111 1132 2158 Hauptz'us
1161 2111 1298 2148 Plzilol.
1321 2112 1390 2148 ΙΙΙ
1408 2110 1503 2158 547,
1534 2115 1601 2160 qui
1629 2109 1742 2149 etiam

215 2177 395 2203 numeros
426 2169 631 2204 constituit.
672 2167 842 2204 iudicauit
870 2168 960 2204 libri
1043 2167 1205 2204 inclitum
1235 2162 1369 2204 AB¹H
1397 2168 1570 2216 inclytum
1591 2164 1691 2205 B2V

215 2223 267 2259 58
289 2233 344 2271 sq.
367 2226 409 2259 ut
431 2222 483 2260 57
515 2228 750 2271 anapaestos
781 2235 863 2261 esse
893 2226 1012 2261 uoluit
1043 2225 1194 2261 Vossius
1281 2224 1333 2262 58
1363 2225 1411 2260 ita
1442 2236 1522 2261 cum
1554 2230 1615 2261 tuo
1645 2226 1744 2271 libri,

215 2290 314 2326 quae
335 2282 490 2316 insertis
511 2285 546 2316 te
567 2286 781 2317 contuemur
794 2284 886 2328 post
905 2281 953 2316 ita
974 2282 1132 2321 seruari
1149 2283 1268 2318 uoluit
1290 2280 1483 2318 Vahlenus
1501 2292 1595 2319 mus.
1618 2283 1741 2319 Rhen.

214 2336 322 2372 XIV
347 2335 427 2373 567
468 2339 566 2374 conl.
599 2349 690 2374 ann.
726 2337 791 2373 52.
823 2336 889 2374 55.
926 2337 1018 2374 179.
1049 2336 1131 2373 424
1161 2337 1271 2374 Med..
1291 2337 1350 2384 fr.
1381 2337 1494 2374 XIV.
1544 2338 1743 2375 Lacunam

214 2394 336 2428 uariis
365 2394 493 2439 modis,
527 2404 560 2430 e.
585 2405 618 2430 e.
640 2396 718 2430 sic:
749 2393 835 2442 quid
864 2393 913 2429 ita
946 2389 1139 2443 [iacentem
1171 2392 1204 2429 te
1232 2390 1334 2443 tuor]
1368 2399 1432 2429 tuo
1463 2393 1543 2430 cum
1573 2394 1596 2430 l.
1618 2406 1650 2431 c.
1672 2405 1740 2432 ex-

211 2450 322 2495 plere
351 2450 454 2485 licet.
515 2454 550 2485 te
586 2450 634 2485 ita
664 2450 837 2486 continuo
878 2449 1034 2487 Vossius
1149 2449 1200 2486 59
1239 2455 1440 2486 tractauerc
1478 2448 1581 2486 nohis
1618 2462 1740 2499 respe-

214 2501 412 2554 ctantibus]
444 2506 729 2554 respectantibus
761 2511 960 2542 tractauere
990 2505 1092 2542 nohis
1111 2507 1202 2543 libri
1276 2506 1464 2543 Numeros
1480 2518 1623 2553 parum
1645 2520 1739 2554 pro-

163 2550 170 2558 *
215 2562 360 2598 habiles
390 2563 666 2599 commendauit
695 2563 896 2609 Roeperus
933 2563 1069 2600 Philol.
1100 2562 1251 2600 XVIII
1277 2561 1357 2600 362
1389 2574 1445 2610 sq.
1563 2563 1617 2600 60
1646 2575 1742 2601 nunc

214 2619 309 2654 Par.
398 2618 583 2666 superabit
625 2619 779 2656 Vossius
817 2620 1002 2667 superauit
1035 2620 1125 2656 libri
1210 2618 1378 2668 grauibus
1417 2620 1558 2655 armatis
1589 2619 1739 2668 Anylic.

215 2673 310 2712 Par.
341 2675 443 2711 Med.
475 2687 498 2710 a
521 2676 541 2711 b
564 2687 585 2711 c
616 2676 736 2723 grauis
767 2680 922 2711 armatus
955 2675 1095 2713 Salisb.
1213 2676 1262 2713 61
1302 2675 1363 2723 qui
1399 2686 1465 2711 suo
1496 2680 1600 2723 partu
1631 2676 1739 2713 ardua

214 2730 340 2778 perdat
376 2730 548 2779 Pergama
583 2732 693 2778 libri,
738 2734 812 2768 nisi
847 2733 948 2779 quod
980 2731 1153 2780 Pergama
1192 2744 1262 2768 om.
1306 2731 1462 2778 Salisb.,
1503 2736 1738 2780 transposuit

216 2787 431 2834 Berylcius,
462 2789 529 2834 qui
557 2792 683 2824 tcmzen
713 2790 887 2825 senarios
916 2789 1107 2826 dimensus
1127 2793 1203 2825 est.-
1234 2789 1448 2835 suppletum
1478 2793 1739 2836 septenarium

216 2853 311 2879 uoce
340 2843 552 2892 prodigioso
577 2847 783 2891 proposuit
824 2845 1016 2881 Vahlenus
1131 2844 1182 2881 62
1213 2843 1404 2881 Catamidio
1446 2844 1599 2882 Vossius
