1942 3204
234 169 287 210 86
833 173 882 205 Μ.
908 172 1147 206 PAOVVIVS

857 274 1008 316 )()(111
1040 273 1137 332 (11)

354 356 513 399 Omnes
519 392 531 413 ,
563 357 635 413 qui
666 360 756 400 tam
788 373 917 414 quam
931 358 1027 406 ,n6s
1062 356 1243 415 [seuero]
1280 358 1473 400 seruiunt

269 434 323 476 75
357 433 444 477 Sub
476 436 629 490 regno,
661 436 818 477 callent
850 435 1071 477 dominum
1101 435 1281 491 imperia
1311 436 1513 477 metuere.

926 512 1073 554 XXIV

260 588 339 630 75³
360 588 554 644 Tegeaea
585 588 794 631 Arcadiae
827 588 980 631 ciuitas

870 693 1134 737 OHRYSES

886 783 889 785 “
926 771 948 813 I
981 769 1076 828 (14)

1087 848 1250 890 interea
1283 848 1365 891 loci

363 924 505 966 Fhioti
536 925 802 980 flaeoiseiint‚
834 925 1039 967 silescunt
1069 926 1207 981 uenti,
1237 925 1429 967 n1ollit1ir
1460 940 1588 967 mare.

911 1001 955 1043 II
987 999 1084 1059 (11)

354 1078 670 1134 Propemodum
703 1078 871 1120 animus
905 1078 1150 1121 coniectura
1182 1079 1233 1121 de
1266 1080 1407 1122 errore
1445 1079 1536 1121 eius
1569 1081 1764 1136 affigurat.

903 1155 970 1197 111
998 1153 1094 1212 (13)

354 1231 528 1289 'Atque7
547 1234 596 1274 ut
614 1231 871 1289 promeruit,
895 1235 1018 1288 pater
1037 1232 1141 1274 mihi
1162 1233 1347 1288 patriam
1365 1231 1594 1288 populaul‘t
1613 1248 1764 1276 meam.

328 1364 452 1396 XXIII
478 1363 568 1396 Non.
585 1363 663 1403 258,
683 1364 699 1394 1
727 1363 893 1395 ‘callet
919 1361 1106 1405 signifieat
1133 1363 1221 1395 scit:
1245 1363 1315 1395 hoc
1340 1366 1396 1395 est
1420 1363 1642 1405 calliditate,
1670 1374 1764 1406 quae

238 1413 294 1442 est
318 1409 461 1441 urbana
487 1408 647 1441 seientia
671 1411 744 1441 ...³
837 1408 957 1441 XXIV
983 1407 1105 1441 Schol.
1129 1407 1237 1442 Leid.
1265 1408 1310 1439 ad
1335 1407 1445 1450 Verg.
1471 1409 1535 1442 Ge.
1561 1408 1580 1440 I
1605 1410 1646 1441 18
1671 1410 1765 1442 ‘Te-

237 1465 350 1497 geaee
375 1464 462 1486 uero
495 1464 516 1486 a
543 1453 771 1486 deriuatione
805 1456 861 1486 est
886 1452 980 1495 quod
1013 1455 1069 1485 est
1093 1452 1305 1496 Tegeaeus:
1339 1464 1361 1485 a
1385 1453 1512 1496 Tegea
1543 1453 1676 1496 oppido
1701 1454 1766 1486 Ar-

238 1500 381 1533 cadiae.
429 1500 521 1532 Item
552 1499 724 1541 Tegeaea
749 1498 932 1531 Arcadiae
964 1498 1119 1539 ciuitas,
1155 1501 1197 1530 ut
1229 1498 1326 1540 apud
1350 1498 1553 1531 Pacuuium
1593 1499 1632 1531 in
1661 1498 1766 1532 Ata-

235 1546 386 1578 lanta:
430 1542 640 1585 'regeae'a
675 1543 901 1576 Arcadiae
939 1542 1126 1580 ciuitas,
1166 1545 1203 1575 et
1234 1542 1402 1586 reliqua.'
1463 1541 1690 1587 (Tegaeae
1721 1562 1766 1567 —

235 1591 440 1631 'Peg-aeus
466 1606 510 1611 -·
534 1589 714 1631 Tegaeo
740 1606 783 1612 —
808 1589 991 1631 Tegaea
1016 1605 1059 1612 —
1084 1587 1345 1621 manclanta
1367 1588 1550 1631 Tegaea
1581 1588 1677 1623 cod.:
1715 1589 1765 1622 cf.

237 1637 446 1678 Wagnerus
477 1634 514 1666 in
539 1633 649 1676 Verg.
673 1635 763 1668 Aen.
789 1635 819 1666 V
844 1633 924 1675 209)
977 1633 1257 1676 Descripseram
1288 1633 1380 1673 haec
1417 1637 1454 1666 et
1485 1634 1766 1667 emendaueram

238 1691 335 1713 anno
369 1680 454 1712 1852
486 1679 524 1711 in
557 1679 735 1712 addendis
768 1690 802 1722 p.
828 1679 880 1711 XI
910 1678 1083 1711 Danielis
1113 1678 1259 1711 Heinsii
1291 1689 1400 1711 manu
1432 1682 1599 1712 enotata:
1636 1681 1767 1722 postea

237 1726 304 1761 Th,
329 1725 576 1758 Mommsenus
607 1725 644 1757 in
670 1734 759 1757 mus.
783 1724 899 1757 Rhen.
919 1724 1006 1758 XVI
1028 1725 1095 1757 453
1120 1734 1239 1766 pauca
1264 1734 1307 1756 ex
1333 1724 1413 1766 ipso
1438 1723 1567 1757 codiee
1592 1727 1767 1767 excerpta

245 1772 388 1814 ‘Tegea
414 1769 596 1802 Arcadiae
629 1770 782 1812 ciuitas,
809 1772 848 1802 ut
874 1769 970 1812 apud
988 1770 1191 1802 Paeubium
1216 1769 1253 1801 in
1271 1769 1470 1802 Antlanta’
1497 1770 1633 1812 primus
1658 1769 1766 1803 edere

240 1816 314 1850 sibi
338 1816 441 1848 uisus
468 1818 535 1847 est.

330 1861 411 1894 Non
442 1860 552 1903 plane
587 1860 892 1902 praetereundum
923 1859 1072 1892 uidetur
1099 1858 1212 1892 schol.
1238 1859 1444 1892 Veronense
1468 1859 1515 1891 ad
1539 1859 1648 1902 Verg.
1673 1859 1764 1892 Aen.

239 1907 311 1939 XII
334 1907 402 1939 468
427 1916 461 1948 p.
481 1907 558 1946 107,
576 1907 596 1938 5
614 1906 656 1938 Κ.
683 1906 854 1938 ‘Iuturna
878 1902 1023 1948 uirago]
1050 1922 1092 1928 -—-
1117 1922 1161 1927 -
1185 1921 1228 1927 -
1254 1903 1374 1946 qualis
1398 1904 1437 1936 in
1460 1904 1662 1947 tragoediis
1680 1904 1765 1937 Ata-

238 1952 344 1984 lanta
369 1950 554 1983 traditur.'
643 1951 845 1983 Praeterea
869 1949 1090 1982 reddendum
1115 1949 1199 1982 huic
1225 1949 1372 1982 fabulae
1397 1949 1564 1992 suspicor
1588 1951 1660 1984 inc.
1687 1949 1762 1984 fab.

241 1997 287 2029 fr.
313 1997 366 2036 X;
393 1996 573 2028 incertior
598 1996 810 2028 coniectura
835 1995 878 2027 de
902 1995 945 2028 fr.
970 1995 1012 2027 V.

336 2041 506 2073 Cmucssss
538 2040 599 2073 uel
630 2040 753 2082 potius
785 2040 941 2074 CRvsns.
989 2040 1032 2072 In
1062 2039 1234 2072 librorum
1264 2038 1412 2072 indiciis
1441 2038 1561 2072 latent
1591 2039 1662 2072 hae
1693 2039 1766 2073 for-

241 2097 343 2119 mae:
379 2086 542 2127 Cryses
573 2084 808 2128 (Chryses)
841 2085 998 2118 Crises
1029 2083 1252 2128 (Chrises)
1286 2083 1478 2118 Croeses
1509 2084 1766 2127 (Chroeses)

242 2131 463 2166 ChiriseS.
511 2130 606 2163 Acta
629 2131 775 2163 uidetur
799 2134 881 2173 post
907 2141 1039 2163 annum
1064 2132 1129 2163 608
1154 2140 1222 2162 nec
1252 2130 1314 2162 ita*
1337 2129 1450 2162 multo
1482 2133 1571 2163 ante
1602 2131 1684 2163 615:
1717 2131 1765 2163 cf.

247 2179 390 2219 quaest.
417 2186 516 2209 scen.
540 2187 574 2218 p.
591 2177 657 2209 285
674 2186 727 2219 sq.
798 2175 815 2207 I
832 2175 923 2208 Non.
941 2176 1019 2217 488,
1039 2171 1081 2208 s4
1106 2175 1267 2208 ‘flueti
1292 2185 1355 2217 pro
1380 2175 1511 2208 fluctus
1532 2200 1540 2208 .
1556 2199 1563 2207 .
1579 2178 1607 2209 .'
1639 2174 1766 2218 (Cry-

244 2233 324 2255 sae
352 2221 489 2262 Bamb.)
517 2220 644 2254 Cicero
669 2221 713 2253 de
740 2223 833 2253 orat.
858 2222 915 2254 III
939 2222 998 2262 42,
1026 2222 1091 2253 167
1120 2223 1259 2263 ‘neque
1290 2220 1427 2252 factum
1451 2221 1602 2253 uerbum
1627 2223 1702 2261 est,
1725 2223 1768 2253 ut

242 2277 341 2299 mare
361 2266 560 2309 saxifragis
576 2267 697 2308 undis,
722 2276 842 2308 neque
859 2266 1093 2307 translatum,
1121 2269 1162 2298 ut
1185 2265 1386 2299 mollitur
1409 2267 1553 2298 mare.’
1622 2266 1659 2298 II
1675 2266 1767 2298 Non.

241 2314 327 2354 469,
354 2313 376 2344 8
401 2313 612 2354 ‘auguro'
638 2311 847 2354 (augurio
873 2310 1017 2352 Bamb.)
1128 2312 1188 2346 ‘R
1216 2310 1378 2352 Chrysae
1400 2313 1476 2344 ...²
1590 2311 1647 2344 111
1670 2310 1762 2343 Non.

242 2359 304 2400 39,
332 2358 374 2390 31
401 2357 643 2400 ‘populare
668 2356 850 2399 signifieat
874 2356 999 2399 populi
1023 2367 1181 2389 amorem
1206 2354 1423 2389 conciliare:
1448 2355 1545 2389 unde
1570 2355 1766 2399 populares

243 2402 350 2443 dicti,
376 2402 422 2434 de
446 2412 519 2435 uno
545 2401 677 2444 populo
704 2402 843 2435 amici.’
887 2401 992 2443 (Gre
1004 2412 1076 2435 sse
1099 2403 1157 2435 W.
1184 2399 1303 2443 Leid.)

358 2521 410 2559 74
440 2532 569 2558 seuero
601 2533 670 2560 om.
701 2522 792 2558 libri
884 2519 935 2558 75
967 2521 1148 2557 dominum
1179 2522 1327 2569 imperia
1356 2521 1561 2557 Mercerus
1590 2519 1765 2556 domitum

244 2579 394 2627 imperio
424 2579 526 2624 libri,
557 2579 632 2614 nisi
659 2579 760 2625 quod
787 2578 974 2626 imperium
1007 2577 1129 2614 Basil.
1153 2582 1189 2614 et
1221 2578 1348 2615 Vrbin.
1374 2577 1453 2615 308
1484 2576 1666 2613 dominum
1701 2577 1766 2612 im·

243 2635 383 2684 perium
413 2635 544 2671 Faber
574 2633 698 2670 domiti
727 2635 876 2682 imperio
908 2634 1070 2671 Bolbizcs
1154 2638 1334 2670 metueres
1366 2634 1489 2670 Basil.
1523 2633 1665 2670 Genea.

246 2692 298 2729 76
329 2692 465 2728 interea
495 2691 564 2727 loci
587 2691 794 2727 Gulielmus
823 2693 861 2727 in
882 2691 1012 2727 Plaut.
1033 2689 1115 2727 Mil.
1139 2701 1172 2727 c.
1205 2689 1231 2726 4
1262 2691 1357 2726 inter
1386 2701 1427 2726 ea
1455 2690 1535 2725 loca
1554 2690 1661 2735 libri,
1692 2691 1767 2726 nisi

247 2750 349 2797 quod
376 2748 446 2783 iter
477 2748 526 2785 W
628 2747 679 2784 78
712 2747 789 2783 eius
819 2748 902 2784 edd.
936 2747 1029 2783 etius
1048 2746 1084 2782 h.
1107 2758 1138 2783 e.
1171 2747 1260 2783 eiius
1292 2748 1413 2783 ceteri
1439 2746 1547 2782 libri:
1576 2745 1631 2792 cf.
1654 2745 1763 2782 Cors-

246 2816 362 2842 senus
390 2805 436 2841 de
460 2807 646 2851 pronum.
669 2803 694 2840 Ι
699 2799 716 2825 ²
741 2815 782 2851 p.
808 2803 872 2841 20.
895 2803 974 2842 301
997 2814 1053 2852 sq.
1086 2807 1121 2840 el
1143 2803 1405 2840 Buechelerus
1435 2803 1572 2840 dec-lin.
1602 2802 1688 2838 Lat.
1712 2801 1764 2839 39

361 2861 411 2898 79
442 2866 563 2909 pater,
595 2860 656 2909 qui
686 2860 836 2908 patriam
879 2860 1030 2897 Vossius
