1942 3204
251 151 306 193 42
889 155 932 195 Q·
956 154 1133 188 ENNIVS

918 257 1003 300 VII
1036 255 1103 314 (7)

368 341 519 382 Plebes
551 342 597 383 in
628 342 709 384 hoc
740 342 830 396 regi
863 341 1043 382 antistat
1073 342 1184 382 loeo:
1216 342 1315 383 lieet

369 418 624 460 Lacrumzire
656 419 788 473 plebi,
819 418 909 474 regi
940 418 1121 459 honeste
1154 419 1242 459 non
1274 419 1383 460 lieet.

774 501 882 543 VIII
914 498 1014 557 (ine.
1034 503 1147 556 poet.
1168 499 1244 557 20)

919 577 1108 620 Achilles

369 653 715 709 'Astrologorum
748 653 875 710 signa
907 656 951 697 in
984 657 1101 698 eaelo
1134 655 1300 710 quaesit
1332 655 1550 710 obseruat7
1580 655 1696 698 Iouis

251 733 338 773 200
370 731 478 773 Cum
510 747 638 786 capra
658 734 733 774 aut
757 748 869 788 nepa
900 735 975 774 afit
999 733 1187 775 exoritur
1206 734 1379 785 momen
1409 733 1581 787 aliquod
1613 733 1774 775 beluae.

305 833 311 843 x
369 807 490 858 Qu6d
528 811 594 851 est
631 811 730 851 ante
768 810 914 865 pedes,
952 811 1095 852 noenu
1134 812 1347 865 spectant:
1385 810 1490 851 caeli
1529 811 1774 852 scrutantur

972 890 1041 896 “”“
1098 888 1261 943 plagas.

363 992 431 1024 VII
459 992 703 1035 Hieronymus
733 993 904 1036 Epitaph.
936 993 1132 1036 Nepotiani
1168 1005 1201 1036 p.
1233 994 1299 1026 598
1330 994 1443 1034 Mign.
1479 992 1772 1036 ‘prudenterque

249 1037 390 1069 Ennius
416 1037 589 1079 plebes,
615 1039 687 1076 ait,
717 1039 761 1071 in
787 1039 891 1072 hoe'
918 1050 948 1071 e.
974 1049 1006 1081 q.
1031 1049 1058 1072 s.
1096 1040 1179 1071 Hue
1203 1038 1348 1071 rettulit
1371 1038 1548 1072 Columna
1582 1041 1773 1072 contracta

249 1091 293 1114 ex
317 1082 528 1124 Euripideis
552 1085 636 1116 446:

517 1122 540 1170 ἡ
567 1125 771 1182 δυσγένεια
796 1123 834 1162 δ’
861 1124 910 1168 ὠς
936 1125 1013 1172 ἔχει
1037 1141 1072 1162 τι
1097 1124 1299 1183 χρήσιμον·

517 1171 583 1206 καὶ
609 1185 681 1226 γαρ
706 1173 895 1216 δακρῦσαι
921 1171 1062 1217 ῥᾳδίως
1086 1177 1221 1213 αυτοῖς
1246 1171 1324 1218 ἔχει

517 1211 672 1270 {wavra
697 1214 730 1252 τ’
758 1217 898 1253 εἰπεῖν·
926 1219 976 1262 τῷ
1002 1217 1047 1254 δὲ
1073 1220 1238 1264 γενναίῳ
1264 1214 1381 1263 φύσιν

516 1263 662 1307 ανολβα
686 1264 819 1304 ταῦτα.

342 1308 431 1340 VIlI
457 1307 584 1342 Cicero
610 1309 654 1342 de
679 1321 753 1352 rep.
778 1311 794 1342 I
821 1311 880 1351 18,
905 1312 948 1344 30
972 1310 1120 1343 laudato
1144 1312 1255 1343 Ennii
1276 1321 1384 1343 uersu
1411 1321 1494 1342 ann.
1521 1312 1586 1344 335
1612 1311 1691 1343 ‘eui

246 1353 284 1385 in
309 1364 370 1385 ore
396 1363 539 1395 semper
562 1358 668 1387 erant
692 1355 756 1387 illa
775 1356 818 1388 de
843 1356 1087 1398 Iphigenia
1113 1356 1330 1389 Aehillis'
1356 1357 1559 1397 (Ii-meum
1577 1356 1770 1389 Aeflanus

249 1398 328 1431 cod.
413 1398 608 1432 Achillis
632 1401 751 1432 Maius
776 1400 971 1433 Achillei
996 1411 1076 1434 eum
1102 1402 1343 1434 Steinaekero
1369 1401 1569 1442 Moserusw
1599 1404 1772 1434 ‘astro-

248 1443 467 1486 logorum’
494 1454 524 1478 e.
552 1455 584 1487 q.
612 1455 641 1478 s.
674 1445 773 1478 Idem
797 1445 841 1478 de
867 1446 940 1478 diu.
967 1446 1004 1478 ΙΙ
1030 1448 1084 1488 13,
1110 1448 1154 1479 30
1179 1447 1389 1489 ‘physicus‚
1422 1457 1491 1489 quo
1517 1457 1649 1489 genere
1680 1447 1772 1478 nihil

249 1489 485 1530 arrogantius
510 1488 638 1532 [201]’.
679 1491 848 1523 Donatus
872 1491 910 1523 in
936 1492 1020 1524 Ter.
1047 1491 1193 1534 adelph.
1213 1493 1267 1524 111
1285 1495 1316 1531 3,
1343 1494 1385 1525 32
1412 1492 1543 1534 ‘quod
1568 1494 1671 1524 ante
1695 1503 1770 1534 pe-

248 1533 326 1566 des
350 1533 473 1567 modo
500 1538 568 1567 est
591 1534 768 1578 uidere]
798 1536 865 1569 hoe
892 1537 1046 1578 sumpsit
1070 1540 1181 1579 poeta
1208 1537 1250 1569 de
1277 1537 1338 1569 illo
1358 1538 1394 1568 in
1413 1537 1600 1579 physicum
1626 1536 1770 1579 peruul-

247 1581 334 1620 gato
359 1578 591 1612 Achillae’
618 1581 842 1621 (ancillae
869 1586 954 1614 ante
981 1581 1225 1624 Schopenum)
1252 1583 1390 1614 ‘dieto:
1423 1582 1536 1624 quod
1569 1586 1636 1614 est
1666 1584 1770 1614 ante

247 1623 404 1665 pedes,
430 1635 515 1657 non
532 1625 675 1657 uidet:
701 1626 820 1659 caeli
840 1629 1076 1659 serutatur
1093 1627 1276 1670 plagas)
1310 1627 1452 1659 Seneca
1469 1628 1513 1659 de
1532 1631 1644 1659 morte
1663 1626 1771 1659 Clau-

246 1669 297 1700 dii
313 1671 334 1702 8
361 1669 467 1711 ‘quid
492 1670 529 1702 in
555 1670 722 1703 eubiculo
741 1682 804 1704 suo
825 1671 938 1703 faciat
956 1672 1094 1712 nescit,
1120 1676 1158 1704 et
1181 1673 1252 1704 iam
1277 1673 1392 1705 caeli
1418 1676 1651 1704 scrutatur
1674 1672 1770 1714 pla-

246 1716 348 1756 gas?
372 1714 471 1747 ‘deus
502 1714 578 1747 fieri
603 1715 716 1748 uult.’
759 1717 807 1750 ef.
837 1717 947 1749 Varro
978 1717 1076 1759 apud
1107 1717 1263 1750 Nonium
1294 1729 1327 1760 p.
1355 1719 1438 1758 369,
1463 1718 1496 1750 8.
1523 1719 1605 1758 382,
1629 1719 1652 1749 4
1683 1715 1768 1759 (sat.

244 1759 304 1791 lex
329 1759 478 1792 Maenia
504 1760 547 1795 fr.
574 1762 625 1794 VI
651 1761 728 1799 R.):
755 1765 841 1794 ‘nos
867 1761 1092 1794 admirantes
1118 1762 1211 1804 quod
1237 1773 1365 1795 sereno
1396 1762 1531 1795 lumine
1556 1761 1768 1803 Tonuisoet,

245 1803 362 1837 oculis
394 1804 514 1837 caeli
545 1806 700 1838 rimari
730 1806 915 1849 plagas!
963 1808 1143 1839 Lucerum
1175 1810 1284 1848 atque
1316 1809 1496 1840 incertum
1520 1807 1629 1839 Nonii
1660 1808 1768 1839 testi-

245 1850 404 1882 monium
428 1861 461 1892 p.
487 1852 566 1891 145,
595 1853 635 1884 13
661 1856 837 1893 ‘nepam
862 1851 1006 1894 quidam
1032 1863 1200 1884 cancrum
1218 1855 1351 1894 putant
1376 1852 1423 1884 ad
1448 1852 1542 1884 illud
1567 1852 1762 1885 Plauti

247 1897 283 1926 et
306 1893 398 1926 illud
417 1895 537 1927 aliud:
564 1899 640 1928 aut
666 1907 759 1929 eum
784 1907 898 1938 nepa
924 1901 1021 1929 esset
1039 1897 1187 1929 dubium
1204 1898 1240 1929 in
1259 1900 1425 1939 utroque.
1458 1908 1541 1929 nam
1559 1908 1644 1930 uere
1669 1908 1765 1940 nepa

246 1939 410 1980 scorpius
445 1940 607 1972 dicitur)
656 1942 822 1983 Denique
850 1942 954 1974 iuuat
980 1936 1145 1992 P'iatonis
1169 1942 1408 1975 Theaetetum
1436 1953 1470 1985 p.
1499 1943 1563 1975 174
1599 1942 1766 1975 laudare:

235 1978 368 2026 ὥσπερ
393 1982 458 2017 καὶ
486 1984 615 2028 Θαλῆν
640 1979 968 2028 ἄστρονομοῦντα,
995 1998 1023 2018 ω
1049 1981 1240 2028 Θεόδωρε,
1273 1985 1338 2020 καὶ
1364 1981 1443 2020 ἅνω
1467 1984 1674 2031 βλέποντα,
1701 1998 1767 2020 πε-

245 2023 363 2062 σόντα
389 2027 444 2067 εἰς
469 2027 610 2073 φρέαρ,
643 2028 797 2072 Θρᾷττα
826 2042 883 2069 τις
909 2026 1072 2073 ἐμμελὴς
1104 2030 1167 2064 καὶ
1200 2032 1381 2075 χαρίεσσα
1412 2030 1647 2073 θεραπαινὶς
1672 2026 1769 2065 ἄπο-

245 2073 398 2116 σκῶψαι
424 2071 589 2117 λέγεται,
616 2069 666 2113 ὡς
690 2071 742 2108 τοὶ
767 2072 851 2119 μὲν
876 2071 922 2109 ἐν
949 2070 1124 2119 οὐρανῷ
1148 2078 1446 2119 προθυμοῖτο
1473 2073 1675 2117 εἰδέναι,
1714 2074 1764 2109 τὰ

246 2113 286 2151 δ’
312 2116 575 2161 ἔμπροσθεν
600 2114 743 2154 αὐτοῦ
769 2118 846 2154 καὶ
869 2116 989 2164 παρὰ
1015 2118 1165 2160 πόδας
1189 2117 1423 2155 λανθάνοι
1448 2116 1600 2156 αὐτόν.
1626 2115 1767 2155 ταύτὸν

245 2160 288 2197 δὲ
314 2159 428 2205 οἷρκεῖ
447 2163 603 2207 σκῶμμα
628 2160 690 2198 ἐπὶ
714 2161 861 2204 πάντας
887 2161 967 2199 ὅσοι
992 2161 1032 2199 ἐν
1051 2167 1263 2209 φιλοσοφίᾳ
1290 2165 1476 2210 διάγουσι.
1510 2167 1556 2200 cf.
1581 2167 1766 2209 Diogenes

243 2210 416 2242 Laertius
433 2211 449 2243 Ι
467 2212 499 2251 8,
517 2211 571 2244 34.
619 2211 662 2243 In
685 2214 792 2244 uates
811 2211 908 2254 apud
934 2212 1145 2255 Euripidem
1162 2212 1347 2245 inuehitur
1364 2212 1527 2245 Achilles
1552 2223 1586 2244 u.
1604 2211 1669 2245 955
1689 2222 1766 2255 sqq.

360 2329 437 2365 197
470 2331 617 2366 antistat
646 2332 792 2367 mauult
823 2331 1024 2379 Columna,
1056 2336 1180 2368 reete:
1211 2332 1265 2379 cf.
1297 2331 1533 2368 Ritschelius
1563 2340 1696 2378 opusc.
1719 2331 1769 2367 II

245 2384 325 2422 559
357 2390 512 2421 antestat
542 2389 655 2435 uulyo
759 2387 837 2424 199
869 2387 1137 2436 astrologorum
1168 2388 1268 2436 signa
1296 2400 1370 2434 pro
1397 2390 1624 2436 ylossemate
1651 2387 1765 2424 habet

245 2441 495 2478 Heinrichius
597 2444 737 2491 quaesit
773 2443 857 2480 Iac.
890 2444 1084 2490 Leoparcli
1119 2446 1333 2492 effemeridi
1365 2446 1534 2481 liter-arii
1568 2445 1607 2480 di
1643 2443 1763 2480 Roma

243 2499 306 2534 IX
335 2497 415 2534 333
437 2509 531 2546 sqq„
564 2498 816 2536 Heinrichius
846 2499 1017 2543 QVIDSIT
1050 2501 1133 2537 cod.
1166 2501 1304 2548 quaerit
1324 2501 1453 2537 Maius
1481 2503 1520 2537 in
1551 2501 1608 2536 ed.
1637 2510 1713 2536 sec.

244 2559 431 2601 opseruat:
462 2554 556 2591 Iouis
578 2555 708 2592 Maius
736 2555 1081 2593 OBSERVATIONIS
1109 2558 1189 2593 cod.
1221 2555 1433 2593 obseruant:
1471 2555 1567 2592 Iouis
1589 2555 1764 2592 Naelcius

357 2609 440 2648 200
468 2622 610 2647 momen
642 2612 711 2648 Ad.
740 2613 995 2660 Kiesslinyius
1024 2614 1245 2650 dubitanter
1276 2610 1343 2660 (cf.
1382 2623 1483 2660 quae
1520 2613 1572 2648 ad
1608 2611 1766 2648 Horatii

244 2679 280 2703 α.
309 2678 348 2713 p.
370 2665 450 2704 253
481 2683 536 2696 =
567 2666 646 2704 281
672 2667 819 2723 393233
851 2679 931 2716 sqq.
966 2668 1176 2715 adnotaui.)
1207 2668 1360 2704 NOMEN
1390 2669 1470 2705 cod.
1502 2667 1622 2704 lumen
1643 2668 1759 2704 Hein-

244 2724 390 2759 richius
474 2722 599 2760 beluae
630 2725 882 2761 Heinrichius
911 2723 1146 2761 BELVARVM
1177 2723 1238 2771 (m.
1271 2725 1294 2760 2
1325 2726 1472 2771 duplex
1501 2723 1541 2770 L)
1572 2724 1654 2759 cod.

244 2778 322 2816 201
363 2790 484 2815 noenu
517 2785 681 2827 spectant
711 2781 989 2817 Fleckeisenus
1028 2793 1116 2818 ann.
1153 2782 1298 2828 philoll.
1334 2780 1439 2818 1865
1464 2792 1506 2827 p.
1537 2779 1619 2817 620
1655 2790 1759 2816 nemo

242 2840 379 2883 spectat
412 2834 544 2873 Cicero
574 2847 647 2872 non
678 2836 776 2873 uidet
802 2836 971 2874 Donatus
