1942 3204
723 204 1074 242 COROLLARIVM
1162 239 1168 246 ,
1550 204 1666 240 XXXI

135 317 249 362 lorus
274 315 579 360 animadvertit
609 314 697 358 fere
729 314 899 371 integra
930 316 1083 370 poetae
1110 313 1239 355 verba
1265 328 1355 355 esse
1388 314 1447 355 sie
1475 314 1666 356 versibus

135 386 465 432 conformanda:

781 455 890 499 uidi
922 470 1006 499 eas
1037 457 1195 498 ferme
1226 455 1446 498 feminas

195 528 442 573 incolumi
468 527 730 586 pudicitia
754 542 882 583 esse,
914 528 1041 584 quae
1067 530 1207 570 stata
1231 527 1394 569 forma
1419 527 1605 570 forent.

137 612 198 658 At
233 628 301 656 me
345 614 535 656 tenuitas
580 612 790 669 quaedam
829 611 1039 654 sermonis
1077 626 1102 653 a
1139 610 1218 652 tali
1256 610 1556 653 observatione
1597 611 1664 653 de-

133 686 358 730 terruerat.

252 767 308 811 V.
338 767 425 812 258
467 767 594 811 fidem
632 766 1049 823 haec.p0tissimum
1086 765 1295 808 librorum
1334 764 1547 820 scriptura
1580 765 1666 818 sbr-

134 840 303 894 titerque
331 840 550 882 innoxium
579 852 725 882 uocare
755 839 977 881 culuersum
1006 837 1270 879 aduersarios
1300 836 1454 878 mereri
1487 835 1665 878 videtur.

135 909 250 953 Nam
281 910 336 954 ad
366 911 512 967 priora
542 910 726 952 relatum
754 910 918 963 sortiter
938 909 1118 951 moleste
1145 907 1339 950 abundat
1364 909 1408 949 et
1438 904 1665 960 παρέλκει.

133 981 185 1024 In
216 996 342 1025 versu
374 984 520 1024 autem
551 981 749 1038 expedita
780 983 883 1023 sunt
919 981 1059 1036 prima
1090 982 1134 1021 et
1164 981 1400 1035 postrema,
1439 978 1666 1033 scrupulus

133 1056 177 1096 et
212 1068 491 1096 numerorum
527 1055 571 1095 et
608 1052 835 1109 sermonis,
877 1052 924 1094 in
961 1066 1046 1107 quo
1085 1050 1295 1106 offendas,
1338 1050 1384 1092 in
1421 1049 1562 1091 medio
1600 1052 1667 1091 est

132 1138 290 1167 uocare.
345 1124 439 1175 Quo
471 1124 610 1180 magis
640 1138 888 1179 perversum
920 1123 1035 1179 quod
1064 1122 1148 1165 hoc
1179 1135 1282 1177 prae
1314 1121 1465 1162 ceteris
1498 1134 1666 1162 servare

134 1195 409 1250 studuerunt,
439 1196 605 1251 reliqua
635 1195 839 1238 audacter
868 1196 1036 1236 mutare
1067 1208 1158 1236 non
1189 1192 1507 1235 dubitaverunt.
1557 1191 1665 1234 Lau-

133 1266 300 1309 dandus
331 1267 465 1323 igitur
495 1266 802 1322 Buechelerus,
840 1265 955 1322 quod
993 1279 1095 1308 vera
1132 1264 1321 1307 vulneris
1359 1263 1464 1316 sede
1496 1263 1666 1305 detecta

133 1338 354 1394 scripsisse
397 1337 590 1380 Ennium
628 1338 812 1380 coniecit
849 1337 1125 1393 ‘fortiterque
1168 1335 1392 1378 inn6xium
1427 1338 1536 1376 stare
1579 1333 1667 1390 (vel

132 1407 308 1467 instare)
335 1409 565 1452 aduersum
590 1409 890 1452 aduersarios’.
937 1407 1102 1459 Quibus
1131 1407 1311 1450 eandem
1342 1405 1569 1448 adsecutus
1601 1408 1667 1447 est

133 1481 411 1536 sententiam,
442 1495 572 1536 quam
602 1480 694 1536 ipse
722 1480 824 1523 olim
851 1479 1062 1536 flagitavi,
1094 1493 1191 1521 cum
1223 1477 1493 1532 ‘fortiterque
1520 1479 1665 1532 aperte

132 1554 342 1609 pugnare'
375 1551 652 1608 periclitarer.
690 1549 773 1594 Sed
805 1553 951 1594 ‘stare’
986 1550 1231 1606 corruptela
1261 1550 1308 1591 in
1332 1562 1478 1591 uocare
1509 1548 1665 1590 abiisse

133 1636 286 1678 parum
329 1623 541 1665 credibile.
614 1621 869 1665 Absolvitur
912 1622 1174 1677 emendatio,
1223 1621 1259 1663 si
1303 1634 1446 1662 orare
1488 1619 1665 1662 verbum

132 1693 354 1749 proprium
385 1694 466 1750 eis,
496 1693 570 1749 qui
601 1675 774 1735 causam
806 1696 962 1750 agunt,
993 1692 1276 1735 substitueris.

250 1775 304 1819 In
343 1776 540 1832 sequenti
584 1791 709 1819 versu
747 1791 802 1819 ne
847 1776 915 1819 cui
959 1775 1143 1818 Acidalii
1181 1774 1427 1817 coniectura
1463 1787 1511 1815 ea
1548 1773 1665 1815 liber-

133 1850 231 1899 tast,
262 1848 300 1890 si
330 1848 402 1902 qui
425 1851 568 1903 peetus
592 1848 792 1904 inponat,
824 1850 998 1890 cautum
1024 1847 1122 1890 volo
1148 1846 1353 1901 exemplis
1378 1844 1519 1887 Plauti
1544 1844 1665 1886 Asin.

133 1919 220 1962 323
253 1920 346 1962 ‘em
376 1919 461 1962 ista
490 1920 627 1963 virtus
665 1922 748 1975 est,
786 1918 958 1974 quando
996 1920 1120 1960 usust
1157 1917 1230 1973 qui
1260 1917 1422 1959 malum
1459 1915 1544 1958 fert
1579 1916 1665 1958 for-

94 1978 102 1984 *
132 1990 256 2033 titer'
289 1993 333 2033 et
363 1990 554 2033 Terentii
584 1990 676 2033 hec.
710 1990 795 2033 608
835 1990 970 2032 ‘istuc
1001 1991 1067 2031 est
1098 2003 1264 2044 sapere,
1302 1988 1375 2043 qui
1411 1987 1485 2028 ubi
1517 2001 1663 2042 quom-

134 2077 216 2118 que
248 2077 356 2118 opus
389 2062 446 2104 sit
476 2062 669 2104 animum
700 2060 1076 2119 possis-flectere!

251 2143 304 2187 V.
324 2144 423 2187 262.
460 2144 527 2187 Ex
545 2144 716 2187 traditis
743 2148 830 2187 tum
850 2148 894 2187 tu
911 2145 983 2187 isti
1007 2144 1163 2186 credere
1180 2142 1350 2185 facilius
1371 2119 1500 2184 etiam
1521 2141 1664 2182 elicias

133 2218 177 2258 tu
219 2216 401 2258 ‘'notuisti
444 2216 623 2258 credere:
661 2215 714 2258 cf.
750 2215 895 2258 Plauti
930 2214 1084 2257 Pseud.
1121 2214 1208 2256 304
1253 2215 1420 2255 ‘metuo
1465 2212 1661 2254 credere?

134 2286 270 2330 Totus
300 2287 434 2343 igitur
463 2287 584 2330 locus
613 2286 798 2329 fortasse
830 2286 890 2329 sic
921 2285 1230 2328 restituendus:

632 2367 809 2427 [nonne]
843 2372 891 2412 tu
923 2369 1115 2412 metuisti
1147 2367 1346 2410 credere?

393 2442 415 2490 [Γ
445 2427 578 2496 tuque
610 2441 804 2484 exercere
835 2439 1051 2498 linguam,
1082 2443 1131 2482 ut
1162 2438 1404 2496 argutfrrier

393 2509 535 2567 possis
568 2536 623 2542 -—
655 2511 678 2554 ‘1'

250 2594 304 2638 V.
335 2595 435 2638 267.
485 2593 702 2638 Constans
728 2596 774 2638 in
795 2595 934 2649 futtile
960 2609 1062 2639 voce
1089 2594 1252 2650 primae
1278 2592 1438 2635 vocalis
1464 2604 1664 2632 mensura

132 2666 265 2723 longa
309 2668 353 2708 et
395 2665 729 2709 adlitterationis
773 2666 1002 2709 artificium
1048 2666 1175 2708 unius
1219 2663 1414 2707 versiculi
1460 2661 1580 2715 orbe,
1628 2661 1663 2702 si

134 2737 225 2779 fieri
255 2739 418 2793 potest,
449 2736 736 2780 cohibendum
768 2751 916 2780 vocem
947 2738 1074 2779 amici
1105 2735 1300 2792 quamvis
1333 2747 1408 2789 per
1439 2747 1484 2773 se
1516 2734 1663 2786 aptam

133 2808 180 2850 in
205 2807 493 2864 suspicionem
519 2811 694 2865 vocant,
724 2811 774 2851 ut
805 2823 914 2864 quae
941 2809 1032 2850 sola
1064 2808 1121 2850 sit
1151 2807 1195 2849 in
1228 2820 1314 2860 qua
1343 2804 1482 2859 possit
1510 2802 1663 2845 vitium

134 2879 278 2921 latere.
334 2877 494 2935 Scripsi
525 2879 658 2935 igitur
689 2881 864 2931 animi,
898 2883 963 2934 ut,
994 2894 1091 2920 cum
1123 2877 1224 2919 alibi
1258 2876 1321 2918 vel
1355 2874 1540 2930 pendere
1571 2874 1663 2916 salli
