1942 3204
309 198 393 240 288

307 304 515 347 abigeum
539 301 640 336 Erm.
668 302 764 336 300*

308 349 354 380 ab
382 348 540 381 stabulis
566 349 755 391 abiugat
778 346 869 381 Pae.
894 349 959 380 222

307 393 489 426 abluam
516 391 607 426 Pac.
632 395 698 427 245

308 438 574 471 abnuebunt
596 436 697 471 Eam.
722 440 789 472 284

307 485 343 515 te
370 484 506 516 adirier
531 484 727 517 abnutas
752 481 852 518 Eun.
877 486 942 519 306

309 528 551 562 abscedite
576 526 667 562 Pac.
694 530 759 562 265

307 573 434 615 paucis
460 573 664 606 absoluit
687 572 778 607 Pac,
807 577 867 608 181

308 618 572 651 abstrahite
597 616 674 651 Att.
700 621 765 651 382

307 664 548 696 abstrusos
573 665 674 696 sinus
698 662 789 697 Pae.
816 667 882 698 394
902 664 919 682 “
943 664 1051 698 acula

358 733 365 740 .
386 733 395 742 .
425 708 595 741 abstrusa
620 709 659 740 in
682 709 829 743 flumine
847 708 924 742 Att.
949 711 1015 743 462
1033 709 1050 728 *

307 751 433 786 absum
458 753 555 796 quod
578 763 674 786 nunc
705 755 834 788 abest
856 753 957 791 E‘rm.
984 757 1048 788 271

354 800 485 841 quibus
510 800 616 832 abest
637 823 646 831 .
667 824 674 831 .
700 801 841 832 astutia
866 798 958 836 Pac.
985 802 1050 834 358

354 845 543 877 absentem
568 841 646 876 Att.
670 845 714 877 38

309 889 515 922 absumor
538 886 615 921 Att.
641 890 707 922 564

309 934 546 967 abundans
572 934 730 980 fortunis
752 933 829 968 Att.
847 937 913 969 685
939 936 1055 968 abun-

353 979 502 1012 dantem
533 1003 542 1013 .
561 1004 569 1012 .
601 990 743 1012 amnem
773 978 849 1013 Att.
875 982 940 1014 297

309 1035 354 1056 ac
385 1022 488 1057 Eun.
515 1022 613 1057 133*
644 1023 735 1058 Pac.
767 1024 844 1058 73*
875 1023 955 1066 (bis)
985 1027 1051 1059 256

352 1068 428 1103 Att.
464 1072 527 1103 135
561 1070 624 1102 163
655 1071 721 1103 208
744 1069 761 1088 *
793 1072 857 1103 301
889 1073 955 1104 303
985 1071 1051 1104 385

353 1116 419 1148 451
445 1116 510 1148 568
535 1115 600 1147 575
625 1113 696 1148 inc.
721 1113 793 1148 inc.
811 1114 884 1156 fab.
904 1117 968 1149 157
985 1118 1051 1149 220

353 1162 442 1193 item
468 1171 511 1193 ac
536 1158 613 1194 Att.
640 1161 706 1193 315
722 1160 739 1177 '¹
764 1171 878 1204 aeque
905 1172 949 1194 ac
973 1158 1050 1194 Att.

346 1207 467 1247 praet.
492 1206 534 1239 32
560 1204 667 1237 simul
692 1216 736 1238 ac
765 1203 841 1239 Att.
865 1207 932 1239 449

308 1261 380 1284 non
397 1251 492 1294 potis
510 1250 677 1283 accedi
700 1248 802 1284 Enn.
818 1253 883 1285 317
910 1252 1051 1285 accessi

353 1297 516 1329 Aeaeam
539 1293 630 1328 Pac.
656 1297 721 1328 218
738 1295 756 1313 *

309 1351 474 1384 gressum
501 1340 792 1374 accelerasse
816 1339 894 1374 Att.
918 1343 962 1374 24

309 1386 431 1419 lumen
461 1411 469 1419 .
491 1411 498 1418 .
530 1386 745 1418 accendat
769 1383 870 1419 Enn.
895 1388 960 1420 367
989 1397 1052 1419 ac-

356 1431 521 1509 clenderit
561 1431 627 1464 368
668 1431 849 1474 Pergama
885 1433 1053 1464 Accensa

393 1474 444 1509 iu.
470 1478 491 1509 3

311 1532 379 1565 quo
398 1521 566 1566 Castalia
590 1546 597 1553 .
612 1547 619 1555 .
643 1521 750 1565 lapsu
775 1522 947 1554 accidit
964 1519 1052 1554 Liu.

323 1580 329 1583 ’
354 1568 397 1600 37
424 1569 559 1609 quanto
584 1578 602 1599 e
622 1566 702 1600 loco
727 1592 734 1600 .
749 1592 758 1600 .
780 1567 886 1609 lapsa
903 1567 1052 1599 fortuna

356 1611 508 1644 accidat
531 1609 632 1644 Enn.
658 1614 721 1646 371
755 1622 826 1653 quo
852 1612 1051 1644 accedam?

356 1654 457 1689 Erm.
483 1658 524 1690 77
558 1657 657 1690 nilne
684 1657 731 1690 ad
757 1661 790 1689 te
821 1681 830 1690 .
849 1682 857 1690 .
890 1657 1051 1690 accidit?

354 1700 446 1737 Pac.
473 1703 516 1734 34
540 1713 611 1735 uox
636 1702 682 1735 ad
707 1703 806 1735 auris
824 1702 959 1735 accidit
973 1701 1053 1735 Att.

354 1749 420 1780 449
447 1758 490 1779 ea
516 1747 548 1779 si
574 1747 634 1780 cui
665 1748 703 1779 in
729 1757 854 1780 somno
880 1747 1054 1780 accidunt

353 1790 430 1828 Att.
443 1794 564 1834 praet.
580 1794 623 1826 30
644 1793 852 1826 accedisset
867 1790 970 1825 Eam.
988 1794 1053 1826 206

310 1838 524 1870 accierim
548 1835 627 1870 Att.
651 1839 717 1871 485

311 1883 516 1925 accipite
543 1880 647 1915 Εηη.
673 1884 739 1916 236
771 1886 965 1926 acceptam
997 1894 1052 1915 me

356 1932 486 1961 necato
504 1925 606 1961 Eun.
625 1929 691 1961 355
707 1927 724 1946 *
750 1928 845 1971 quod
864 1939 932 1971 ego
949 1929 1054 1960 inau-

357 1974 433 2005 diui
450 1974 603 2016 accipite
621 1971 712 2006 Pae.
730 1976 774 2007 35
791 1973 1052 2016 paedagogan-

357 2019 440 2051 dum
459 2020 598 2061 accipit
621 2017 710 2052 Pac.
731 2020 795 2051 192
821 2019 921 2061 prius
946 2029 1053 2061 quam

357 2074 513 2106 accepso
538 2064 635 2106 quod
652 2067 735 2106 peto
753 2061 844 2097 Pac.
861 2065 928 2097 325
952 2066 1051 2096 recte

355 2109 532 2151 perfectis
564 2110 679 2142 sacris
708 2109 795 2141 Volt
827 2109 947 2152 accipi
976 2106 1054 2141 Att.

312 2209 433 2232 arcem
472 2199 690 2242 Alfeumque
726 2199 940 2232 accolunt
975 2197 1052 2231 Att.

356 2245 422 2276 509
446 2244 613 2277 accolitis
638 2246 802 2277 Histrum
826 2242 948 2278 Naeu.
972 2245 1015 2277 65

311 2290 461 2322 exuuias
502 2315 509 2321 .
530 2314 538 2321 .
573 2289 683 2322 lateri
720 2289 1055 2322 accommodant

356 2331 434 2366 Att.
452 2336 518 2367 256
545 2335 649 2367 frena
672 2360 680 2368 .
696 2359 704 2368 .
728 2335 782 2367 ori
806 2345 976 2378 equorum
993 2345 1054 2366 ac-

356 2380 593 2418 commodant
615 2378 693 2413 Att.
718 2381 784 2413 686

312 2425 546 2458 accumbat
569 2436 733 2458 mensam
756 2423 834 2459 Att.
861 2426 927 2458 218

313 2479 509 2503 accusas
538 2468 610 2503 inc.
642 2469 715 2503 ine.
746 2468 820 2511 fab.
850 2472 916 2502 200
947 2480 1053 2502 accu-

357 2522 433 2548 sem
448 2512 520 2548 inc.
539 2513 611 2547 iac.
635 2514 710 2556 fab.
730 2517 792 2548 178
811 2517 876 2548 180
900 2525 1054 2548 accuses

312 2606 472 2640 incursio
511 2630 519 2640 .
546 2631 554 2638 .

357 2661 479 2684 acrem
496 2651 727 2683 acrimoniam
740 2649 861 2684 Naeu.
875 2651 918 2683 38
933 2661 1054 2683 acrem

357 2697 473 2728 aciem
514 2693 616 2729 Erm.
654 2697 719 2728 325
761 2697 899 2729 senium
939 2695 1052 2727 multo

357 2741 570 2773 acerrimum
593 2738 671 2773 Att.
689 2742 755 2773 468
782 2741 892 2773 telum
921 2741 1054 2773 acerri-

356 2796 452 2819 mum
476 2784 548 2819 ine.
573 2784 645 2819 inc.
668 2784 743 2827 fab.
770 2788 811 2819 78

312 2832 517 2864 acerbum
562 2841 625 2863 cor
658 2830 737 2864 Att.
773 2832 836 2863 201
879 2831 1052 2863 anxitudo

359 2877 492 2909 acerba
516 2873 592 2909 Att.
620 2878 684 2910 154
701 2875 718 2892 ¹¹¹

591 2607 707 2638 acris
739 2604 816 2638 Att.
844 2607 910 2638 320
942 2606 1054 2637 animi

910 203 1073 251 abigeum
1105 184 1160 228 ὲ
1191 203 1232 239 ad

1087 302 1363 335 Acheruntis
1378 300 1450 335 ine.
1467 301 1539 336 inc.
1556 301 1632 344 fab,
1650 306 1692 338 77
1717 305 1832 339 Ache-

1135 350 1274 380 rontem
1304 372 1312 381 .
1333 372 1341 380 .
1365 348 1474 380 obibo
1498 346 1599 382 Ena.
1624 351 1689 383 202
1715 348 1833 383 Ache·

1134 395 1241 425 runte
1265 391 1339 426 inc.
1365 391 1438 426 ine.
1463 391 1538 434 fab.
1563 396 1606 427 73

1088 437 1371 470 Acherunsia
1396 439 1535 481 templa
1557 437 1658 472 Ε’νιη.
1685 442 1729 473 70

1089 482 1261 515 Achilli
1286 483 1397 515 armis
1421 481 1500 517 Att.
1527 483 1591 518 145
1617 485 1704 518 dare
1730 495 1832 519 arma

1134 527 1271 560 Achilli
1293 525 1395 561 Eun.
1423 529 1487 560 148

1089 583 1252 616 Achiui
1281 582 1373 617 Pac.
1405 586 1469 617 217
1488 583 1505 602 *
1537 584 1690 619 classem
1720 586 1834 618 Achi—

1133 639 1216 661 uom
1252 628 1324 662 ine.
1362 627 1433 662 inc.
1469 627 1543 670 fab.
1577 632 1642 663 140
1678 631 1860 664 Achiuis·

1132 671 1234 710 Erm.
1263 675 1326 707 142
1356 675 1508 707 Achiuis
1540 675 1722 709 classibus
1753 675 1831 718 Att,

1133 720 1198 751 522
1230 719 1390 752 Achiuos
1417 717 1521 752 Ean
1549 721 1611 753 161
1642 718 1733 754 Pac.
1766 722 1831 755 136

1136 774 1215 796 cum
1239 765 1390 797 Achiuis
1413 762 1515 797 Eun.
1544 766 1585 798 17
1610 763 1690 801 Att.
1715 767 1782 800 358

1090 820 1231 853 aciem
1255 820 1469 854 inclinatam
1487 818 1590 856 Enn.
1611 823 1677 855 325
1696 823 1733 854 in
1749 823 1831 855 acic

1135 865 1282 898 celebra
1305 863 1400 899 Pac.
1425 867 1489 900 168
1518 867 1555 899 in
1580 867 1659 900 acie
1683 865 1762 902 Att.
1789 869 1830 900 12

1087 911 1297 989 Αέἑῖθξᾷἒ
1313 954 1404 990 Pac.
1429 954 1561 989 Penth.

1089 1012 1202 1044 animi
1233 1023 1356 1045 acrem
1392 1013 1679 1046 acrimoniam
1709 1011 1831 1047 Naew.

1133 1058 1176 1090 38
1200 1059 1309 1099 iram,
1336 1058 1572 1092 acrimoniam
1596 1056 1675 1092 Att.
1699 1060 1766 1093 468

1087 1102 1262 1135 acritas
1286 1100 1364 1135 Att.
1388 1105 1455 1136 467

1089 1148 1390 1181 acritudinem
1413 1146 1491 1181 Att.
1516 1149 1582 1182 466

1090 1195 1286 1226 actutum
1309 1191 1429 1226 Naeu.
1455 1195 1498 1226 25
1530 1191 1622 1227 Pac.
1651 1196 1714 1228 118
1750 1192 1831 1228 Att.

1089 1282 1224 1315 acula
1247 1282 1326 1317 Att.
1350 1284 1416 1316 462
1434 1282 1452 1301 *

1089 1339 1142 1372 ad
1171 1349 1227 1372 me
1259 1340 1364 1373 adire
1394 1337 1495 1373 Eun.
1529 1342 1595 1374 303
1627 1341 1831 1374 adeundum

1135 1384 1183 1416 ad
1207 1384 1323 1417 uirum
1346 1382 1424 1418 Att.
1452 1387 1493 1418 77
1520 1385 1643 1418 aditus
1668 1386 1716 1419 ad
1739 1397 1834 1420 mor-

1135 1432 1208 1462 tem
1225 1427 1297 1462 ino.
1315 1427 1387 1463 inc.
1404 1428 1478 1471 fab.
1498 1431 1563 1463 203
1589 1430 1635 1463 ad
1659 1441 1739 1464 eum
1757 1431 1833 1464 adi-

1135 1477 1263 1508 tauere
1287 1472 1390 1508 Erm.
1415 1477 1482 1509 394
1512 1478 1600 1508 eunt
1623 1475 1668 1508 ad
1694 1476 1834 1510 fontem

1134 1516 1235 1552 Ean.
1269 1521 1333 1553 125
1362 1518 1409 1561 cf.
1440 1518 1532 1555 Pae.
1564 1522 1631 1553 214
1658 1518 1738 1556 Att.
1765 1523 1832 1555 302

1135 1568 1328 1597 transeunt
1353 1566 1404 1597 ad‘
1425 1566 1539 1608 pedes
1564 1576 1609 1598 ex
1634 1566 1737 1608 equis
1760 1564 1832 1603 inc.

1135 1607 1206 1644 inc.
1220 1608 1299 1651 fab.
1320 1612 1385 1643 239
1408 1611 1453 1643 ad
1472 1610 1629 1654 patriam
1653 1635 1661 1643 .
1676 1636 1684 1645 .
1707 1611 1834 1644 rediis-

1135 1659 1193 1687 set
1228 1653 1307 1688 Att.
1340 1657 1406 1689 695
1443 1658 1489 1688 ad
1525 1659 1675 1688 mortem
1709 1660 1834 1689 meant

1135 1697 1255 1733 Naeu.
1279 1702 1322 1733 47
1349 1700 1396 1732 ad
1420 1704 1559 1743 pestem
1586 1726 1615 1734 ..
1646 1701 1833 1744 profectus

1136 1743 1207 1778 inc.
1231 1743 1305 1782 i‘ne.
1331 1744 1404 1787 fab.
1424 1747 1488 1779 146
1515 1746 1561 1778 ad
1587 1746 1833 1779 manticulan-

1137 1790 1219 1822 dum
1243 1815 1250 1824 .
1266 1815 1274 1823 .
1299 1791 1510 1833 aggreditur
1535 1789 1624 1824 Pac.
1642 1793 1708 1824 377
1732 1791 1832 1824 nilne

1138 1836 1182 1868 ad
1206 1838 1243 1868 te
1267 1860 1297 1869 ..
1321 1835 1484 1868 accidit?
1509 1834 1598 1870 Pac.
1625 1838 1670 1869 34
1698 1837 1745 1869 ad
1771 1847 1834 1869 au—

1136 1881 1188 1914 ris
1222 1881 1361 1913 accidit
1398 1879 1476 1914 Att.
1511 1883 1579 1914 449
1615 1881 1663 1913 ad
1697 1882 1832 1916 malam

1137 1925 1308 1960 Aetatem
1343 1927 1454 1959 adiun
1483 1937 1524 1960 as
1555 1923 1645 1959 Pac.
1680 1928 1744 1960 277
1786 1927 1832 1959 ad

1138 1981 1228 2003 saxa
1254 1970 1416 2004 adlidere
1476 1970 1518 2004 tt.
1543 1973 1586 2004 33
1618 1971 1665 2003 ad
1689 1981 1745 2003 me
1771 1972 1833 2008 asd-

1137 2016 1274 2058 pellere
1305 2013 1383 2049 Att.
1410 2017 1530 2058 praet.
1563 2018 1604 2049 19
1640 2016 1688 2065 ad
1722 2026 1832 2066 unum

1135 2061 1362 2147 J'ggpllltlffimad
1383 2061 1832 2149 massgggttlfixlieazqglicqaqilcs

1134 2149 1213 2185 Att.
1238 2152 1303 2183 411
1330 2151 1446 2197 adque
1473 2151 1632 2184 Oresten
1655 2175 1686 2184 ..
1717 2151 1831 2184 adsti-

1136 2198 1259 2228 tuerat
1274 2193 1352 2229 Att.
1369 2198 1413 2229 55
1429 2195 1446 2214 *
1471 2197 1591 2229 animo
1616 2197 1759 2229 attendi
1784 2196 1831 2229 ad

1137 2241 1384 2283 quaerendum
1401 2239 1492 2282 Pac.
1510 2243 1551 2275 17
1577 2241 1624 2274 ad
1643 2242 1738 2274 hanc
1756 2242 1831 2274 rem*

1142 2312 1150 2320 .
1171 2311 1179 2318 .
1209 2286 1352 2326 aduoca
1380 2285 1453 2321 ine.
1484 2285 1558 2322 inc.
1586 2284 1661 2328 fab.
1691 2287 1757 2320 238
1785 2287 1831 2319 acl

1136 2342 1204 2364 uos
1235 2331 1438 2365 adueniens
1466 2329 1569 2365 Enn.
1600 2333 1666 2365 314
1701 2331 1748 2364 ad
1781 2356 1791 2365 .
1815 2356 1824 2364 .

1136 2377 1274 2410 fontem
1304 2377 1508 2410 adneniunt
1538 2375 1616 2409 Att.
1647 2378 1712 2410 602
1737 2374 1754 2394 *
1782 2377 1830 2409 ad

1135 2421 1242 2455 finem
1268 2425 1414 2455 uentum
1439 2425 1496 2455 est
1519 2420 1598 2455 Att.
1618 2423 1663 2455 54
1687 2421 1733 2454 ad
1757 2424 1831 2455 sta-

1135 2467 1223 2500 bula
1247 2467 1339 2500 haec
1363 2468 1473 2500 itiner
1496 2467 1634 2500 contuli
1655 2465 1747 2500 Pac.
1767 2468 1829 2499 121

1137 2512 1232 2554 quod
1256 2512 1324 2544 iter
1347 2512 1522 2554 incipiam
1539 2512 1706 2556 ingredi?
1729 2536 1760 2545 ..
1783 2511 1830 2544 ad

1134 2557 1258 2589 Peliae
1282 2557 1376 2590 filias
1391 2554 1492 2590 Enn.
1510 2558 1575 2590 232
1601 2557 1647 2590 ad
1667 2561 1702 2590 te
1720 2557 1830 2589 itiner

1136 2603 1285 2636 tendere
1310 2600 1388 2635 Att.
1413 2605 1479 2636 500
1497 2601 1514 2619 *
1538 2602 1584 2635 ad
1605 2603 1729 2635 urbem
1753 2606 1831 2634 ten·

1136 2647 1227 2680 dunt
1242 2645 1321 2684 Att.
1338 2647 1404 2680 318
1423 2647 1468 2679 ad
1485 2647 1631 2680 Troiam
1648 2657 1726 2679 cum
1746 2647 1837 2689 misi·

1134 2690 1206 2728 inc.
1237 2692 1309 2725 inc.
1339 2690 1413 2733 fab.
1438 2693 1482 2725 86
1513 2694 1635 2725 ducite
1668 2691 1715 2724 ad
1748 2699 1838 2724 eum'

1134 2737 1212 2771 Att.
1244 2739 1311 2771 425
1348 2738 1393 2770 ad
1426 2737 1568 2770 caelum
1599 2736 1728 2769 extulit
1756 2734 1828 2770 inc.

1134 2781 1206 2816 ine.
1230 2780 1304 2824 fab.
1329 2785 1372 2815 93
1398 2782 1522 2815 tetulit
1550 2807 1558 2815 .
1578 2806 1587 2815 .
1618 2781 1665 2814 ad
1688 2781 1829 2815 caelum

1134 2827 1206 2864 inc,
1229 2826 1301 2860 ine.
1324 2825 1399 2869 fab.
1417 2828 1459 2861 70
1484 2827 1531 2859 ad
1554 2826 1695 2859 caelum
1719 2827 1828 2870 erigit

1133 2872 1211 2907 Att.
1235 2874 1302 2906 402
1327 2873 1375 2906 ad
1398 2872 1568 2916 populum
1593 2897 1600 2905 .
1616 2898 1623 2905 .
1646 2872 1827 2905 Referun-
