1942 3204
500 226 566 261 Ex
591 226 819 262 INCERTIS
844 225 1168 261 INCERTORVM
1193 224 1402 259 FABVLIS
1643 222 1726 265 237

923 349 987 394 IX

220 443 274 485 21
309 441 507 498 Hecuba,
539 441 621 484 hoc
654 441 772 485 dolet
802 441 937 497 pudet
967 441 1099 498 piget.

940 536 981 580 X

352 663 359 671 .
391 628 476 671 heu
507 628 591 671 heu
624 630 765 684 pater,
795 627 881 670 heli
913 626 1094 670 Hector!

928 723 993 766 XI

293 814 545 878 ‘Postquam
577 814 654 857 abs
686 817 748 870 te,
777 812 1082 871 'Agamemno‚
1121 816 1170 857 iit
1202 813 1395 856 uenirem
1426 813 1572 870 tetigit
1603 827 1728 855 aures

1262 892 1460 947 mintius,

307 969 551 1026 ‘Extemplo

917 1053 1004 1097 XII

217 1144 276 1188 25
850 1144 1068 1188 e6neitum
1099 1143 1229 1187 tetuli
1259 1144 1453 1201 gradum.

189 1276 259 1310 vll
288 1277 327 1310 1⁷
352 1277 401 1312 M.
433 1279 475 1309 ‘o
501 1278 659 1310 sancte
689 1300 698 1310 .
787 1276 983 1310 obtines.
1022 1274 1245 1310 Vmbilicum
1271 1275 1409 1309 dictum
1440 1275 1546 1308 aiunt
1577 1274 1623 1307 ab
1649 1284 1726 1307 um-

188 1322 304 1355 bilico
330 1325 468 1364 nostro,
494 1321 590 1365 quod
615 1322 648 1354 is
672 1320 815 1355 medius
841 1321 946 1356 locus
970 1322 1019 1355 sit
1035 1324 1236 1363 terrarum,
1260 1324 1301 1354 ut
1317 1320 1514 1354 umbilicus
1538 1320 1576 1353 in
1601 1319 1727 1353 nobis:

188 1367 302 1447 guod
308 1370 505 1411 utrumque
530 1370 589 1401 est
613 1366 758 1400 falsum.
764 1369 774 1387 ’
815 1367 976 1401 Duqum
1000 1367 1063 1400 uix
1088 1372 1145 1401 est
1170 1367 1258 1410 quin
1275 1367 1448 1400 Enniana
1473 1366 1567 1399 haec
1593 1366 1682 1398 sint.

225 1424 245 1446 e
270 1413 324 1446 eis
342 1423 436 1457 quae
453 1413 551 1456 apud
570 1412 772 1446 Varronem
791 1412 1018 1446 antecedunt.
1033 1413 1119 1446 uide
1135 1413 1203 1446 Th.
1222 1414 1487 1446 Mommsenum
1503 1421 1595 1444 mus.
1611 1411 1728 1444 Rhen.

188 1459 275 1493 XVI
299 1460 378 1492 285.
428 1458 534 1501 Quod
559 1457 646 1491 olim
669 1458 755 1491 inde
782 1458 1037 1502 decerpseram
1065 1459 1108 1491 fr.
1133 1459 1224 1492 VIII
1255 1459 1338 1491 ‘dei
1363 1458 1461 1501 quod
1486 1457 1634 1491 Tltanis
1658 1455 1730 1489 De·

187 1504 334 1537 liadae’
360 1514 457 1538 nunc
481 1505 637 1538 resecui.
708 1504 759 1536 lx
777 1504 1033 1545 Quintilianus
1049 1503 1102 1537 IX
1119 1506 1154 1546 3,
1171 1505 1214 1537 '17
1241 1503 1303 1536 ‘fit
1328 1505 1439 1537 etiam
1466 1502 1624 1546 singulis
1648 1512 1730 1534 uer-

189 1550 269 1583 bis’
295 1550 364 1591 (sc.
381 1543 708 1593 ὁμοιοτὲλευτον)ε
735 1549 939 1583 ‘Hecuba
962 1574 994 1584 ..
1009 1549 1199 1592 .;pudet
1225 1552 1280 1582 et:
1308 1549 1402 1582 abiit
1419 1549 1584 1582 excessit
1609 1548 1730 1590 erupit

189 1595 338 1629 euasit)
371 1595 548 1629 Fortasse
567 1594 801 1628 Cassandrae
826 1596 864 1628 in
889 1595 1000 1628 Ennii
1017 1595 1226 1628 Alexandro
1250 1595 1367 1629 uerba
1391 1598 1488 1629 sunt.
1520 1594 1576 1627 De
1592 1593 1730 1636 Langii

191 1651 254 1674 sus
281 1641 402 1674 ieione
428 1641 466 1673 in
490 1640 589 1673 uind.
615 1651 649 1684 p.
674 1641 718 1674 48
743 1640 890 1684 prolata
915 1640 1074 1674 disserui
1099 1641 1136 1673 iu
1162 1644 1310 1684 quaest.
1335 1650 1436 1675 scen.
1463 1651 1498 1683 p.
1522 1640 1589 1672 259
1614 1649 1668 1682 sq.

188 1652 442 1720 xgharisius
467 1687 550 1728 IIp
555 1687 656 1719 ,216
682 1686 722 1720 P.
755 1686 848 1719 ‘heu
881 1686 971 1728 hen,
1004 1689 1133 1730 pater’
1161 1696 1192 1721 e.
1219 1696 1253 1729 q.
1282 1696 1309 1720 s.
1357 1689 1401 1719 ‘a
1432 1685 1558 1719 dolore
1594 1685 1730 1717 mentis

189 1731 392 1767 adfectae)
430 1730 487 1765 Cf.
504 1731 681 1765 Naekius
705 1731 798 1766 Mun.
825 1731 942 1765 Rhen.
972 1733 1106 1775 1833p
1109 1732 1202 1766 ,486
1226 1731 1379 1775 (Opusc.
1399 1729 1526 1773 1350).
1567 1730 1620 1762 Ad
1639 1728 1730 1763 Cns-

189 1777 348 1811 sandrae
375 1778 562 1811 canticum
594 1777 689 1820 quod
720 1780 779 1810 est
809 1778 846 1810 in
872 1777 983 1810 Ennii
1007 1776 1217 1810 Alexandro
1242 1777 1372 1810 rettuli
1402 1778 1502 1810 inter
1526 1776 1569 1811 fr.
1596 1775 1666 1808 VII
1694 1779 1730 1807 ct

188 1823 290 1857 VIII.
384 1823 436 1856 XI
469 1822 598 1856 Cicero
629 1822 677 1855 ad
702 1822 778 1856 Att.
804 1822 895 1856 XIII
919 1823 976 1865 47,
1005 1825 1020 1855 l
1055 1822 1378 1865 ‘Posteaquam
1410 1823 1492 1856 abs
1523 1826 1583 1859 te,
1615 1821 1731 1864 Aga-

189 1878 379 1908 memno,
404 1878 477 1901 non
503 1871 550 1901 ut
573 1868 772 1901 uenirem
875 1867 940 1902 sed
963 1873 1006 1902 ut
1031 1868 1243 1910 scriberem,
1271 1868 1435 1912 tetigit
1460 1877 1594 1900 aures
1618 1876 1730 1899 nun·

191 1915 306 1956 tius,
333 1913 566 1957 extemplo
590 1913 764 1955 instituta
781 1914 905 1955 omisi3
931 1925 976 1948 ea
1001 1924 1095 1957 quae
1121 1914 1158 1946 in
1176 1914 1347 1946 manibus
1364 1912 1729 1954 habebam,1abieci;

191 1959 286 2007 quod
312 1960 495 2001 iusseras,
521 1959 696 1994 edolauie
739 1960 896 2000 (aures
927 1983 935 1992 .
956 1984 965 1993 .
995 1959 1216 1992 instituta
1245 1970 1314 1992 om.
1340 1957 1454 2000 Med)
1494 1957 1728 2001 'Pragoediae

190 2002 306 2039 uerba
337 1984 495 2048 agnouit}
518 2004 725 2039 Gulielmus
757 2008 917 2048 quaestt.
944 2005 1067 2038 Plaut.
1099 2015 1134 2048 p.
1162 2006 1226 2039 130
1252 2015 1304 2048 sq.
1353 2004 1409 2040 Cf.
1435 2005 1552 2036 Varro
1582 2004 1620 2036 in
1653 2003 1730 2046 opi-

189 2050 290 2084 stulu
314 2050 386 2084 Iuli
401 2049 575 2084 Caesaris
599 2050 699 2093 apud
717 2051 875 2084 Nonium
895 2061 929 2094 p.
948 2051 1027 2092 263,
1045 2052 1065 2084 3
1090 2050 1235 2104 (fragm.
1253 2050 1356 2083 Varr.
1375 2061 1420 2093 ⁴).
1439 2051 1506 2083 259
1524 2048 1580 2090 R)
1606 2052 1729 2091 ‘quem

191 2095 299 2130 simul
331 2106 374 2128 nc
405 2096 555 2130 Romam
586 2096 735 2130 uenisse
762 2096 851 2129 mihi
877 2097 1043 2140 attigit
1074 2097 1200 2129 auris
1232 2097 1435 2135 nuntius,
1473 2090 1728 2137 'Extemplo

191 2152 310 2175 meos
342 2142 386 2174 in
417 2141 692 2175 curriculum
722 2141 901 2176 contuli
937 2152 1129 2186 propero
1161 2141 1326 2185 pedes.’
1382 2142 1437 2174 Ex
1468 2141 1601 2184 quibus
1638 2140 1728 2172 haee

191 2191 356 2220 extrema
381 2197 476 2230 quae
501 2188 750 2232 septenarium
775 2187 1001 2221 trochaicum
1029 2187 1181 2231 explent
1204 2187 1240 2221 in
1263 2186 1456 2229 tragoedia
1480 2197 1515 2221 ιι.
1533 2187 1578 2218 23
1602 2189 1731 2219 secuta

193 2232 307 2266 fuisse
339 2236 447 2267 caute
485 2234 697 2276 suspicatur
725 2233 978 2267 Buechelerus
1008 2243 1100 2267 mus.
1131 2233 1246 2266 Rhen.
1279 2232 1364 2266 XIV
1394 2234 1471 2268 449.
1526 2232 1611 2274 Ipse
1642 2230 1728 2264 olim

192 2277 237 2314 fr,
263 2278 334 2312 XII
358 2277 405 2311 ad
434 2277 590 2313 eandem
620 2279 825 2312 orationem
857 2278 1092 2312 referendum
1125 2288 1206 2312 esse
1232 2279 1394 2319 conieci,
1425 2277 1490 2310 sed
1517 2277 1729 2310 Ciceronem

192 2326 294 2357 certe
332 2333 404 2356 non
441 2323 547 2367 plura
577 2334 686 2367 quam
717 2334 813 2367 quae
846 2324 884 2356 in
915 2327 1021 2357 textu
1058 2324 1163 2367 posui
1202 2327 1240 2356 et
1270 2323 1367 2366 quod
1398 2323 1607 2356 Ennianum
1639 2332 1728 2354 sane

191 2371 248 2402 est
272 2368 455 2402 edolaui
481 2368 542 2412 (cf.
570 2369 685 2403 Varro
710 2380 769 2412 ap.
794 2370 888 2405 Non
914 2380 950 2412 p.
974 2370 1060 2411 448,
1087 2370 1143 2412 17,
1169 2373 1239 2404 sat.
1265 2370 1308 2403 fr.
1396 2371 1460 2402 105
1486 2367 1543 2411 R.)
1570 2378 1593 2400 a
1618 2371 1730 2411 poeta

192 2417 399 2447 mutuatum
430 2423 512 2447 esse
545 2425 643 2448 nunc
673 2414 762 2447 mihi
794 2424 937 2458 quoque
969 2424 1183 2458 persuasum
1213 2418 1282 2448 est.
1361 2414 1496 2447 ontulit
1520 2412 1732 2446 Ladeuicus

192 2460 294 2494 anal.
319 2470 419 2495 scen.
445 2470 490 2512 p.
506 2461 547 2493 15
570 2470 613 2493 ex
605 2460 820 2513 Euripidis
842 2460 1040 2504 Iphigenia
1064 2470 1100 2492 ιι.
1122 2461 1208 2494 6:53:
1234 2451 1262 2494 ὦ
1287 2456 1401 2503 σέβας
1424 2455 1511 2514 ἐμοὶ
1540 2455 1730 2503 μέγιστον,

190 2499 433 2549 Ἀγαμέμνων
463 2499 580 2547 ἅναξ,
605 2498 797 2550 *Hminem
829 2501 1022 2550 ἐφετμαῖς
1043 2499 1113 2539 οὐκ
1139 2499 1370 2539 ἀπιστοῦσαι
1397 2501 1534 2539 σέθεν.
1660 2503 1708 2535 Xl
1717 2503 1732 2535 1

193 2550 383 2584 Charisius
407 2550 459 2583 IV
483 2561 517 2594 p.
542 2551 609 2584 248
628 2552 667 2585 P.
693 2551 947 2594 ‘prothesIs
972 2555 1047 2594 est,
1072 2561 1152 2584 cum
1177 2551 1316 2595 primae
1342 2551 1439 2595 parti
1465 2550 1641 2583 dictionis
1667 2552 1732 2581 aut

198 2596 326 2630 littera
351 2595 511 2630 adicitur
535 2600 600 2641 aut
623 2596 781 2640 syllaba.
821 2596 951 2630 littera
974 2622 984 2631 .
1004 2621 1013 2630 .
1033 2597 1227 2640 ,syllaba,
1254 2601 1312 2630 ut:
1339 2596 1524 2630 concitum
1550 2598 1576 2627 t.
1604 2605 1637 2637 g.
1667 2604 1731 2636 pro

309 2764 361 2803 22
393 2765 483 2803 heus
516 2771 576 2804 rer
606 2767 687 2804 cod.
721 2771 758 2804 et
788 2767 872 2804 edd.
979 2765 1032 2804 23
1064 2765 1220 2803 Placuit
1250 2765 1349 2802 haec
1374 2765 1611 2812 potissimum
1643 2772 1730 2799 uer-

195 2832 262 2859 sus
288 2822 419 2870 forma
438 2819 603 2871 'qualem
632 2825 672 2860 in
704 2824 833 2861 adnot.
867 2824 953 2861 olim
978 2833 1262 2871 proposueram
1284 2820 1496 2858 Meinelcr‘o:
1526 2824 1563 2855 el
1591 2819 1730 2856 abhor-

196 2889 287 2915 rere
323 2885 556 2928 posteaquam
596 2880 646 2918 ab
684 2882 913 2928 antiquitate
951 2882 1094 2917 monuit
1125 2879 1359 2916 Ritsclzezius
1397 2879 1530 2924 opusc
1566 2876 1610 2912 ΙῙ
1634 2875 1728 2912 271.

198 2941 431 2984 posteaquam
463 2935 524 2978 abs
557 2936 640 2985 ted,
673 2938 914 2986 Agamean
948 2937 1068 2984 letigit
1100 2948 1130 2971 a.
1165 2947 1198 2971 n.
1233 2934 1442 2971 Gulielmus
