1942 3204
242 174 303 210 LX
827 174 1177 213 COROLLARIVM
1199 181 1203 184 '

241 283 390 326 Subito
423 298 579 339 pavore
610 298 852 339 percussus,
885 283 957 326 sed
988 283 1328 339 indignationem
1361 285 1566 329 simulans
1598 285 1759 342 erigere

241 357 369 409 caput
399 370 494 397 cum
527 355 677 398 altiore
710 370 811 398 voce
844 354 1008 398 Stalino
1040 355 1255 411 putandus
1287 358 1362 398 est.

357 437 409 480 V.
429 438 527 480 472.
564 437 679 480 Raro
700 438 812 493 apud
838 437 1012 481 Festum
1033 440 1122 481 tam
1142 438 1336 481 mutilam
1361 440 1633 495 sententiam,
1653 455 1759 496 quae

239 524 327 550 non
363 508 486 551 facile
524 523 599 565 per
637 524 680 551 se
712 509 948 565 expleatur,
991 510 1166 565 reperiri
1204 524 1349 552 verum
1387 512 1469 564 est,
1507 510 1579 552 sed
1614 513 1759 553 tamen

242 594 329 622 non
373 579 527 622 desunt
564 580 738 622 omnino
777 581 1004 636 exempla:
1031 581 1082 622 ef.
1120 580 1293 622 Pacuvii
1331 596 1368 622 v.
1406 581 1493 623 344
1535 577 1666 624 Ennii
1703 583 1758 626 97

241 651 324 693 287
364 649 473 692 Livii
511 650 579 692 34.
647 650 764 706 Ergo
809 651 911 706 quin
953 643 1126 694 uerbena
1170 654 1281 694 recte
1325 652 1545 694 inventum
1582 652 1638 695 sit
1673 667 1762 696 non

242 721 542 776 dubitaverim,
573 721 657 764 nisi
677 722 755 776 cui·
770 722 879 764 forte
905 722 1196 777 probabiliora
1215 737 1266 764 ex
1286 721 1506 765 Ursiniani
1526 710 1762 779 apographi

240 792 431 847 apicibus
470 807 615 834 eruere
653 793 882 849 contigerit
925 807 1052 848 quam
1096 808 1203 848 quae
1241 808 1266 835 a
1302 792 1559 837 Buechelero
1596 795 1764 849 prolata

241 864 341 904 sunt
367 863 563 906 medicari
587 864 653 905 vel
677 877 821 906 morare
847 865 1010 916 taeniis,
1043 864 1196 919 quibus
1230 879 1318 907 non
1349 865 1499 907 melius
1530 866 1667 908 uelare
1697 866 1762 907 vel

241 934 377 987 lz'yare.
417 933 558 989 Atque
584 935 678 989 ipsa
704 935 917 977 sententia
942 935 1150 978 cothurno
1171 934 1289 978 Accii
1314 950 1465 990 parum
1492 936 1622 992 digna
1640 936 1761 979 foret.
1842 944 1848 949 “

357 1015 409 1058 V.
436 1006 551 1059 473.¹
574 1015 802 1072 Scripturis
828 1018 1034 1060 librorum
1059 1018 1323 1072 optolempota
1347 1017 1431 1074 (vel
1458 1018 1760 1074 optolcmptata)

236 1091 282 1129 ut
298 1088 388 1130 dixi
407 1088 508 1143 quid
529 1088 739 1130 indicetur
763 1103 815 1131 ne
836 1088 1119 1131 Buechelerus
1151 1089 1320 1144 quidem
1346 1090 1511 1132 videtur
1537 1090 1760 1132 adsecutus

237 1172 347 1213 esse,
391 1158 510 1204 cuius
552 1162 838 1202 commentum
880 1163 1030 1214 tempta
1070 1164 1117 1202 ut
1157 1160 1247 1202 dixi
1288 1161 1431 1203 nescio
1476 1161 1575 1216 quid
1618 1161 1760 1216 frigidi

238 1229 379 1271 habet.
441 1229 548 1272 Mihi
580 1231 783 1285 placeret,
821 1230 858 1273 si
896 1231 968 1287 qui
999 1229 1282 1287 Neoptolemo
1314 1231 1447 1288 patris
1481 1247 1599 1275 arma
1629 1231 1759 1274 tradi-

237 1300 299 1342 dit
330 1301 389 1343 sic
420 1301 506 1343 fere
539 1316 635 1344 eum
667 1301 889 1344 adlocutus
922 1304 1051 1345 essct:

1075 1373 1284 1429 [praemia
1315 1373 1474 1429 accipe]

325 1443 474 1498 parta
505 1443 647 1486 Ulixi
675 1460 683 1486 :
711 1444 848 1488 macte
879 1444 946 1488 his
979 1444 1127 1501 armis,
1159 1444 1295 1489 macte
1327 1444 1504 1488 uirtutes
1532 1445 1664 1502 patris

235 1514 301 1555 vel
333 1514 437 1557 adeo

1250 1589 1474 1645 [praemia]

519 1661 669 1715 porta
699 1658 839 1703 Ulixi
867 1675 876 1701 :
902 1662 1039 1702 macte
1070 1674 1101 1701 e.
1131 1674 1167 1714 q.
1198 1673 1229 1702 s.

352 1740 403 1783 V.
435 1741 532 1784 475.
594 1741 657 1784 Cf.
689 1741 830 1784 Plauti
863 1741 1004 1785 Oasin.
1037 1742 1123 1784 384
1155 1742 1290 1784 ‘satin
1321 1742 1446 1785 astu?
1477 1742 1498 1787 [Γ
1529 1743 1682 1785 docte.’

352 1823 403 1866 V.
435 1824 522 1867 482
554 1825 600 1867 in
631 1824 745 1869 Leid.
781 1826 863 1869 116
895 1825 1051 1883 legitur
1077 1841 1086 1869 ε
1112 1825 1224 1869 nicta
1254 1826 1400 1881 eyressi
1436 1825 1597 1868 adassis
1626 1825 1684 1867 ad
1712 1826 1757 1868 id

234 1894 375 1939 cladi?

353 1979 405 2021 V.
425 1980 512 2023 495
532 1981 578 2023 in
597 1983 785 2023 extremo
812 1982 854 2023 et
881 1979 993 2035 quod
1012 1979 1296 2023 Buechelerus
1316 1979 1568 2035 expectabat
1591 1979 1755 2022 diuidas

239 2051 302 2092 vel
339 2051 508 2104 diffidas
544 2054 587 2094 et
623 2051 863 2107 flagitatum
901 2066 925 2094 a
961 2050 1222 2107 Kiesslingio
1261 2050 1360 2094 ferri
1398 2050 1635 2106 epitheton,
1672 2065 1755 2106 quo

235 2122 417 2164 vomeris
455 2122 592 2165 forma
630 2123 909 2177 describatur,
946 2123 1073 2164 inane
1112 2124 1154 2164 et
1192 2122 1375 2164 alienum
1415 2122 1469 2163 ab
1506 2121 1630 2164 huius
1671 2122 1753 2163 loci

235 2193 412 2235 consilio
446 2197 743 2236 ornamentum
775 2194 970 2236 adferret.
1008 2191 1212 2249 Spectant
1239 2195 1379 2235 cetera
1410 2193 1553 2236 omnia
1584 2192 1636 2234 ad
1667 2207 1754 2234 ma-

235 2264 365 2306 tutini
407 2266 612 2322 temporis
657 2265 1029 2321 significationem,
1073 2278 1180 2320 quae
1221 2262 1416 2320 augetur,
1459 2263 1495 2306 si
1535 2264 1755 2316 fumidae

239 2336 394 2378 nebula
425 2338 467 2379 et
497 2351 644 2379 umore
681 2339 817 2379 terras
853 2336 1035 2392 legimus
1061 2351 1070 2377 :
1096 2349 1197 2379 nam
1233 2335 1402 2378 fumant
1432 2350 1555 2378 mane
1586 2349 1754 2378 vomere

235 2407 471 2461 proscissae
515 2408 675 2463 glebae.
749 2406 927 2450 Accedit
966 2405 1294 2460 adlitterationis
1336 2408 1378 2449 et
1418 2406 1462 2449 in
1506 2405 1753 2462 corrigendo

236 2478 426 2520 lenitatis
458 2478 603 2520 virtus.

352 2561 403 2604 V.
424 2561 509 2604 526
530 2575 631 2603 rara
655 2562 781 2604 litora
806 2562 1007 2617 intellego
1032 2561 1146 2603 nuda
1173 2564 1215 2603 et
1241 2575 1417 2616 scrupea
1437 2576 1446 2602 :
1466 2574 1567 2602 nam
1586 2562 1752 2602 eontra—

234 2633 344 2675 rium
376 2635 441 2676 est
472 2633 686 2675 ‘densum'
726 2632 844 2674 molli
881 2623 1044 2675 harena
1072 2631 1173 2674 litus
1206 2631 1346 2673 Ovidii
1376 2633 1546 2673 metam.
1578 2630 1622 2672 II
1653 2630 1750 2673 576.

236 2703 330 2746 Nisi
368 2704 477 2745 forte
516 2703 623 2745 raris
659 2703 782 2746 tectis
820 2703 1031 2757 habitata,
1068 2702 1353 2758 infrequentia
1396 2704 1439 2743 et
1482 2701 1647 2743 deserta
1684 2700 1752 2755 (cf.

234 2776 283 2815 fr.
321 2773 448 2829 XIII)
492 2774 698 2830 praefers,
741 2776 789 2820 ut
832 2773 1010 2816 ‘rariore
1049 2773 1158 2816 acie'
1203 2773 1248 2814 in
1285 2771 1421 2814 Taciti
1458 2772 1555 2814 hist.
1593 2771 1658 2813 III
1697 2772 1753 2814 25

234 2846 407 2901 legitur,
434 2859 690 2903 quamquam
717 2844 828 2905 quod
853 2845 979 2900 plane
1000 2845 1103 2893 satis
1129 2844 1258 2891 faeiat
1277 2844 1515 2898 exemplum
1535 2858 1623 2885 non
1642 2843 1752 2885 novi.
